1872 3267
409 245 493 287 442
829 256 862 288 s.
898 258 1129 290 AUGUSTINI
1159 261 1341 289 Ertscom

409 325 496 369 turi
517 323 622 369 facti
635 359 647 381 ,
667 339 801 386 quem
821 325 894 370 ille
915 327 1164 388 requirebat
1178 363 1189 381 ‚
1214 325 1356 371 dicere
1377 325 1568 371 noluerit
1582 361 1592 378 ,
1613 327 1688 372 sed
1709 342 1789 387 po-

406 396 492 441 tius
513 411 644 456 opere
655 397 748 456 ipso
765 412 888 441 suam
899 400 1139 458 potentiam
1153 399 1464 443 demonstrare.
1481 401 1656 443 Poterat
1672 399 1789 444 enim

406 477 450 512 et
471 467 619 513 Mariae
641 466 825 513 dicenti:
854 488 874 512 «
899 469 1130 522 Quomodo
1151 471 1227 514 fiet
1249 469 1366 514 istud
1381 506 1392 528 ,
1417 469 1626 529 quoniam
1646 470 1790 514 virum

410 559 428 581 »
462 554 553 585 non
570 554 784 598 cognosco
799 541 828 595 ¹,
853 558 872 580 »
900 555 923 583 a
945 540 1310 585 calumniantibus
1331 541 1486 601 objici,
1507 539 1627 601 quod
1646 541 1789 586 minus

404 607 656 665 crediderit,
683 625 784 654 cum
815 610 889 654 illa
917 611 1100 655 modum
1128 611 1402 672 quaesiverit,
1433 627 1524 655 non
1552 611 1607 655 de
1627 611 1789 656 virtute

403 680 482 724 Dei
504 679 783 724 dubitaverit.
808 681 937 734 Quod
959 689 1104 725 autem
1126 697 1382 742 responsum
1403 690 1467 726 est
1495 680 1583 725 illi:
1613 699 1633 723 «
1656 681 1790 741 Spiri-

408 769 428 793 ³)
463 759 534 794 tus
552 759 724 795 sanctus
742 752 1016 811 superveniet
1033 767 1161 812 super
1182 761 1245 808 te,
1270 761 1314 796 et
1328 752 1465 797 virtus
1480 750 1687 796 Altissimi
1708 752 1789 796 ob-

407 839 429 863 »
463 820 686 866 umbrabit
703 830 746 865 te
759 825 793 877 2,
813 839 833 863 »
856 831 1026 882 poterat
1042 832 1085 867 et
1102 823 1161 867 sic
1178 822 1429 883 responderi
1445 823 1666 883 quomodo
1687 822 1785 868 hic:

407 909 427 934 «
460 892 687 952 Numquid
711 892 888 952 Spiritui
910 902 1059 938 sancto
1090 893 1355 953 impossibile
1376 902 1461 949 est,
1487 894 1562 954 qui
1584 908 1789 953 superve-

407 980 427 1003 »
462 962 553 1006 niet
582 962 721 1006 inte?
759 983 776 1004 »
817 978 866 1007 ac
903 963 962 1008 sic
993 962 1110 1008 idem
1140 963 1230 1023 ipse
1263 979 1411 1008 sensus
1443 972 1783 1008 conservaretur.
1841 972 1844 977 '

403 1035 539 1077 Porro
557 1041 704 1077 autem
727 1031 829 1078 talia
851 1034 1053 1095 quaedam
1085 1033 1232 1079 dicens
1255 1035 1479 1079 Zacharias
1494 1036 1527 1090 3,
1553 1032 1788 1078 increduli-

401 1103 500 1148 tatis
522 1105 735 1163 arguitur,
766 1112 810 1149 ct
829 1105 946 1149 vocis
980 1120 1193 1165 oppressae
1215 1120 1346 1164 poena
1374 1104 1592 1165 plectitur.
1618 1107 1788 1158 Quare?

399 1173 488 1219 Nisi
519 1174 621 1234 quia
643 1177 757 1218 Deus
784 1190 875 1219 non
901 1174 956 1219 de
984 1175 1150 1231 verbis,
1183 1174 1260 1220 sed
1289 1174 1344 1219 de
1367 1174 1572 1220 cordibus
1597 1173 1779 1235 judicat.
1830 1189 1847 1222 ξ’

399 1243 606 1305 Alioquin
628 1253 671 1289 et
693 1244 748 1289 ad
768 1244 886 1290 illam
908 1254 1075 1305 petram
1091 1281 1102 1301 ‚
1122 1245 1242 1290 unde
1259 1262 1368 1306 aqua
1398 1245 1630 1305 profluxit,
1656 1254 1782 1305 pote-

394 1324 492 1359 rant
514 1315 703 1359 excusari
724 1315 857 1360 verba
878 1316 1045 1373 Moysi,
1070 1317 1151 1360 nisi
1168 1317 1213 1360 in
1236 1331 1336 1360 eum
1366 1315 1482 1361 clara
1509 1325 1619 1360 esset
1639 1315 1783 1360 divina
1828 1367 1850 1381 ι,

395 1386 629 1441 sententia,
662 1385 783 1446 quod
811 1385 1052 1430 diffidendo
1086 1387 1187 1431 talia
1220 1386 1389 1431 dixerit.
1428 1389 1538 1432 Nam
1574 1387 1633 1430 ita
1660 1402 1704 1430 se
1735 1402 1784 1430 ea

397 1457 528 1502 verba
550 1457 715 1501 habent
736 1476 745 1501 t
775 1476 795 1500 «
816 1456 976 1501 Audite
992 1473 1061 1501 me
1077 1457 1291 1502 increduli
1313 1477 1321 1502 :
1346 1455 1572 1517 Numquid
1593 1457 1648 1500 de
1663 1466 1783 1516 petra

401 1547 420 1570 »
455 1529 536 1573 ista
566 1528 802 1573 educemus
828 1529 949 1573 vobis
978 1531 1162 1590 aquam?
1182 1548 1201 1570 »
1235 1528 1401 1573 Deinde
1428 1528 1653 1588 sequitur:
1684 1547 1703 1570 «
1727 1531 1784 1573 Et
1825 1552 1828 1560 ·
1865 1583 1869 1596 Δ

401 1618 420 1641 »
456 1598 621 1644 elevata
644 1601 815 1657 Moyses
835 1615 970 1644 manu
992 1616 1067 1644 sua
1090 1600 1300 1659 percussit
1315 1608 1483 1659 petram
1505 1599 1622 1657 virga
1640 1598 1721 1654 his,
1741 1608 1784 1644 et
1824 1616 1827 1636 ι
1865 1598 1872 1610 “’

401 1689 420 1711 »
457 1669 561 1714 exiit
582 1685 693 1730 aqua
711 1669 866 1725 multa,
884 1680 927 1715 et
949 1671 1062 1714 bibit
1083 1685 1301 1729 synagoga
1316 1679 1358 1714 et
1375 1685 1529 1730 pecora
1547 1670 1739 1714 corum⁴.
1759 1688 1779 1711 »
1823 1672 1826 1728 f
1864 1659 1870 1722 ’ς

401 1740 559 1801 Utique
581 1740 736 1785 adhoc
759 1741 1033 1799 congregavit
1054 1741 1292 1801 populum,
1315 1740 1369 1784 ad
1386 1741 1468 1784 hoc
1486 1739 1604 1784 illam
1618 1740 1783 1799 virgam
1823 1729 1829 1777 ‘1

395 1812 442 1855 in
454 1826 540 1872 qua
555 1820 673 1855 tanta
688 1811 893 1856 miracula
905 1812 1065 1856 fecerat
1076 1811 1272 1871 sumpsit,
1285 1825 1421 1870 eaque
1434 1819 1600 1869 petram
1612 1826 1786 1870 percus·
1837 1830 1841 1851 ;

397 1883 466 1937 sit,
485 1891 615 1942 atque
627 1882 730 1926 inde
742 1881 878 1926 solitae
889 1882 1057 1927 virtutis
1075 1891 1139 1926 est
1156 1891 1413 1926 consecutus
1429 1881 1625 1925 effectus.
1639 1881 1780 1927 Verba

396 1968 499 2012 ergo
513 1952 768 2012 illa,quibus
778 1953 836 1996 ait
849 1971 857 1996 :
868 1952 1115 2013 «Numquid
1128 1968 1178 1996 ex
1192 1953 1271 1996 hac
1282 1960 1403 2012 petra
1417 1950 1651 1995 educemus
1662 1952 1782 1996 vobis
1838 1953 1847 1994 τ’
1864 1943 1872 1978 ³¹

401 2043 421 2065 »
458 2038 666 2084 aquam,»
684 2032 859 2082 possent
871 2023 928 2067 sic
941 2024 1316 2084 accipi‚tanquam
1335 2022 1566 2078 diceretur,
1583 2025 1782 2082 «Nempe
1819 2027 1822 2054 ὖ

397 2109 450 2139 ex
462 2095 543 2138 hac
561 2103 681 2154 petra
704 2094 945 2138 secundum
959 2104 1143 2138 vestram
1162 2093 1511 2139 incredulitatem
1527 2109 1637 2153 aqua
1655 2092 1782 2138 educi
1842 2119 1843 2122 =

398 2181 487 2210 non
504 2174 667 2226 potest:
687 2173 770 2209 »ut
785 2163 972 2225 denique
986 2164 1269 2225 percutiendo
1292 2163 1591 2209 ostenderetur
1607 2164 1700 2208 fieri
1718 2161 1782 2208 di·
1817 2214 1819 2225 ⁴

399 2236 558 2282 vinitus
578 2235 772 2296 potuisse·
790 2235 910 2295 quod
932 2234 994 2279 illi
1017 2235 1272 2280 infidelitate
1298 2251 1388 2279 non
1410 2234 1637 2279 crederent
1653 2270 1664 2290 ,
1688 2250 1781 2278 ma·
1816 2235 1818 2271 ῗ

398 2308 511 2351 xime
536 2307 637 2368 quia
666 2305 859 2350 dixerat:
891 2325 910 2348 «
931 2305 1091 2350 Audite
1112 2322 1181 2350 me
1203 2304 1430 2350 increduli.
1460 2322 1480 2346 υ
1508 2307 1572 2348 Ita
1603 2303 1779 2364 quidem
1815 2313 1817 2332 ¹
1849 2341 1867 2381 ,η

399 2377 580 2437 intelligi
604 2385 778 2437 possent
798 2377 891 2420 haec
913 2377 1058 2431 verba,
1083 2376 1162 2420 nisi
1180 2380 1291 2420 Deus
1309 2375 1384 2436 qui
1402 2373 1541 2419 cordis
1564 2375 1780 2435 inspector

397 2457 476 2501 cst,
493 2463 581 2508 quo
597 2448 740 2491 animo
756 2445 870 2490 dicta
881 2445 1275 2490 lucrintindicaret.
1295 2444 1498 2505 Sequitur
1510 2445 1625 2488 enim
1643 2445 1779 2504 Scrip-
1812 2483 1814 2504 ;
1848 2443 1851 2450 “
1869 2440 1871 2450 ’

399 2527 496 2562 tura
518 2527 561 2561 et
582 2518 707 2562 dicit:
738 2537 758 2560 «
781 2520 838 2561 Et
865 2517 970 2560 dixit
993 2518 1201 2560 Dominus
1235 2516 1289 2559 ad
1320 2518 1502 2572 Moysen
1533 2524 1575 2558 ct
1598 2518 1739 2558 Aaron
1765 2534 1773 2558 :

448 2610 453 2624 ¹
479 2604 553 2633 linc.
576 2615 600 2642 ι,
621 2602 674 2644 34.
691 2620 731 2624 ——
752 2602 933 2634 211ιίι1,35.
954 2619 994 2623 ——
1015 2600 1027 2621 5<
1051 2602 1129 2632 ibid.
1155 2601 1203 2631 13.
1226 2618 1266 2622 »-
1285 2598 1298 2628 -i
1323 2601 1414 2630 Num.
1436 2610 1487 2639 xx,
1512 2610 1563 2639 ro,
1590 2611 1638 2629 ιι.

1834 760 1838 822 Ι
