1872 3267
373 196 637 238 Quam-roms
670 199 713 226 m
746 196 957 236 GENESnw,
994 199 1060 225 Lm
1093 198 1124 225 ι.
1371 183 1451 224 133

69 279 140 314 tur
177 268 379 313 seniores.
418 265 542 312 Unde
573 266 606 310 si
641 280 740 310 vera
773 274 875 309 sunt
908 281 1008 326 quae
1044 281 1066 309 a
1096 261 1319 308 nonnullis
1358 277 1452 306 mc-

20 336 24 340 ’
67 339 174 384 dicis
191 347 459 393 asseruntur,
485 336 694 398 quoniam
715 337 857 381 senior
872 337 938 381 vir
955 351 1056 381 cum
1078 333 1260 379 muliere
1283 333 1454 378 seniore

67 409 178 455 filios
198 409 339 454 facere
362 424 449 454 non
467 417 623 468 potest,
651 407 818 451 etiamsi
846 408 991 451 adhuc
1012 405 1205 450 foeminae
1221 404 1453 449 muliebria

66 482 264 535 veniant,
289 478 529 524 secundum
554 479 637 523 hoc
668 477 929 523 admiratum
954 477 1171 523 Abraham
1197 475 1252 520 de
1270 475 1455 535 promis-

66 553 186 597 sione
218 551 338 606 fllii1,
371 561 413 596 et
448 549 705 594 miraculum
731 551 920 609 posuisse
942 547 1223 609 Apostolum,
1261 547 1455 606 accipere

0 614 2 621 ’
65 637 297 684 possumus
315 658 325 678 ,
350 622 428 666 ubi
451 620 557 666 dixit
580 631 828 666 emortuum
853 636 1009 680 corpus
1035 619 1264 664 Abrahae‘2.
1292 621 1454 662 Emor-

0 699 2 702 ’
66 703 190 738 tuum
209 693 372 754 quippe
390 708 546 753 corpus
570 708 658 740 non
676 694 733 736 ita
756 691 1093 751 intelligendum
1120 698 1206 744 est,
1234 704 1282 733 ac
1303 689 1336 732 si
1359 704 1457 733 om·-

66 766 170 809 nino
188 764 354 808 nullam
376 765 464 808 vim
488 762 721 823 generandi
740 763 901 807 habere
923 771 1088 822 posset,
1108 761 1141 804 si
1163 760 1458 820 mulierjuve-

68 835 164 879 nilis
186 836 322 879 fetatis
344 844 452 879 esset
474 855 482 880 :
509 833 582 879 sed
606 834 847 879 secundum
872 834 956 878 hoc
984 831 1456 886 emortuum,utctiam

0 939 1 942 ,
65 906 119 950 de
147 907 424 966 provectioris
446 906 582 950 {etatis
614 905 795 949 muliere
839 920 926 949 non
956 913 1113 964 posset.
1141 905 1251 947 Nam
1282 901 1380 947 ideo
1403 903 1458 946 de

64 977 257 1022 Cethura
279 977 450 1037 potuit,
476 977 577 1037 quia
599 986 641 1020 et
653 974 857 1037 juvenilis
873 974 991 1018 illam
1011 974 1179 1018 invenit
1201 973 1355 1018 aetatis.
1389 975 1458 1018 Sic

0 1099 2 1103 ‚
64 1047 176 1091 enim
193 1047 348 1091 medici
367 1046 561 1102 tradunt,
584 1047 791 1107 quoniam
810 1046 934 1105 cujus
952 1060 1111 1105 corpus
1125 1043 1203 1088 viri
1216 1043 1457 1088 secundum

0 1137 2 1164 t
64 1118 147 1162 hoc
164 1119 252 1178 jam
276 1117 452 1172 defecit,
469 1127 519 1161 ut
536 1133 635 1162 cum
651 1116 830 1160 foemina
851 1115 1130 1175 provectioris
1146 1115 1284 1158 fetatis
1298 1130 1457 1175 quam-

63 1190 126 1234 vis
147 1198 367 1234 menstrua
392 1190 535 1233 adhuc
558 1189 765 1248 patiatur,
793 1203 997 1246 generare
1024 1202 1113 1231 non
1138 1186 1286 1247 possit,
1312 1185 1367 1230 de
1380 1187 1455 1247 ju-

63 1259 246 1305 vencula
268 1269 424 1319 potest.
452 1263 507 1303 Et
530 1274 675 1302 rursus
699 1257 869 1311 mulier,
892 1274 991 1319 quse
1008 1259 1095 1318 jam
1112 1267 1330 1318 provectae
1350 1266 1458 1311 aetzt-

64 1330 117 1375 tis
153 1339 240 1386 est,
276 1330 473 1391 quamvis
505 1328 650 1374 adhuc
679 1338 900 1374 menstrua
933 1330 1094 1384 fluant,
1125 1339 1175 1373 ut
1202 1327 1257 1372 de
1290 1328 1459 1373 seniore

62 1417 212 1462 parere
252 1417 341 1447 non
385 1402 541 1462 possit,
572 1400 642 1445 de
654 1401 814 1461 juvene
847 1410 1005 1460 potest.
1042 1399 1159 1444 Illud
1191 1400 1338 1461 itaque
1360 1399 1459 1445 ideo

2 1508 3 1511 η
62 1474 321 1518 miraculum
344 1473 445 1528 fuit,
470 1474 572 1534 quia
596 1472 839 1517 secundum
861 1471 907 1517 id
927 1471 1048 1533 quod
1073 1471 1259 1517 diximus
1277 1508 1287 1528 ,
1313 1489 1459 1517 emor-

64 1554 142 1589 tuo
165 1560 345 1604 corpore
366 1545 461 1599 viri,
489 1544 669 1588 foemina
685 1559 863 1604 quoque
881 1552 1098 1603 provectae
1121 1543 1258 1588 fetatis
1276 1542 1359 1588 suit
1374 1579 1384 1598 ,
1410 1553 1461 1589 ut

61 1617 99 1661 ei
117 1616 379 1661 destitissent
401 1616 493 1660 fieri
516 1614 762 1659 muliebria.
789 1617 899 1659 Nam
917 1615 951 1661 si
973 1614 1095 1675 quod
1117 1615 1177 1659 ait
1198 1614 1456 1675 Apostolus,

46 1701 220 1748 'corpus
250 1696 497 1731 emortuum
515 1722 525 1742 ,
559 1686 694 1730 verbo
716 1686 812 1746 quis
839 1695 1023 1746 premat,
1050 1686 1151 1747 quia
1174 1685 1282 1731 dixit
1313 1702 1459 1731 emor-

66 1768 191 1804 tuum
215 1779 223 1804 :
238 1760 328 1819 jam
344 1774 445 1816 ergo
467 1774 547 1802 nec
566 1758 754 1802 animam
782 1758 1000 1812 habuisse,
1023 1757 1097 1802 scd
1120 1757 1306 1802 cadaver
1328 1758 1460 1803 fuisse

66 1829 247 1889 intelligi
280 1829 428 1884 debet,
468 1828 588 1890 quod
611 1828 931 1873 absurdissimae
956 1829 1152 1876 falsitatis
1175 1840 1253 1875 est.
1279 1832 1346 1876 Sic
1374 1833 1458 1875 ita-

15 1945 17 1949 .
65 1918 150 1964 que
178 1901 358 1947 solvitur
390 1903 469 1947 ista
497 1903 695 1963 quaestio.
729 1902 938 1962 Alioquin
973 1902 1127 1947 merito
1152 1911 1321 1958 movet,
1343 1919 1458 1963 quo-

65 1971 197 2018 modo
220 1989 321 2018 cum
344 1981 453 2017 esset
471 1973 692 2017 Abrabam
711 1988 848 2033 prope
861 1973 1017 2017 mediae
1038 1973 1191 2028 vetatis,
1214 1972 1455 2018 secundum

65 2060 198 2105 quam
218 2045 417 2089 homines
441 2054 546 2089 tunc
576 2044 798 2099 vivebant,
820 2054 863 2088 et
886 2054 1034 2104 postea
1056 2044 1166 2089 filios
1189 2043 1244 2088 de
1263 2045 1456 2091 Cethura
1511 2088 1515 2089 ⁷

67 2113 230 2171 fecerit,
255 2114 427 2160 dicatur
448 2115 503 2159 ab
528 2114 754 2175 ApostolQ
777 2130 960 2176 corpore
977 2125 1194 2173 emortuo,
1215 2125 1257 2161 et
1271 2132 1350 2177 pro
1368 2117 1455 2161 mi-

66 2184 227 2241 raculo,
252 2185 353 2246 quia
372 2186 543 2244 genuit,
564 2185 861 2246 praedicetur?

111 2288 120 2304 ¹
137 2284 215 2315 Gen.
230 2293 310 2324 xvn,
333 2294 384 2325 ¹3¹·
404 2299 447 2308 -ο
465 2289 480 2306 ²
499 2285 590 2315 Rom.
610 2294 656 2324 iv,
675 2294 725 2325 19·
