1872 3267
244 214 509 249 QnAEsTmNsss
544 213 587 238 1N
621 209 1029 246 DECTERONOMlUM,
1065 209 1147 234 ΠΒ.
1185 208 1226 234 ν.
1344 194 1427 233 519

41 281 124 328 vita
155 279 385 338 emigraret
416 298 425 323 :
452 287 496 322 et
520 278 603 322 hoc
619 275 802 336 jubetur
826 289 876 318 ex
905 275 995 335 ejus
1022 287 1157 318 uxore
1182 270 1316 316 frater
1336 271 1428 332 ejus

42 349 234 410 implere,
254 351 374 410 quod
392 348 465 393 ille
486 364 574 393 non
597 346 757 407 potuit.
781 347 891 391 Nam
910 345 987 389 etsi
1005 342 1138 388 frater
1153 358 1244 388 non
1260 341 1428 397 fuisset,

42 430 86 467 et
103 421 373 481 propinquus
395 419 587 464 ducebat
607 433 787 462 uxorem
802 418 911 478 ejus,
926 415 1002 477 qui
1016 416 1106 460 sine
1120 413 1217 459 filiis
1233 422 1433 459 mortuus

43 501 149 538 esset
165 528 176 547 ‚
202 491 258 536 ad
278 489 576 535 suscitandum
603 503 752 534 semen
775 486 895 532 fratri
923 503 1028 532 suo:
1055 486 1167 532 sicut
1188 483 1292 531 feeit
1317 487 1435 530 Booz

44 562 244 609 ducendo
267 563 386 606 Ruth
404 563 434 617 1,
455 572 502 605 ut
523 576 669 605 semen
692 560 898 604 excitaret
919 557 1167 619 propinquo
1189 573 1283 612 suo,
1308 557 1432 619 cujus

44 633 183 681 fuerat
195 632 267 677 illa
290 648 413 687 uxor,
438 648 518 676 nee
536 630 591 675 de
612 630 688 675 illo
710 638 950 690 pepererat,
967 638 1008 673 et
1029 637 1174 673 tamen
1194 627 1270 688 qui
1288 627 1342 670 de
1358 625 1434 671 illa

44 715 168 751 natus
202 713 286 759 est,
320 719 373 748 ex
402 703 578 747 nomine
610 701 788 762 quidem
820 699 1018 745 defuncti
1051 699 1312 744 constitutus
1342 706 1432 752 est,

45 775 145 837 quia
166 774 280 819 filius
303 775 393 835 ejus
415 783 478 818 est
495 773 636 818 dietus
654 809 664 828 ‚
693 781 824 833 atque
845 772 903 816 ita
929 770 1093 816 factum
1116 779 1180 814 est
1201 779 1252 814 ut
1273 784 1436 814 nomen

45 845 242 892 defuncti
259 861 349 890 nou
367 844 587 889 deleretur
615 860 666 888 ex
687 843 818 888 Israel
832 879 842 899 ‚
868 859 950 887 nec
971 852 1118 887 tamen
1141 843 1234 903 ejus
1260 841 1437 887 nomine

46 917 286 978 appellatus
308 926 386 961 est.

106 991 164 1033 II.
189 991 298 1042 Quae
320 1004 422 1032 cum
443 987 503 1031 ita
525 987 633 1042 sint,
654 985 949 1030 abundantius
972 985 1147 1029 duobus
1167 981 1308 1029 modis
1329 981 1438 1028 solvi

47 1069 187 1121 potest
210 1059 456 1118 evangeliea
475 1058 682 1119 quaestio,
707 1068 759 1102 ut
785 1073 900 1102 unus
922 1072 1096 1112 eorum,
1117 1071 1227 1117 quos
1249 1055 1440 1100 diversos

47 1140 388 1177 commemorant
407 1130 641 1175 Matthaeus
663 1136 706 1173 et
727 1132 907 1183 Lucas2,
933 1128 993 1172 ita
1011 1127 1144 1172 fuerit
1165 1126 1440 1188 propinquus

50 1202 169 1248 alteri
201 1201 256 1245 ad
282 1201 529 1246 ducendam
555 1202 647 1260 ejus
670 1215 850 1244 uxorem
867 1235 877 1254 ‚
904 1209 954 1243 ut
977 1198 1081 1243 alios
1115 1198 1245 1242 etiam
1270 1213 1441 1242 sursum

49 1287 193 1319 versus
215 1280 417 1331 parentes
438 1281 572 1331 atque
594 1272 777 1330 majores
803 1271 882 1314 iste
899 1306 914 1325 ,
944 1268 1048 1314 alios
1079 1268 1152 1312 ille
1173 1269 1336 1312 habere
1358 1284 1440 1328 po-

50 1344 194 1388 tuerit.
233 1345 343 1387 Nam
364 1342 397 1386 si
431 1341 616 1385 fratrum
647 1341 726 1385 filii
755 1340 963 1395 fuissent,
1008 1356 1148 1384 unum
1181 1340 1440 1384 habuissent

14 1432 17 1437 ·
51 1429 195 1469 avum,
218 1412 338 1474 quod
362 1428 453 1456 non
474 1412 533 1455 ita
556 1421 618 1455 est
637 1431 645 1456 :
666 1427 768 1455 nam
791 1409 1032 1455 seeundum
1050 1411 1326 1465 Matthaeum,
1351 1413 1442 1456 Ma-

11 1786 14 1791 .
8 1715 14 1743 ..-
8 1646 12 1670 »-
7 1563 13 1604 -οΔ
7 1497 14 1556 -Q-

50 1486 154 1531 than
182 1494 246 1529 est
268 1499 373 1529 avus
402 1484 562 1542 Joseph
583 1505 593 1540 3
616 1482 858 1527 seeundum
887 1486 1051 1526 Lucam
1080 1498 1184 1526 vero
1200 1518 1210 1538 ‚
1237 1498 1326 1527 non
1348 1485 1443 1527 Ma-

51 1557 157 1601 than
175 1591 185 1611 ‚
211 1554 286 1599 sed
307 1555 522 1599 Mathath.
545 1553 674 1608 Quod
697 1554 730 1598 si
752 1555 983 1614 quisquam
1007 1562 1134 1613 putat
1155 1569 1244 1597 esse
1274 1562 1443 1598 tantam

52 1626 377 1672 similitudinem
403 1626 589 1669 nominis
606 1661 616 1680 ‚
644 1634 693 1669 ut
715 1625 769 1669 ab
796 1625 1079 1685 scriptoribus
1102 1625 1148 1669 in
1177 1641 1266 1669 una
1299 1624 1444 1670 littera

54 1707 243 1742 erratum
261 1697 313 1741 sit
332 1731 343 1751 ‚
375 1705 424 1740 ut
445 1697 568 1740 fieret
586 1705 675 1740 tam
699 1712 831 1756 parva
853 1705 896 1740 et
911 1712 1024 1756 pene
1046 1695 1167 1740 nulla
1194 1697 1441 1756 diversitas;

55 1768 161 1830 quid
190 1768 244 1812 de
274 1769 457 1812 istorum
492 1768 687 1827 patribus
716 1768 912 1811 dicturus
942 1769 1031 1812 est?
1064 1770 1174 1812 Nam
1201 1767 1445 1812 secundum

57 1843 239 1894 Lucam⁷
264 1839 463 1883 Mathath
493 1837 606 1881 filius
635 1837 720 1881 fuit
742 1837 874 1894 Levi3
908 1837 1152 1882 secundum
1184 1839 1445 1883 Matthaeum

59 1921 223 1966 autem,
253 1911 433 1954 Mathan
461 1925 511 1952 ex
535 1908 712 1953 Eleazar
742 1909 912 1967 genitus
940 1909 1160 1953 invenitur
1184 1928 1192 1953 :
1226 1919 1356 1970 atque
1386 1911 1447 1955 ita

9 2001 13 2007 ·
58 1982 158 2028 inde
179 1997 348 2026 sursum
382 1996 530 2024 versus
551 1979 707 2023 diversi
730 1989 831 2024 sunt
853 1988 995 2039 patres
1027 1988 1071 2024 et
1093 1980 1188 2038 avi3
1222 1989 1265 2024 et
1288 1979 1447 2025 deinde

61 2055 240 2114 majores
267 2068 406 2112 usque
431 2052 481 2094 aci
509 2050 774 2106 zorobabel,
804 2054 879 2110 qui
903 2049 992 2094 fere
1014 2061 1077 2095 est
1098 2051 1330 2109 vigesimus
1354 2068 1451 2096 sur-

8 2160 10 2165 .
61 2140 154 2169 sum
177 2125 230 2169 ab
249 2124 411 2183 Joseph
435 2121 552 2181 apud
575 2125 737 2166 Lucam
751 2158 761 2176 =
780 2122 898 2182 apud
919 2123 1179 2167 Matthaeum
1198 2133 1344 2167 autem
1362 2140 1449 2167 un-

8 2218 11 2223 >
62 2195 266 2240 decimus.
287 2195 371 2248 Qui
386 2203 614 2253 propterea
634 2192 748 2236 idem
765 2193 852 2252 ipse
871 2209 960 2237 esse
973 2193 1180 2249 creditur,
1206 2194 1308 2254 quia
1325 2204 1450 2254 pater

63 2266 150 2326 ejus
177 2265 294 2324 apud
326 2274 565 2323 utrumque
597 2262 921 2321 Evangelistam
956 2263 1161 2309 Salathiel
1193 2264 1446 2309 invenitur:

64 2336 258 2397 quamvis
270 2336 362 2379 fieri
384 2334 597 2394 potuerit,
623 2342 673 2377 ut
695 2333 804 2378 alius
827 2333 958 2378 fuerit
980 2335 1135 2379 eodem
1157 2336 1350 2392 nomine,
1375 2337 1450 2381 ha-

67 2408 170 2452 hens
187 2408 382 2468 ejusdem
405 2406 593 2451 nominis
616 2414 785 2465 patrem
803 2442 813 2460 ,
843 2407 967 2467 cujus
990 2416 1033 2451 et
1054 2407 1126 2451 ille
1149 2408 1318 2452 habuit.
1343 2409 1453 2454 Nam

68 2487 110 2522 et
125 2477 227 2521 inde
248 2493 418 2522 sursum
440 2492 587 2521 versus
620 2476 778 2520 divessi
806 2486 932 2522 sunt:
965 2477 1100 2522 alium
1127 2478 1294 2540 quippe
1323 2479 1459 2524 habet

118 2569 123 2584 ¹
148 2562 243 2594 Ruth.
264 2574 310 2603 lv,
331 2561 381 2594 13.
407 2579 448 2583 —-
469 2568 480 2583 ²
496 2561 607 2593 Manli.
631 2572 665 2598 ιι,
693 2560 744 2601 16,
765 2565 797 2592 et
815 2563 892 2593 Luc.
913 2572 960 2603 111,
981 2562 1033 2593 23.
