1872 3267
349 228 618 263 QUAEsTmNEs
651 230 696 257 ιΝ
728 229 933 267 exonera,
968 231 1050 258 Lm.
1087 232 1134 258 11.
1354 221 1438 260 229

0 310 9 342 ι
56 293 339 354 telligendum
351 304 415 339 est
430 330 441 350 ,
465 295 593 339 etiam
612 295 656 338 in
674 304 784 339 terra
807 296 967 340 Gessen
987 311 1075 341 non
1098 295 1209 341 solos
1232 297 1439 342 Hebraeos

0 389 1 407 ;
53 365 266 410 habitasse
285 401 295 421 ‚
321 365 395 410 sed
415 365 474 410 eis
491 364 658 426 aliquos
680 365 908 426 AEgyptios
931 367 976 411 in
994 366 1069 412 illa
1086 376 1198 412 terra
1216 368 1438 412 cohabita-

0 455 9 481 :-:
52 445 162 481 tores
185 435 314 482 fuisse
330 472 340 492 ,
366 435 421 482 ad
441 452 551 497 quos
568 445 808 496 potuerunt
824 438 979 482 merito
997 437 1283 483 Hebraeorum
1306 438 1437 484 etiam

51 505 122 552 illa
146 506 292 552 divina
316 508 526 552 beneficia
556 508 801 567 pervenire,
827 517 877 552 ut
906 507 1009 553 hinc
1037 523 1108 552 eos
1139 517 1181 552 et
1203 507 1436 567 diligerent

0 603 2 618 i
50 577 179 622 iidem
212 579 408 637 AEgyptii
445 579 763 623 cohabitatores
780 614 790 633 ,
832 588 874 623 et
908 579 1027 639 quod
1064 580 1272 638 petebant
1307 579 1435 624 facile

49 650 401 694 commodarent:
427 665 507 695 nec
530 659 676 694 tamen
701 653 815 694 Deus
842 650 1055 710 judicavit
1075 650 1134 695 ita
1155 649 1250 694 illos
1272 650 1435 694 alienos

48 718 176 764 fuisse
198 719 253 764 ab
274 720 439 780 injuriis
461 730 505 765 et
526 721 884 776 contritionibus,
905 736 1010 782 quas
1027 720 1215 780 populus
1237 721 1314 765 Dei
1330 736 1434 781 per-

42 789 166 847 tulit,
192 800 242 835 ut
265 806 344 835 nec
366 791 447 835 isto
470 789 630 836 damno
651 790 898 847 ferirentur,
923 792 999 852 qui
1031 791 1168 851 plagis
1190 790 1273 836 illis
1296 807 1432 852 prop-

46 870 159 907 terea
181 860 301 922 quod
323 870 448 906 terrae
470 860 532 906 illi
555 862 829 922 pagcebatur,
854 863 1045 922 percussi
1059 877 1148 908 non
1171 872 1308 908 erant.

12 937 17 1080 ἰ
55 1029 57 1031 ¹
565 973 802 1023 QUAESTm
833 975 914 1013 XL.

12 1082 16 1138 ἰ

104 1093 124 1116 ι(
148 1076 279 1118 Dum:
301 1083 446 1119 autem
465 1074 677 1119 Dominus
699 1073 754 1119 ad
772 1077 953 1132 Moysen
973 1090 982 1115 :
1002 1076 1101 1120 Non
1127 1075 1333 1121 exaudiet
1354 1091 1431 1122 vos

46 1156 66 1186 ›‘›
100 1145 266 1190 Pharao
281 1181 292 1203 ,
315 1155 365 1190 ut
391 1145 678 1205 multiplicem
713 1145 832 1203 signa
859 1159 955 1189 mea
978 1154 1022 1189 et
1042 1154 1243 1204 portenta
1265 1161 1360 1190 mea
1383 1147 1430 1191 in

44 1235 64 1259 »
100 1226 210 1261 terra
229 1218 433 1277 AEgypti¹
454 1238 462 1262 :
484 1227 693 1277 tanquam
712 1232 821 1276 opus
844 1215 977 1261 fuerit
995 1218 1085 1277 ejus
1107 1216 1426 1274 inobedientia,

41 1297 89 1332 ut
110 1288 230 1347 signa
253 1287 325 1332 illa
348 1287 759 1347 multiplicarentur,
781 1303 879 1348 quae
900 1285 1064 1332 utiliter
1085 1288 1251 1333 fiebant
1268 1288 1325 1333 ad
1341 1298 1430 1333 ter-

40 1358 222 1404 rendum
245 1359 458 1420 populum
477 1360 579 1414 Dei,
606 1369 736 1420 atque
754 1360 844 1419 ipsa
867 1359 1126 1404 discretione
1149 1360 1204 1404 ad
1221 1360 1427 1420 pietatem

11 1424 14 1505 f
39 1429 380 1476 informandum.
404 1429 488 1476 Sed
509 1431 592 1475 hoc
613 1430 687 1474 Dei
709 1429 792 1475 suit
806 1466 817 1486 ,
843 1429 1004 1475 malitia
1024 1430 1165 1476 cordis
1182 1429 1297 1476 illius
1314 1432 1428 1477 benc

12 1510 13 1523 ¹
40 1502 225 1548 utentis:
249 1517 340 1548 non
358 1501 613 1556 Pharaonis,
639 1501 716 1545 Dei
733 1501 942 1561 patientia
963 1501 1077 1547 male
1099 1502 1334 1549 abutentis.

543 1611 779 1661 QUAESTIO
811 1613 910 1652 xm.

10 1685 13 1776 l
99 1732 119 1755 «
144 1714 250 1766 Qua:
272 1721 418 1757 autem
449 1712 749 1772 superaverint
775 1713 830 1757 ab
864 1728 915 1757 eo
937 1712 981 1757 in
1004 1728 1131 1758 mane
1147 1748 1158 1769 ,
1191 1714 1292 1773 igne
1314 1729 1424 1759 con-

38 1802 59 1826 »
94 1782 383 1827 cremabitis·2.
413 1800 432 1823 »
454 1783 600 1835 Quaeri
617 1791 785 1841 potest,
811 1782 1035 1843 quomodo
1058 1783 1225 1844 aliquid
1246 1800 1424 1844 supera-

9 1843 13 1913 }
41 1854 121 1911 bit,
145 1868 245 1897 cum
263 1853 346 1897 hoc
363 1852 610 1912 praemoniti
627 1853 808 1908 fuerint,
823 1861 873 1897 ut
893 1853 926 1897 si
946 1853 1101 1898 domus
1116 1870 1206 1898 non
1220 1855 1422 1900 habuerit

10 1916 12 1928 ’
36 1923 329 1969 consumendo
361 1923 508 1982 pecori
538 1922 742 1967 idoneam
771 1922 1123 1979 multitudinem,
1147 1925 1280 1970 vicini
1301 1941 1422 1970 assu-

37 2004 222 2039 mantur.
257 1993 341 2039 Sed
370 1993 625 2052 intelligitur
653 1995 862 2054 quoniam
894 1994 1062 2040 dictum
1085 2005 1176 2041 est:
1207 2016 1228 2039 «
1252 1997 1309 2041 Os
1332 2013 1423 2042 non

9 2077 11 2084 ⁴
39 2083 61 2106 »
93 2065 320 2110 conteretis
339 2065 394 2109 ab
417 2067 514 2120 eo³‚
542 2084 561 2108 »
588 2080 840 2110 remansura
862 2067 1014 2127 utique
1036 2065 1167 2113 fuisse
1188 2083 1296 2125 ossa,
1322 2085 1422 2129 quae

36 2151 134 2195 igne
152 2145 463 2181 cremarentur.

533 2235 768 2285 QUAESTIO
800 2236 917 2276 xm.

7 2329 11 2388 l
97 2357 117 2380 «
140 2342 287 2384 Aemus
322 2339 541 2400 perfectus
574 2338 791 2383 masculus
818 2338 1048 2384 anniculus
1080 2340 1160 2384 erit
1194 2340 1366 2385 vobis⁴.
1395 2359 1414 2381 »

36 2410 206 2453 Movere
236 2419 380 2470 potest
406 2409 485 2454 ista
518 2409 708 2465 locutio,
739 2411 861 2470 quasi
890 2425 1025 2468 agnus
1048 2411 1180 2470 possit
1210 2425 1299 2454 esse
1329 2425 1420 2454 non

37 2478 271 2536 masculus,
293 2480 554 2525 nescientem
577 2496 663 2540 qua
696 2480 950 2524 necessitate
978 2482 1036 2525 ita
1059 2481 1113 2525 sit
1140 2479 1414 2526 translatum.

84 2581 92 2598 ¹
115 2576 277 2619 Exod.x1,
295 2579 326 2610 9.
344 2593 385 2600 —
405 2583 419 2601 ²
439 2577 486 2612 ld.
507 2587 565 2618 xn,
587 2588 634 2610 ιο.
656 2575 1018 2611 -31bjd,-411,;(]‚
1040 2578 1070 2610 5.
