1872 3267
399 332 483 370 372
825 348 858 372 s.
895 327 1122 374 Accusnm
1156 348 1335 374 El’lsCOPl

397 417 461 451 est
484 423 562 467 pro
588 422 631 461 se
659 409 818 452 offerre
842 411 1245 465 consummationis,
1275 410 1376 471 quia
1410 418 1513 454 tunc
1534 407 1631 453 ideo
1653 406 1776 452 obla-

399 486 491 521 tum
513 486 597 532 est,
630 487 678 522 ut
700 489 1073 524 consummaretur
1092 480 1449 535 sanctificatione,
1474 488 1518 523 et
1538 477 1776 523 sacerdotio

396 546 521 607 fungi
558 558 720 609 posset,
758 566 846 610 quo
874 550 964 610 jam
997 552 1204 612 quoniam
1238 550 1519 610 fungebatur,
1551 564 1640 594 non
1668 562 1776 608 opus

395 627 488 663 erat
503 634 604 664 eum
627 619 785 663 iterum
800 621 1103 666 consummari.

874 721 1109 769 QUAESTIO
1141 723 1238 761 xxv
1248 723 1296 761 11.

458 812 491 853 1.
521 828 541 852 «
567 812 631 854 ΕΤ
662 809 721 854 ait
742 811 912 867 Moyses
942 808 997 853 ad
1018 812 1162 854 Aaron
1180 809 1370 854 :Accede
1391 809 1447 854 ad
1468 808 1623 864 altare,
1644 817 1688 853 et
1709 806 1775 854 fac
1829 871 1831 881 Ι

398 899 419 923 »
454 880 573 941 quod
592 896 669 941 pro
690 889 870 940 peccato
885 889 984 936 tuo,
1010 889 1053 924 et
1072 880 1378 926 holocaustum
1398 890 1526 925 tuum
1552 899 1560 925 :
1583 889 1627 924 et
1650 895 1776 925 exora
1828 931 1831 938 ¹

397 970 419 992 »
456 967 534 1011 pro
545 960 588 995 te
610 959 653 995 et
674 951 804 995 domo
822 960 897 995 tua
924 953 951 995 ¹.
982 969 1001 992 »
1028 951 1187 995 Mirum
1209 961 1272 996 est
1285 951 1508 1012 quomodo
1526 950 1644 1011 prius
1660 949 1777 995 dicat
1828 970 1830 982 =
1870 966 1872 970 ’

394 1020 642 1066 faciendum
670 1021 790 1082 quod
809 1037 887 1082 pro
911 1031 1115 1081 peccat03
1140 1022 1298 1066 deinde
1319 1022 1621 1067 holocaustum
1637 1057 1648 1077 ,
1673 1037 1777 1065 cum

394 1092 598 1137 sacrificia
631 1109 708 1152 pro
737 1093 922 1152 peccatis
955 1108 1083 1152 super
1113 1092 1365 1137 holocausta
1400 1093 1594 1153 superius
1623 1092 1776 1152 jubeat
1827 1093 1829 1097 ⁴

394 1162 575 1222 imponi,
602 1172 782 1222 excepto
804 1162 921 1223 quod
946 1162 1000 1206 de
1022 1163 1174 1207 avibus
1196 1163 1402 1223 praecepit
1424 1167 1455 1206 ².
1482 1166 1551 1207 An
1572 1161 1683 1207 forte
1707 1161 1777 1206 hic
1826 1176 1829 1200 i
1869 1185 1872 1201 ι

393 1233 514 1293 quod
536 1233 654 1292 prius
673 1234 827 1288 fiebat,
848 1233 894 1277 id
915 1242 993 1288 est,
1016 1233 1335 1288 holocaustum,
1351 1234 1564 1293 posterius
1587 1248 1776 1278 comme·
1826 1243 1828 1280 ὲ

395 1305 578 1349 moravit
601 1306 644 1348 ³?
663 1307 761 1350 Non
777 1305 893 1348 enim
910 1305 1280 1364 quemadmodum
1299 1306 1353 1350 de
1366 1305 1515 1350 avibus
1529 1304 1636 1349 dixit
1656 1324 1664 1348 :
1691 1307 1777 1348 Fac
1826 1327 1827 1331 ¹
1870 1303 1872 1331 ³

395 1375 513 1434 prius
536 1374 645 1418 illud
663 1383 705 1418 ct
722 1383 868 1433 postea
886 1374 1023 1432 illud3
1044 1375 1117 1419 sed
1135 1375 1204 1419 fac
1223 1375 1334 1420 illud
1355 1385 1485 1435 atque
1498 1373 1606 1419 illud
1636 1395 1644 1419 :
1670 1374 1777 1435 quid

395 1454 539 1489 autem
560 1445 677 1505 prius
697 1444 946 1489 faciendum
975 1445 1029 1489 sit
1046 1480 1056 1499 ,
1084 1445 1246 1490 indicat
1266 1446 1459 1505 superius
1488 1446 1679 1505 exposita
1706 1446 1776 1489 in-
1824 1439 1826 1455 ³
1869 1472 1872 1485 i

393 1515 589 1570 structio,
615 1515 692 1559 ubi
722 1514 828 1559 dicit
849 1530 978 1574 super
997 1513 1302 1559 holocaustum
1333 1516 1498 1575 imponi
1519 1515 1777 1560 sacrificium

394 1603 473 1647 pro
504 1588 704 1647 peccatis.
743 1589 1003 1647 Quanquam
1034 1585 1160 1631 valde
1196 1596 1369 1631 moveat
1402 1588 1522 1648 quod
1555 1587 1685 1632 etiam
1717 1587 1778 1632 ita
1823 1604 1825 1636 3
1868 1600 1872 1626 ἱ

396 1666 541 1701 narrat
576 1657 794 1716 Scriptura
830 1655 979 1701 fecisse
1012 1659 1157 1701 Aaron
1194 1658 1315 1717 quod
1353 1657 1540 1712 audivit,
1577 1667 1628 1702 ut
1658 1657 1777 1717 prius
1822 1650 1825 1696 s
1868 1677 1870 1693 2

395 1737 707 1773 commemoret
734 1743 833 1772 eum
857 1726 998 1771 facere
1031 1744 1110 1787 pro
1131 1737 1331 1787 peccato,
1363 1727 1520 1772 deinde
1547 1728 1778 1772 holocaus-
1822 1734 1823 1759 ³
1870 1742 1872 1745 ·

394 1808 504 1844 tum.
535 1800 663 1853 Quod
700 1809 848 1844 utrum
882 1808 925 1843 et
958 1800 1047 1858 ipse
1078 1799 1196 1858 prius
1234 1798 1406 1854 fecerit,
1447 1815 1502 1842 an
1537 1799 1656 1858 prius
1694 1800 1777 1843 hoc
1868 1824 1869 1834 κ

397 1872 617 1930 Scriptura
650 1871 887 1915 narraverit
923 1870 1042 1929 quod
1078 1879 1226 1928 postea
1265 1869 1425 1913 [actum
1461 1879 1550 1924 est,
1586 1870 1697 1914 sicut
1730 1870 1777 1914 in
1820 1883 1822 1924 ζ

395 1940 544 1986 multis
566 1941 707 1985 facere
739 1940 868 1990 solet,
898 1940 1132 1983 haberetur
1159 1939 1398 1993 incertum,
1432 1939 1513 1982 nisi
1541 1939 1663 1999 quod
1687 1939 1777 1983 dixi
1820 1939 1832 1959 ³·
1868 1960 1872 1974 <¹

395 2012 592 2071 superius
612 2012 849 2070 legeretur⁷
876 2026 977 2054 cum
1001 2018 1146 2068 ageret
1172 2009 1226 2052 de
1252 2009 1458 2053 sacrificio
1478 2024 1557 2068 pro
1578 2018 1772 2068 peccato.
1820 2017 1821 2035 ³
1871 2030 1872 2034 ¹

395 2085 461 2126 lta
495 2082 610 2125 enim
632 2080 806 2139 legitur,
846 2099 865 2121 «
901 2082 957 2122 Et
988 2087 1251 2138 superponet
1283 2078 1395 2122 illud
1421 2078 1616 2123 sacerdos
1648 2095 1776 2139 super
1818 2121 1819 2125 ,

398 2170 419 2193 »
455 2151 587 2195 altare
608 2166 736 2210 super
758 2150 1083 2194 holocaustoma
1106 2149 1301 2203 Domini,
1338 2158 1381 2192 et
1403 2149 1598 2193 exorabit
1619 2165 1696 2209 pro
1724 2165 1776 2194 co
1818 2152 1819 2156 ’

399 2242 420 2265 »
455 2221 652 2267 sacerdos
695 2237 773 2281 pro
812 2230 989 2280 peccato
1026 2219 1145 2280 quod
1186 2220 1409 2278 peccavit,
1454 2229 1497 2263 et
1533 2219 1776 2264 dimittetur
1869 2246 1870 2255 κ

399 2313 419 2335 >›
457 2293 518 2337 illi
537 2294 567 2336 4.
607 2311 626 2333 »
652 2290 883 2345 Quomodo
905 2306 1007 2349 ergo
1030 2299 1172 2349 posset
1191 2291 1274 2334 hoc
1303 2305 1431 2349 super
1450 2289 1776 2335 holocaustoma
1816 2298 1818 2332 ἑ

397 2363 585 2423 liuponi,
612 2362 692 2406 nisi
727 2360 1049 2405 holocaustoma
1080 2360 1198 2419 prius
1221 2360 1543 2420 imponeretur?
1566 2361 1775 2420 Praecepit
1815 2375 1817 2390 ¹

398 2445 544 2479 autem
575 2436 658 2479 hoc
688 2443 730 2477 et
760 2432 814 2477 de
840 2431 1047 2476 sacrificio
1070 2431 1292 2486 salutaris,
1319 2441 1368 2476 ut
1389 2448 1517 2491 super
1545 2431 1774 2476 holocaus-
1814 2447 1817 2463 2
1867 2452 1872 2493 ,ζ

399 2516 516 2551 *oma
535 2507 856 2565 imponeretur:
883 2502 957 2547 sed
981 2502 1081 2562 quia
1103 2503 1185 2546 hoc
1220 2517 1308 2546 uon
1339 2502 1504 2562 ubique
1531 2502 1657 2556 dicit,
1684 2518 1774 2547 non
1814 2524 1821 2564 ξι
1867 2506 1869 2547 i

397 2592 475 2635 per
497 2576 641 2620 omnia
656 2573 860 2620 sacrificia
881 2572 1092 2628 salutaris,
1113 2587 1192 2616 nec
1209 2587 1286 2632 per
1308 2571 1451 2616 omnia
1468 2572 1672 2616 sacrificia
1694 2587 1774 2632 pro
1813 2594 1815 2609 ι
1868 2601 1872 2612 i

450 2681 458 2696 ¹
488 2674 625 2714 Lev.1x‚
645 2683 675 2713 7.
697 2688 733 2693 —
754 2671 826 2703 ²111.
847 2681 891 2712 iv,
917 2668 969 2702 35.
989 2686 1027 2691 —
1049 2667 1123 2701 3ld.
1149 2679 1180 2710 v,
1199 2667 1230 2700 8.
1251 2684 1292 2690 —-
1307 2665 1389 2700 41d.
1410 2679 1455 2709 iv,
1474 2667 1528 2701 35.
