1872 3267
44 316 220 371 dixerit,
247 325 297 360 ut
318 315 499 360 inimicis
521 315 606 360 suis
631 315 816 360 nimium
838 314 1189 374 superbientibus
1217 322 1427 374 tanquam

45 385 124 431 diis
145 387 320 432 servisse
336 395 562 446 cogantur.

102 460 217 501 LXI.
243 476 262 499 «
281 459 464 502 Gentem
483 457 604 517 cujus
621 471 711 501 non
724 456 870 502 audies
886 470 1038 501 vocem
1055 455 1148 515 ejus
1164 456 1178 480 1
1202 474 1210 499 :
1238 472 1259 496 »
1284 464 1327 499 et
1342 454 1427 499 hoc

43 528 286 572 notandum
309 536 393 582 est,
418 527 539 588 quod
560 537 603 572 et
629 546 650 570 «
674 529 798 587 cujus
823 546 843 568 n
868 526 1003 582 dixit,
1028 534 1108 569 et«
1130 523 1220 584 ejus
1235 560 1245 580 ,
1269 543 1289 566 »
1317 525 1428 569 sicut

41 596 162 658 loqui
186 598 417 657 Scripturae
444 597 585 642 solent
612 617 621 642 ;
646 607 689 642 et
716 597 762 641 id
784 597 906 658 quod
927 597 1007 652 ait,
1032 614 1050 636 «
1077 596 1200 655 cujus
1229 610 1320 639 non
1348 609 1427 639 au-

45 686 66 710 »
86 667 175 712 dies
202 683 381 724 vocem,
408 686 428 710 »
454 684 533 729 pro
564 684 616 714 eo
637 669 759 730 quod
788 677 874 723 est,
911 686 928 708 «
955 668 1079 728 cujus
1107 665 1305 726 linguam
1334 681 1426 711 non

42 738 266 797 intelliges.
292 756 315 780 »

98 811 236 854 LXII.
263 828 284 852 «
308 808 452 854 Mollis
483 810 530 854 in
562 818 605 854 te
628 819 672 855 et
705 818 853 854 tenera
884 807 1011 854 valde
1039 806 1269 853 fascinabit
1296 806 1425 851 oculo

44 898 68 922 η
85 896 162 925 suo
178 881 356 926 fratrem
376 896 504 926 suum
520 916 531 936 ‚
562 890 606 925 ct
632 896 814 925 uxorem
841 895 940 940 quae
957 888 1022 923 est
1042 879 1087 922 in
1117 880 1214 924 sinu
1234 879 1347 939 ejus,
1383 887 1427 922 et

42 968 66 993 ν
87 950 164 1012 qui
184 951 340 1012 reliqui
362 961 462 996 sunt
494 951 572 995 filii
595 952 862 1012 quicumque
885 950 1022 994 relicti
1052 950 1216 994 fuerint
1250 949 1335 1004 illi,
1366 949 1426 993 ita

3 1044 8 1080 ι
36 1038 58 1063 »
81 1031 133 1066 ut
153 1020 228 1066 det
247 1023 323 1066 uni
344 1038 396 1066 ex
417 1023 478 1066 eis
496 1038 520 1066 a
541 1022 744 1066 carnibus
762 1021 950 1066 filiorum
965 1035 1145 1065 suorum
1167 1019 1222 1063 de
1239 1019 1425 1080 quibus-

5 1081 8 1104 ἱ
37 1110 58 1134 »
82 1108 271 1154 cumque
290 1093 404 1149 edet,
423 1110 473 1138 eo
489 1094 610 1154 quod
625 1109 714 1138 non
730 1092 987 1137 derelictum
1003 1093 1056 1136 sit
1070 1091 1108 1135 ei
1121 1090 1365 1152 quidquam
1380 1091 1425 1134 in

36 1182 57 1206 ))
83 1166 279 1224 angustia
302 1175 345 1209 et
368 1165 649 1210 tribulatione
664 1200 674 1220 ‚
702 1180 790 1225 qua
812 1163 1093 1208 tribulabunt
1114 1172 1156 1207 te
1177 1162 1342 1206 inimici
1360 1161 1425 1206 tui

35 1252 56 1277 »
78 1235 123 1279 in
145 1236 348 1279 omnibus
369 1236 617 1280 civitatibus
640 1235 724 1279 tuis
737 1238 768 1278 2.
798 1253 818 1276 >›
843 1233 1102 1279 Notandum
1122 1243 1186 1278 est
1207 1233 1424 1294 quemad-

33 1304 212 1349 modum
240 1306 311 1350 hic
333 1305 501 1350 dictum
523 1306 577 1349 sit
608 1324 628 1348 «
655 1304 911 1360 fascinabit,
942 1323 963 1346 υ
990 1321 1069 1365 pro
1085 1341 1095 1360 ‚
1120 1304 1361 1360 invidebit,
1381 1313 1426 1348 et

31 1384 238 1436 tanquam
264 1375 318 1420 ad
334 1376 418 1420 hoc
440 1374 647 1420 derelicto
661 1411 672 1430 ‚
708 1384 758 1419 ut
780 1388 951 1420 necesse
973 1376 1026 1419 sit
1048 1375 1086 1419 ei
1120 1374 1222 1419 dare
1242 1374 1297 1418 de
1325 1390 1422 1419 car-

32 1447 162 1491 nibus
193 1446 407 1502 filiorum⁷
444 1462 551 1506 quas
586 1446 704 1505 cogit
730 1447 959 1491 necessitas
995 1447 1041 1490 in
1074 1446 1222 1490 cibum
1261 1446 1373 1490 sumi
1398 1463 1422 1491 a

9 1533 12 1564 ι
30 1516 296 1577 parentibus.
317 1520 428 1562 Nam
450 1526 493 1561 et
513 1517 560 1561 in
589 1516 832 1562 Proverbiis
855 1516 976 1577 quod
996 1516 1120 1561 latini
1148 1517 1317 1561 codices
1339 1517 1419 1561 ha-

9 1579 12 1628 i
30 1588 171 1633 bent‘:
203 1607 223 1630 «
241 1590 340 1633 Non
362 1587 557 1632 coenabis
579 1603 680 1632 cum
700 1588 793 1632 viro
817 1587 1008 1643 invid03‚
1037 1606 1057 1629 »
1081 1603 1244 1648 graecus
1265 1587 1415 1644 habet,

9 1635 296 1723 idvcrpkssoioqu»,
318 1665 471 1705 βασκανος
493 1667 638 1702 autem
656 1657 844 1702 fascinus
868 1657 1043 1702 dicitur.

87 1730 249 1771 LXIII.
280 1746 300 1770 «
325 1731 381 1772 Et
410 1728 490 1771 erit
527 1727 639 1772 sicut
671 1727 843 1772 laetatus
865 1737 928 1772 est
950 1729 1160 1773 Dominus
1190 1731 1236 1774 in
1262 1730 1386 1775 vobis
1403 1765 1414 1786 ,

32 1815 54 1839 »
78 1796 332 1842 benefacere
348 1798 474 1843 vobis
489 1798 504 1823 4
522 1814 531 1839 :
556 1816 576 1839 »
599 1814 764 1857 graecus
785 1799 938 1854 habet⁷
962 1818 983 1842 «
1002 1798 1259 1844 benefacere
1272 1817 1370 1856 vos,
1392 1820 1413 1842 )›

11 1863 109 1936 {nec
128 1869 301 1914 videtur
318 1885 407 1914 esse
430 1869 580 1913 saltem
600 1884 737 1927 graeca
753 1869 951 1915 locutio:
981 1872 1250 1917 accusativus
1268 1881 1416 1917 tamen

12 1942 107 1999 ipro
129 1938 273 1985 dativo
294 1939 456 1999 positus
477 1939 762 1998 intelligitur·
786 1940 904 1985 unde
932 1941 1184 1987 maluerunt
1205 1942 1357 1988 latini
1348 1959 1416 1987 m-

12 2015 235 2070 *terpretes
252 2009 395 2055 dicere
421 2010 606 2066 «vobis,
635 2029 654 2052 »
681 2027 841 2071 quam,
866 2027 956 2055 vos.

13 2073 15 2088 ⁴
87 2083 241 2126 LXIV.
271 2084 402 2126 «Vos
424 2081 588 2126 vidistis
621 2083 766 2126 omnia
793 2098 893 2143 quae
926 2081 1030 2127 fecit
1059 2083 1269 2128 Dominus
1300 2088 1414 2129 Deus

33 2169 54 2193 »
77 2161 215 2197 vester
237 2153 281 2196 in
294 2162 407 2197 terra
422 2155 638 2213 AEgypto‚
660 2169 806 2198 coram
821 2154 960 2209 vobis,
986 2154 1201 2199 Pharaoni
1222 2165 1265 2199 et
1283 2158 1413 2201 servis

33 2239 54 2264 »
77 2223 166 2284 eju-s
185 2225 386 2269 omnibus
404 2233 447 2268 et
468 2224 587 2268 omni
609 2234 735 2269 terrae
757 2224 872 2269 illius
888 2261 898 2281 ‚
926 2226 1185 2270 tentationes
1206 2242 1383 2285 magnas
1399 2264 1410 2284 ,

33 2310 53 2335 n
73 2310 176 2354 quas
196 2295 401 2340 viderunt
422 2296 537 2340 oculi
554 2296 644 2341 tui⁵
667 2317 675 2342 :
702 2315 723 2338 »
746 2297 991 2342 notandum
1005 2297 1099 2342 illas
1116 2297 1265 2358 plagas
1282 2300 1412 2343 etiam

33 2381 61 2406 n
76 2366 330 2411 tentationes
348 2385 370 2408 ³)
394 2367 554 2411 vocari.

15 2447 19 2510 ξ
86 2438 216 2481 LXV.
246 2456 267 2480 «
292 2438 336 2483 Si
359 2437 490 2482 fuerit
510 2437 719 2498 dispersio
743 2445 819 2484 tua
840 2455 864 2484 a
886 2454 1057 2484 summo
1073 2438 1174 2484 coeli
1194 2456 1333 2501 usque
1355 2441 1412 2485 ad

264 249 523 278 Locunom-:s
555 249 609 276 DE
641 248 1001 286 nmmunouomo,
1037 249 1118 275 Lus.
1156 249 1196 275 v.
1371 237 1425 275 95

75 2537 84 2554 ¹
115 2533 208 2565 Dent.
234 2544 345 2574 xxvnr,
371 2533 426 2576 49.
462 2550 504 2557 -
529 2541 542 2557 2
570 2534 653 2568 Ibid.
674 2533 730 2577 54,
750 2534 806 2567 55.
827 2552 869 2558 -
889 2534 902 2559 3
931 2537 1028 2569 Prov.
1048 2546 1142 2579 xxm,
1165 2536 1199 2569 6.
1220 2553 1262 2560 -—
1278 2535 1295 2566 4
1314 2539 1408 2570 Βευῐ,

31 2596 136 2627 xxvui,
151 2587 205 2620 63.
228 2606 271 2612 -
293 2587 368 2621 5Id.
389 2599 477 2631 xxix,
499 2599 531 2621 2.
