1872 3267
368 238 634 274 QtJAESTloNEs
669 239 708 263 ιΝ
743 238 954 274 ωεωεειΜ,
991 239 1073 263 11115.
1111 238 1138 262 ι.
1367 224 1446 263 147

3 293 5 304 ’
62 303 177 346 enim
216 311 426 363 tanquam
458 302 652 357 homini,
688 310 738 345 ut
773 301 895 360 signo
926 300 1071 361 aliquo
1098 300 1340 359 exploraret
1362 300 1451 360 ipse

61 381 249 433 quantus
271 382 404 427 esset,
431 371 476 415 id
496 381 575 426 est,
608 386 741 432 quam
762 371 950 415 multum
974 370 1090 430 apud
1114 373 1251 414 Deum
1280 379 1447 430 posset,

4 431 6 478 ἶ
59 443 180 505 quod
194 444 343 488 vitiose
357 445 405 488 fit
422 459 521 487 cum
538 444 600 487 fit.
618 443 687 487 Ab
705 444 788 487 hoc
803 453 947 487 autem
967 442 1225 487 discernitur
1238 442 1358 502 quod
1372 443 1450 486 Ge-

61 513 174 559 deon
189 512 290 558 fecit
302 530 458 574 pugnae
476 514 728 557 imminente
746 513 940 574 periculo
952 516 964 539 1
979 529 987 554 z
1011 510 1273 557 consultatio
1287 513 1451 573 quippe

59 585 131 630 illa
154 587 309 644 magis,
335 602 467 647 quam
490 585 673 630 tentatio
701 586 777 629 Dei
805 586 903 630 fuit.
943 584 1068 630 Unde
1101 593 1144 628 et
1165 585 1310 628 Achaz
1332 582 1451 643 apud

61 659 217 701 Isa'l'am
255 656 379 700 timet
414 656 588 715 signum
623 660 820 716 petere2‚
855 672 910 700 ne
938 659 1077 700 Deum
1101 664 1269 699 tentare
1302 653 1450 699 videa-

61 736 156 781 tur,
191 742 291 771 cum
314 727 397 771 hoc
419 742 520 771 eum
543 728 753 772 Dominus
787 727 1020 771 admoneat
1056 742 1134 787 per
1156 726 1447 786 Prophetam:

60 797 189 843 credo
224 799 468 843 existimans
505 798 626 859 quod
654 799 828 859 abipso
866 799 1085 859 Propheta
1124 796 1447 858 exploraretur,

62 878 209 914 utrum
238 870 446 931 praecepti
479 886 646 915 memor
678 879 812 926 esset,
837 885 926 931 quo
948 879 1116 915 tentare
1138 872 1279 914 Deum
1300 868 1452 928 prohi-

61 940 230 985 hemur.

550 1050 787 1100 QUAESTIO
818 1051 937 1089 LXIV
945 1081 954 1089 .

120 1155 284 1198 szvus
317 1153 506 1198 Abrahae
538 1169 716 1197 narrans
746 1168 845 1213 quae
877 1151 959 1195 sibi
981 1149 1189 1194 mandata
1225 1149 1403 1195 fuerant
1424 1167 1449 1195 a

60 1222 237 1268 domino
264 1239 368 1279 suo,
398 1223 504 1268 dicit
536 1240 637 1268 eum
671 1223 751 1268 sibi
785 1222 964 1266 dixisse:
994 1241 1014 1264 «
1039 1224 1138 1267 Non
1170 1237 1311 1266 sumes
1340 1238 1450 1267 uxo-

63 1311 83 1334 »
118 1309 207 1338 rem
232 1293 321 1338 filio
338 1309 435 1338 meo
458 1311 481 1338 a
504 1293 675 1338 filiabus
699 1294 1048 1339 Chananaeorum
1064 1328 1074 1348 ,
1100 1293 1214 1336 inter
1235 1309 1345 1353 quos
1368 1309 1450 1352 ego

63 1381 83 1405 »
118 1363 267 1408 habito
290 1364 334 1408 in
357 1373 469 1409 terra
492 1380 644 1408 eorum
671 1384 679 1409 :
706 1364 782 1409 sed
806 1364 850 1407 in
877 1362 1057 1408 domum
1081 1363 1213 1423 patris
1234 1364 1319 1407 mei
1340 1364 1420 1408 ibis
1436 1399 1447 1420 ‚

63 1451 84 1475 »
115 1443 158 1478 et
180 1437 224 1477 in
243 1434 406 1478 tribum
420 1450 577 1489 meam,
607 1445 649 1479 et
663 1450 806 1479 sumes
827 1450 1007 1478 uxorem
1020 1434 1109 1478 filio
1129 1450 1225 1478 meo
1247 1434 1348 1478 inde
1363 1437 1377 1460 3
1397 1453 1406 1479 ι
1428 1454 1445 1475 »

61 1515 104 1550 et
130 1515 284 1550 caetera
313 1507 346 1549 si
383 1505 583 1564 legantur
611 1505 984 1566 quemadmodum
1013 1504 1075 1548 illi
1105 1504 1311 1550 mandata
1333 1506 1445 1561 sint,

12 1573 13 1584 ¹
60 1576 271 1620 sententia
300 1575 451 1619 eadem
485 1577 718 1635 reperitur,
750 1576 883 1620 verba
914 1592 1018 1620 vero
1051 1592 1140 1620 non
1177 1577 1343 1631 omnia,
1381 1575 1451 1620 vel

59 1647 172 1706 ipsa,
200 1645 270 1690 vel
285 1646 342 1690 ita
361 1645 474 1690 dicta
493 1656 609 1691 sunt.
639 1646 769 1699 Quod
792 1645 1121 1690 admonendum
1143 1647 1293 1705 putavi
1312 1662 1446 1706 prop-

60 1725 124 1760 ter
146 1716 300 1761 stultos
323 1726 366 1760 et
387 1716 585 1761 indoctos
600 1717 820 1772 homines,
842 1716 919 1777 qui
940 1716 1227 1774 Evangelistis
1251 1718 1352 1761 hinc
1374 1734 1449 1762 ca-

59 1786 351 1842 lumniantur,
390 1789 511 1847 quod
541 1789 588 1831 in
616 1787 837 1849 aliquibus
870 1788 1013 1833 verbis
1044 1804 1134 1832 non
1168 1790 1287 1832 omni
1316 1788 1448 1833 modo

14 1863 17 1904 ὲ
61 1858 326 1903 conveniunt
342 1893 353 1913 ,
379 1858 574 1918 quamvis
598 1858 727 1902 rebus
755 1869 886 1918 atquc
914 1860 1137 1903 sententiis
1160 1860 1339 1904 omnino
1362 1876 1452 1905 non

63 1928 321 1988 discrepent.
347 1930 474 1974 Certe
497 1928 613 1971 enim
632 1928 763 1972 istum
780 1927 943 1971 librum
966 1944 1080 1972 unus
1100 1929 1234 1973 homo
1256 1930 1447 1990 scripsit,

61 2000 135 2060 qui
171 2015 219 2043 ea
251 2015 350 2060 quae
386 2015 516 2059 supra
548 1998 656 2043 dixit
692 2014 793 2044 cum
831 1999 1061 2043 mandaret
1097 2000 1320 2044 Abraham
1337 2037 1348 2057 ‚
1378 2002 1450 2047 vel

61 2069 217 2114 relecta
239 2071 297 2114 sic
320 2086 482 2130 ponere
512 2070 683 2130 potuit,
708 2069 743 2113 si
772 2068 828 2113 ad
854 2085 944 2113 rem
966 2070 1183 2129 pertinere
1200 2071 1418 2131 judicaret
1436 2107 1447 2127 ‚

62 2155 162 2184 cum
181 2140 338 2185 veritas
369 2140 626 2185 narrationis
658 2139 859 2198 exigitur,
884 2140 965 2185 nisi
987 2149 1037 2184 ut
1058 2157 1204 2185 rerum
1221 2143 1453 2187 sententia-

63 2226 245 2272 rumque
267 2213 320 2256 sit
334 2247 344 2267 ‚
372 2212 531 2273 quibus
552 2211 755 2257 voluntas
771 2247 783 2268 ,
808 2221 987 2272 propter
1007 2228 1142 2274 quam
1163 2213 1451 2259 intimandam

63 2281 193 2326 verba
214 2283 349 2339 fiunt,
376 2283 476 2327 satis
497 2291 719 2343 appareat.

113 2384 120 2400 ¹
142 2379 274 2420 Jud.v1‚
299 2389 350 2420 ¹7·
371 2396 412 2402 —-
431 2386 444 2401 ²
469 2380 612 2421 1sai.vn‚
635 2390 686 2411 12.
711 2396 752 2401 -
772 2377 784 2402 3
804 2381 884 2412 Gen.
902 2389 987 2421 xxiv,
1009 2380 1063 2422 37,
1084 2380 1138 2412 38.

1253 2630 1315 2669 10.
