1872 3267
370 245 454 284 316
780 252 814 281 s.
850 251 1081 283 Aueusmm
1111 255 1294 283 Emscom

366 322 440 366 illa
478 324 625 364 autem
658 319 807 380 requie
839 319 915 363 ubi
952 336 1082 381 opera
1115 319 1284 366 servilia
1311 319 1526 380 jubentur
1556 334 1741 375 cessare,

366 406 523 450 magna
543 398 606 434 est
627 389 811 434 altitudo
835 390 983 448 gratiae
1010 391 1102 436 Dei.
1134 394 1255 435 Tunc
1286 390 1402 433 enim
1424 390 1536 434 fiunt
1554 404 1654 434 eum
1677 405 1747 434 re-

366 461 468 522 quie
490 476 619 520 opera
641 460 758 504 bona
775 494 786 514 ‚
818 475 919 504 eum
950 460 1055 506 fides
1077 477 1154 522 per
1176 459 1454 505 dilectionem
1481 463 1712 520 operatur¹
1734 480 1743 506 z

370 532 494 575 timor
516 539 662 574 autem
689 538 956 574 tormentum
983 531 1137 586 habet,
1168 540 1211 575 et
1233 531 1279 574 in
1304 539 1522 575 tormento
1555 546 1654 591 quae
1675 545 1746 574 re-

365 602 518 663 quies?
539 600 664 646 Unde
685 601 814 646 timor
831 617 918 646 non
943 611 1005 646 est
1025 602 1072 646 in
1089 603 1297 648 charitate
1315 621 1324 646 ι
1347 621 1366 644 «
1387 601 1581 646 Charitas
1603 609 1747 646 autem

368 692 388 714 »
425 671 583 716 diffusa
607 681 670 716 est
701 672 747 715 in
768 671 971 716 cordibus
998 673 1152 717 nostris
1174 688 1251 732 per
1282 672 1490 731 Spiritum
1524 680 1744 727 sanetum,

369 762 388 785 »
423 743 499 803 qui
521 742 646 787 datus
669 752 732 786 est
748 742 873 787 nobis
888 746 920 786 ².
940 761 960 784 »
984 741 1087 788 Ideo
1112 763 1132 785 «
1151 743 1388 788 Sabbatum
1410 742 1580 802 requies
1601 751 1749 787 sancta

368 832 388 854 »
424 812 655 856 Domino³.
684 830 705 853 »
731 813 809 857 Dei
843 812 1003 857 scilicet
1037 813 1183 872 gratiae
1211 811 1466 868 tribuenda,
1502 828 1592 857 non
1622 812 1749 856 nobis

364 882 485 928 velut
514 899 565 926 ex
585 883 725 927 nobis.
757 883 964 944 Alioquin
985 893 1130 929 nostra
1153 899 1281 944 opera
1309 882 1368 928 sic
1395 892 1522 927 erunt
1539 919 1549 939 ‚
1586 892 1637 927 ut
1664 883 1749 927 sint

366 956 580 1009 humana,
613 964 688 998 aut
709 965 884 1014 peccata
911 975 919 999 :
947 965 1021 999 aut
1046 971 1147 1000 eum
1168 956 1345 1010 timore,
1370 971 1460 999 non
1482 970 1583 999 eum
1611 954 1748 998 dilec-

369 1026 511 1083 tione3
535 1034 578 1068 et
599 1025 697 1068 ideo
719 1024 886 1070 servilia
919 1026 1010 1069 sine
1029 1025 1192 1086 requie.
1223 1025 1455 1070 Plenitudo
1477 1034 1624 1070 autem
1650 1025 1749 1069 sab-

370 1096 454 1139 bati
472 1096 551 1138 erit
562 1096 607 1139 in
624 1097 772 1155 requie
789 1096 1064 1155 sempiterna.
1079 1100 1178 1142 Non
1192 1097 1309 1141 enim
1326 1094 1481 1142 frustra
1501 1096 1747 1141 institutum

367 1176 430 1210 est
452 1176 494 1211 et
517 1167 749 1211 sabbatum
771 1167 1053 1212 sabbatorum
1067 1169 1098 1211 ⁴.

837 1288 1073 1337 QUAESTIO
1105 1288 1292 1329 CLXXIII
1306 1287 1320 1310 ⁵
1328 1319 1336 1328 .

428 1391 636 1434 Summus
653 1387 832 1450 quando
852 1389 972 1449 prius
993 1389 1166 1434 loeutus
1183 1398 1247 1434 est
1266 1392 1380 1434 Deus
1397 1389 1451 1433 de
1471 1388 1752 1434 tabernaculo

366 1461 605 1519 unguendo
619 1495 630 1516 ,
665 1459 772 1504 dixit
793 1459 944 1504 eadem
967 1460 1174 1504 unctione
1197 1460 1454 1505 sanctificari
1484 1459 1556 1505 illa
1578 1460 1721 1504 omnia
1739 1495 1751 1515 ‚

366 1540 409 1574 et
434 1531 525 1574 fieri
550 1533 705 1576 Sancta
728 1531 1021 1575 sanctorumss.
1054 1530 1201 1575 Altare
1231 1540 1376 1575 autem
1400 1530 1751 1575 holocaustoma-

366 1610 461 1645 tum
483 1601 634 1644 eadem
654 1601 862 1645 unctione
885 1601 1222 1656 sanctificatum,
1242 1601 1407 1645 dixerat
1428 1601 1522 1644 fieri
1547 1603 1753 1646 Sanctum

365 1673 524 1717 sancti⁷
548 1692 556 1717 ε
582 1681 625 1716 et
640 1673 724 1716 hoc
747 1672 950 1716 interesse
973 1671 1217 1728 videbatur,
1239 1671 1359 1732 quod
1379 1671 1488 1716 nihil
1511 1687 1662 1716 eorum
1685 1672 1754 1716 di-

365 1743 491 1786 xisset
515 1745 723 1787 Sanctum
743 1751 1007 1796 sanctorum,
1029 1741 1109 1785 nisi
1132 1741 1252 1801 quod
1275 1751 1444 1786 tantum
1465 1741 1563 1786 velo
1582 1756 1752 1801 separa-

366 1814 496 1856 batur
518 1828 541 1856 a
566 1815 723 1857 Sancto
740 1848 750 1867 ‚
772 1811 819 1856 id
836 1820 919 1867 est,
941 1811 1017 1855 ubi
1038 1820 1129 1855 erat
1147 1826 1243 1855 area
1267 1811 1529 1855 Testamenti
1549 1820 1592 1855 et
1617 1810 1752 1855 altare

366 1884 544 1928 incensi.
582 1886 708 1929 Nune
734 1892 880 1927 autem
902 1898 1003 1927 eum
1026 1883 1177 1927 eadem
1203 1892 1441 1942 repeteret,
1473 1883 1580 1927 dixit
1609 1881 1663 1926 de
1687 1893 1752 1927 ta-

366 1954 600 1999 bernaculo
622 1963 755 1999 uncto
779 1963 822 1998 et
847 1954 913 1997 his
946 1969 1045 2014 quae
1078 1954 1122 1996 in
1150 1953 1225 1998 illo
1254 1963 1415 2008 essent,
1447 1953 1569 2014 quod
1601 1952 1749 1998 eadem

366 2024 572 2069 unctione
603 2023 988 2078 sanctificarentur,
1013 2033 1055 2067 et
1074 2023 1228 2067 fierent
1249 2025 1419 2068 saneta⁸
1439 2043 1447 2068 z
1472 2022 1583 2067 illud
1605 2032 1749 2067 autem

365 2093 499 2138 altare
515 2093 954 2148 holocaustomatum,
976 2092 1029 2137 de
1047 2109 1134 2153 quo
1151 2093 1270 2153 prius
1286 2093 1468 2148 dixerat,
1487 2092 1607 2153 quod
1630 2093 1752 2137 fieret

367 2167 573 2210 Sanctum
591 2164 743 2219 saneti,
764 2162 915 2207 eadem
935 2164 1141 2207 unctione
1165 2179 1281 2207 nune
1304 2163 1412 2208 dixit
1434 2164 1525 2207 fieri
1547 2166 1750 2208 Sanctum

364 2244 612 2279 sanctorum
625 2235 657 2277 9.
680 2233 804 2277 Unde
818 2232 948 2277 datur
964 2232 1147 2292 intelligi
1160 2232 1431 2277 tantumdem
1446 2233 1609 2288 valere,
1631 2232 1751 2293 quod

365 2304 532 2349 dictum
548 2304 570 2348 f
571 2313 690 2348 uerat
707 2306 911 2348 Sanctum
929 2303 1079 2358 saneti,
1095 2313 1311 2363 quantum
1324 2302 1439 2347 valet
1452 2303 1572 2363 quod
1585 2303 1750 2347 dictum

367 2377 573 2419 Sanctum
588 2383 835 2418 sanctorum
853 2383 916 2417 est
934 2389 941 2413 :
960 2388 1008 2417 ae
1030 2387 1106 2432 per
1121 2373 1204 2416 hoe
1220 2381 1263 2416 et
1279 2372 1353 2416 illa
1371 2373 1516 2417 omnia
1538 2380 1687 2426 uncta,
1708 2370 1752 2415 id

413 2485 421 2500 ¹
443 2479 510 2511 Gal.
529 2491 560 2521 v,
575 2479 608 2511 6.
627 2496 667 2502 —
686 2486 699 2502 2
715 2481 804 2511 Rom.
826 2490 859 2519 v,
879 2478 909 2510 5.
931 2495 971 2501 ·-
993 2476 1118 2510 3Ezod.
1139 2488 1236 2519 xxxv,
1252 2485 1283 2509 2.
1305 2475 1372 2502 -4
1387 2479 1464 2509 Lev.
1487 2487 1561 2509 xxv.
1577 2493 1619 2499 —-
1637 2474 1651 2498 5
1667 2475 1749 2508 Alias

363 2545 401 2566 ex
415 2539 526 2576 quaest.
542 2546 653 2567 etun.
677 2552 716 2559 -κ
733 2533 748 2555 (ἶ
774 2534 869 2567 Exod.
890 2544 966 2574 uz,
982 2534 1035 2566 26.
1053 2550 1092 2556 —
1113 2540 1125 2565 7
1153 2533 1199 2565 Μ.
1223 2543 1310 2572 xxix,
1330 2532 1382 2574 37.
1403 2549 1444 2556 -
1463 2531 1477 2554 S
1503 2532 1548 2564 I‹l.
1571 2542 1622 2572 η,
1646 2542 1679 2572 9.
1697 2547 1739 2554 -

366 2597 381 2619 ,0
399 2589 478 2622 lbid.
503 2601 552 2623 ιι).
