1872 3267
370 201 638 239 QUAESTIONES
670 204 716 231 m
747 202 965 242 GENESIM‚
1001 206 1086 232 Lm.
1123 206 1152 231 1.
1370 192 1446 231 171

65 282 161 311 rum
191 266 326 311 debet
352 268 517 312 videri:
550 267 700 312 multis
733 268 848 312 enim
877 268 982 313 locis
1014 270 1098 314 hoc
1130 268 1309 324 accidit,
1345 270 1455 313 etin

65 337 334 393 civitatibus,
360 346 403 381 et
424 338 469 381 in
487 338 743 382 fluminibus
759 373 770 393 ‚
803 347 846 382 et
870 339 914 383 in
936 340 1185 400 quibusque
1214 349 1449 395 terrarum,

62 417 112 453 ut
142 423 193 452 ex
223 408 315 452 aliis
344 418 476 469 atque
504 409 597 453 aliis
626 410 765 453 causis
795 400 865 453 vel
896 410 1187 472 adderentur,
1216 409 1285 455 vel
1306 420 1452 455 muta-

62 487 215 524 rentur
235 479 451 524 vocabula
466 514 477 534 ‚
506 479 618 524 sicut
639 480 769 524 etiam
790 480 890 539 ipsis
912 480 1179 525 hominibus.

555 588 791 637 Qu-‹Es'rlo
824 588 958 629 CXIV.

122 692 293 733 ITERUM
316 688 363 732 in
380 691 496 732 Luza
516 689 719 748 apparuit
736 692 850 734 Deus
866 689 1003 734 Jacob
1015 725 1026 745 ‚
1046 699 1090 734 et
1107 690 1215 734 dixit
1231 690 1287 745 ei,
1317 709 1337 733 «
1361 693 1453 736 No—

65 781 84 804 »
119 776 222 805 men
249 770 374 805 tuum
402 761 493 820 jam
524 776 614 805 non
650 762 879 807 vocabitur
912 762 1076 818 Jacob,
1108 762 1184 807 sed
1207 762 1339 807 Israel
1374 763 1456 807 erit

64 850 84 874 n
119 846 280 877 nomen
302 841 430 875 tuum
456 833 486 875 ².
510 849 530 872 »
558 834 651 876 Hoc
683 832 722 876 ei
746 832 851 877 dicit
873 849 972 878 ecce
993 834 1152 878 iterum
1170 837 1284 878 Deus
1305 835 1350 877 in
1372 835 1454 878 be-

61 902 308 947 nedictione
329 937 340 956 ,
377 917 477 961 quae
518 899 717 961 repetitio
752 904 980 948 confirmat
1012 919 1221 962 magnum
1264 905 1454 964 promis-

60 988 155 1017 sum
177 973 222 1015 in
252 972 335 1016 hoc
361 973 554 1016 nomine.
589 977 699 1019 Nam
722 974 806 1018 hoc
828 974 986 1018 mirum
1010 984 1097 1029 est,
1129 975 1291 1035 quibus
1322 975 1453 1018 etiam

61 1044 191 1089 semel
225 1042 392 1088 dictum
428 1053 517 1099 est,
552 1045 738 1105 amplius
767 1061 838 1089 eos
870 1061 960 1089 non
991 1046 1137 1090 vocari
1175 1046 1296 1106 quod
1328 1062 1454 1090 voca-

61 1115 221 1159 bantur
242 1150 252 1168 ,
287 1115 363 1158 sed
386 1114 506 1175 quod
535 1116 593 1159 eis
621 1131 784 1160 novum
817 1131 979 1160 nomen
1009 1116 1344 1176 imponebatur,
1363 1133 1454 1161 om-

62 1185 167 1229 nino
190 1184 374 1244 amplius
392 1184 557 1244 aliquid
576 1201 665 1229 non
688 1194 862 1230 vocatos
880 1186 961 1230 nisi
975 1187 1096 1246 quod
1118 1187 1177 1230 eis
1200 1187 1453 1246 impositum

60 1255 114 1299 sit
137 1271 146 1295 t
168 1256 298 1299 istum
321 1265 468 1299 autem
491 1270 568 1314 per
591 1265 727 1299 totam
749 1257 884 1300 vitam
911 1272 1034 1300 suam
1057 1266 1100 1301 et
1123 1256 1328 1317 deinceps
1355 1267 1453 1317 post

62 1326 196 1371 vitam
217 1342 339 1370 suam
361 1326 630 1386 appellatum
649 1343 739 1371 esse
763 1328 916 1383 Jacob,
941 1329 1012 1372 cui
1036 1332 1172 1386 (non)
1190 1329 1321 1373 semel
1339 1333 1453 1374 Deus

60 1396 243 1451 dixerat,
275 1416 296 1439 «
311 1399 408 1442 Non
425 1398 515 1456 jam
536 1397 760 1442 vocaberis
778 1398 913 1442 Jacob
931 1434 941 1453 7
958 1398 1035 1442 sed
1049 1399 1181 1443 Israel
1193 1399 1274 1443 erit
1288 1415 1451 1443 nomen

63 1484 83 1508 υ
119 1476 259 1510 tuum.
289 1484 308 1507 >›
335 1467 551 1512 Nimirum
573 1483 674 1525 ergo
705 1484 868 1512 nomen
890 1469 974 1513 hoc
1004 1469 1059 1514 ad
1090 1469 1210 1513 illam
1238 1479 1354 1514 recte
1384 1471 1452 1514 in-

60 1537 270 1595 telligitur
287 1538 502 1596 pertinere
523 1538 855 1597 promissionem
883 1540 961 1584 ubi
983 1540 1042 1584 sic
1063 1540 1285 1583 videbitur
1309 1544 1447 1597 Deus,

60 1605 282 1666 quomodo
306 1622 393 1650 non
416 1616 479 1650 cst
501 1617 626 1651 antea
643 1609 840 1653 Patribus
856 1610 987 1654 visus.
1006 1610 1074 1653 Ibi
1091 1626 1181 1654 non
1195 1611 1276 1654 erit
1290 1627 1451 1655 nomen

59 1686 204 1731 vetus,
223 1677 324 1736 quia
340 1677 448 1720 nihil
466 1678 708 1721 remanebit
728 1678 799 1722 vel
820 1680 865 1722 in
885 1679 980 1738 ipso
998 1696 1180 1740 corpore
1192 1674 1420 1727 *vetustatis
1435 1718 1445 1738 ‚

61 1757 104 1793 et
125 1749 201 1793 Dei
215 1749 321 1793 visio
344 1764 565 1793 summum
588 1751 668 1794 erit
687 1751 931 1810 praemium.

566 1860 801 1909 QUAESTIO
833 1862 949 1902 cxv.

119 1961 169 2006 ΙΝ
196 1959 413 2020 promissis
444 1961 580 2005 Jacob
610 1962 797 2021 dicitur3
828 1983 848 2007 «
874 1966 1032 2010 Gentes
1064 1975 1108 2010 et
1144 1966 1448 2024 congregatio-

67 2047 86 2073 »
119 2046 194 2075 nes
228 2031 423 2090 gentium
459 2042 587 2095 erunt
619 2049 670 2076 ex
698 2037 782 2078 te2.
810 2053 830 2076 »
867 2036 1088 2089 Quaeritur
1115 2046 1265 2080 utrum
1300 2046 1449 2096 gentes

64 2101 300 2145 secundum
323 2118 512 2158 carnem,
538 2106 892 2163 congregationes
909 2117 1054 2151 autem
1077 2108 1273 2165 gentium
1290 2123 1448 2152 secun-

63 2170 167 2216 dum
186 2171 336 2227 fidem,
368 2189 422 2216 an
444 2184 682 2235 utrumque
703 2186 880 2236 propter
898 2177 1030 2221 fidem
1059 2179 1255 2237 gentium
1277 2178 1444 2223 dictum

64 2250 145 2295 est,
182 2243 214 2286 si
243 2252 388 2301 gentes
424 2244 630 2304 appellari
662 2263 751 2291 non
783 2258 966 2307 possunt
992 2264 1079 2294 una
1098 2264 1202 2307 gens
1225 2249 1357 2294 Israel
1378 2265 1445 2293 se-

64 2311 254 2357 eundum
274 2330 467 2358 carnem.

111 2413 119 2429 ¹
140 2409 217 2441 Gen.
233 2419 330 2451 xxxv,
355 2420 388 2452 9,
413 2422 464 2443 10.
486 2427 527 2433 —-
546 2411 655 2444 ²1bid.
685 2424 733 2444 11.
