1872 3267
351 232 607 259 LOCUTIONES
638 231 692 258 DF,
724 232 941 270 Nummus,
978 235 1059 261 Lm.
1097 234 1155 261 ιν.
1391 223 1444 263 85

120 298 254 341 CXX.
287 315 306 337 «
327 298 382 341 Et
409 311 496 340 non
517 295 577 339 ibi
600 305 810 356 erataqua
833 297 997 357 populo
1020 298 1193 342 hilm-<³1
1223 318 1231 344 ε
1257 316 1276 339 n
1293 313 1371 359 pro
1394 313 1445 344 eo

60 366 180 429 quod
195 376 281 423 est,
308 366 363 411 ad
384 366 644 410 bibendum.

118 441 276 484 CXXI.
309 457 328 481 «
351 441 549 499 Loquere
578 437 674 482 filiis
705 438 892 483 Isra'e'let
908 439 1023 484 dices
1040 438 1096 484 ad
1117 443 1218 500 <3982
1241 459 1249 486 ε
1272 459 1290 482 »
1319 442 1445 486 sulli-

14 515 16 555 ὲ
58 525 155 555 core
177 510 351 554 videtur
366 545 381 565 ,
416 528 434 550 «
453 512 650 569 Loquere
664 508 762 553 filiis
784 509 927 553 Israel.
946 529 964 551 »

116 582 298 625 CXXII.
325 600 344 622 «
364 584 420 625 Et
441 580 586 625 omnia
608 579 724 625 idola
746 580 889 626 fusilia
907 597 1057 627 eorum
1081 581 1269 642 perdetis
1290 584 1363 626 ea3
1390 602 1399 629 ;
1420 602 1439 624 »

56 651 152 712 plus
175 651 328 706 habet,
358 670 378 693 «
412 666 475 694 ea.
515 668 534 691 n

113 723 318 766 CXXIII.
351 741 370 763 «
405 724 498 766 Hoc
529 721 610 766 erit
638 721 761 767 vobis
791 722 896 767 fines
926 722 1110 767 maris⁴z
1140 741 1159 763 »
1185 738 1274 767 non
1296 721 1406 768 dixit
1432 743 1440 769 :

58 812 79 835 «
99 793 154 837 Hi
177 802 306 837 erunt
321 792 457 837 vobis.
487 811 506 833 »

110 866 309 909 CXXIV.
337 883 355 905 «
390 867 447 908 Et
468 864 551 907 hoc
574 863 656 908 erit
688 864 812 908 vobis
843 864 950 908 fines
986 863 1041 908 ad
1069 863 1363 925 Aquilonem⁵
1387 884 1395 910 ε
1417 883 1436 906 »

51 936 203 980 eadem
226 935 408 995 repetita
430 934 594 979 locutio
617 944 695 979 est.

10 1012 14 1064 2
107 1008 282 1052 CXXV.
303 1026 323 1048 «
344 1010 399 1051 Et
416 1016 544 1051 erunt
561 1007 753 1051 civitates
770 1007 829 1051 eis
844 1006 1063 1052 habitare⁰
1082 1023 1090 1047 :
1114 1025 1134 1048 »
1155 1021 1235 1067 pro
1249 1023 1301 1052 eo
1318 1007 1440 1068 quod

48 1077 133 1124 dici
150 1077 259 1122 solet
273 1113 283 1133 ‚
309 1079 363 1122 ad
386 1078 692 1122 habitandum.

8 1170 12 1221 3
105 1151 303 1195 CXXVI.
350 1169 370 1192 «
405 1150 588 1207 Refugia
623 1158 752 1193 erunt
784 1149 906 1195 vobis
945 1149 1094 1208 fugere
1136 1149 1212 1194 illo
1250 1150 1438 1195 homici-

48 1239 67 1262 »
95 1221 196 1265 dam
211 1223 228 1247 ⁷
254 1235 271 1265 ε’
289 1239 308 1261 »
335 1219 456 1280 quod
477 1220 632 1264 usitate
661 1219 745 1264 dici
765 1230 910 1280 posset
935 1240 944 1266 :
975 1240 995 1264 «
1016 1223 1072 1265 Ut
1094 1219 1233 1280 fugiat
1254 1220 1329 1266 illo
1352 1221 1436 1267 ho·-

43 1291 215 1336 micida.
254 1310 273 1332 »

100 1365 322 1409 CXXVII.
356 1366 455 1408 «Et
492 1361 648 1407 ineolae
681 1363 758 1423 qui
780 1364 825 1407 in
854 1363 1001 1420 vobis,
1040 1364 1133 1409 istae
1162 1365 1356 1410 civitates
1387 1365 1435 1411 in

43 1452 64 1476 >›
88 1434 327 1492 refugium⁸
348 1454 356 1479 :
380 1453 400 1476 >›
423 1433 632 1493 singulari
645 1449 830 1479 numero
847 1434 1039 1494 positum
1054 1444 1132 1490 est,
1161 1455 1180 1477 «
1199 1436 1354 1480 incolae
1377 1455 1386 1481 :
1409 1455 1429 1478 »

40 1503 85 1549 id
102 1513 185 1560 est,
210 1505 312 1549 huic
340 1504 494 1549 incolae
523 1504 599 1564 qui
622 1505 666 1548 in
688 1504 836 1563 vobis3
861 1506 1070 1565 quoniam
1098 1506 1242 1550 minus
1271 1506 1428 1562 habet,

45 1595 64 1618 α
89 1584 152 1619 est
170 1593 181 1619 ;
210 1594 229 1617 )>
256 1576 495 1631 nonenim,
516 1576 619 1630 αἱμα
637 1577 721 1629 Qui
744 1576 787 1619 in
801 1577 921 1621 vobis
942 1586 1050 1632 θείῃ)
1068 1577 1291 1623 notissima
1305 1577 1432 1623 loeu-

40 1648 179 1701 fione,
203 1647 278 1692 sed
301 1647 459 1691 rariore
480 1647 526 1691 in
542 1646 691 1705 lingua
718 1646 851 1692 latina
874 1663 1007 1708 quam
1023 1648 1070 1692 in
1093 1664 1247 1707 graeea.

85 1749 93 1765 ¹
115 1744 208 1775 Num.
227 1754 348 1784 xxxm,
372 1742 423 1785 14.
442 1760 483 1765 -
502 1742 610 1773 21bid.
640 1741 693 1774 51.
718 1759 760 1765 —-
781 1740 794 1765 3
818 1743 898 1774 Ibid.
929 1743 983 1776 52.
1012 1761 1054 1767 ——-
1081 1742 1097 1774 4
1116 1745 1161 1777 ld.
1185 1756 1302 1786 xxxnv,
1321 1745 1354 1778 6.
1384 1761 1427 1770 -·

38 1795 53 1821 5
69 1797 150 1832 Ibid.
173 1809 201 1840 7.
226 1816 267 1821 —
285 1797 300 1818 ’ἶ
314 1799 359 1830 Id.
381 1809 479 1839 xxxv,
500 1798 532 1831 3.
551 1815 592 1820 -
612 1805 624 1830 7
646 1797 725 1830 lbid.
747 1809 797 1830 11.
815 1815 857 1821 —-
879 1798 1066 1831 ⁸11›i‹l.15.

642 2097 813 2116 i}
