1872 3267
332 243 601 282 QUAESTIONES
633 246 678 273 ΙΝ
711 242 906 283 sumens,
942 246 1025 272 Lm.
1061 246 1139 276 vu.
1339 233 1417 273 571

34 311 208 357 dieitur.
236 314 303 358 Ibi
321 314 436 358 enirn
456 312 643 373 populus
661 312 796 367 flevit,
822 327 923 356 eum
940 311 1126 357 audisset
1148 313 1202 357 ab
1224 313 1309 358 hoc
1330 315 1422 358 An-

35 383 131 443 gelo
152 385 285 429 verba
312 384 484 430 Domini
506 382 766 428 vindicantis
789 383 833 427 in
853 400 923 428 eos
940 420 950 439 ‚
981 384 1101 445 quod
1122 383 1422 429 inobedientes

32 454 241 512 fuissent,
279 457 379 517 quia
411 472 499 500 non
528 455 928 499 exterminaverunt
962 454 1147 515 populos
1179 456 1421 500 seeundum

31 536 300 586 praeeeptum
328 529 440 588 ejus,
471 526 629 586 quibus
651 525 1000 586 praevaluerunt,
1029 524 1236 585 eligentes
1259 542 1331 571 eos
1353 525 1420 571 fa—

28 612 126 642 cere
148 598 421 653 tributarios,
447 612 579 658 quam
602 597 848 640 interimere
866 606 909 640 et
930 595 1110 656 perdere
1130 596 1420 657 quemadmo-

29 667 135 713 dum
144 669 330 729 jusserat
341 668 566 714 Dominus.
587 666 717 721 Quod
733 668 821 712 sive
839 676 1091 727 contempto
1103 667 1180 711 Dei
1193 668 1416 724 mandato,

29 739 117 784 sive
139 739 294 784 timore
312 738 507 794 fecerint,
528 754 583 782 ne
600 739 742 782 hostes
760 738 987 782 adversum
1005 753 1049 782 se
1070 738 1208 782 aerius
1226 753 1420 798 pugnare

27 825 108 871 pro
132 809 270 854 salute
293 809 532 854 obtinenda
554 825 687 869 quam
709 825 788 869 pro
817 808 984 853 tributo
1009 824 1098 853 non
1121 809 1267 854 dando
1288 824 1419 869 coge-

27 890 141 936 rent,
157 881 249 924 sine
265 881 403 925 dubio
415 890 721 942 peecaverunt,
737 880 807 926 vel
821 879 1064 941 spernendo
1080 879 1200 941 quod
1213 879 1419 926 divinitus

28 951 291 1011 imperatum
312 960 402 1007 est,
423 951 493 996 vel
510 968 599 996 non
620 950 924 1012 praesumendo
945 951 1067 1012 quod
1084 966 1155 995 eos
1177 960 1321 1011 posset
1341 951 1418 1012 qui

26 1022 311 1083 imperaverat
332 1022 551 1083 adjuvare.
573 1023 702 1078 Quod
719 1023 817 1068 ideo
835 1039 913 1083 per
935 1026 1082 1067 Jesum
1109 1021 1250 1067 noluit
1269 1023 1327 1067 eis
1351 1022 1420 1066 di·-

26 1109 144 1149 cere,
176 1094 233 1152 (si
266 1103 412 1138 tamen
442 1094 586 1138 adhue
613 1111 664 1140 eo
691 1095 865 1140 vivente
889 1096 978 1154 jam
1010 1103 1203 1154 coeperat
1230 1094 1350 1149 fieri,
1374 1103 1419 1139 et

25 1180 115 1209 non
142 1164 287 1224 potius
315 1165 664 1225 praeoccupando
694 1175 1084 1209 commemoratum
1116 1163 1260 1209 fuerat
1296 1164 1418 1226 quod

24 1235 101 1280 illo
124 1245 296 1280 mortuo
318 1237 410 1280 fieri
432 1237 567 1296 eoepit
581 1272 592 1291 ,
609 1239 626 1295 )
643 1237 743 1297 quia
765 1237 848 1280 hoe
876 1236 1079 1281 omnibus
1099 1236 1240 1280 voluit
1263 1251 1417 1296 expro-

23 1306 150 1351 brare
178 1323 254 1367 per
281 1306 499 1366 Angelum
533 1328 540 1351 :
574 1307 771 1351 nondum
795 1317 941 1351 autem
974 1322 1121 1351 omnes
1149 1306 1193 1349 id
1226 1305 1417 1352 fecerant

22 1378 197 1424 vivente
223 1380 324 1422 Jesu
341 1413 351 1433 ‚
377 1379 456 1422 etsi
478 1379 610 1439 aliqui
632 1378 744 1423 forte
762 1381 854 1439 jam
883 1387 1122 1438 coeperant.
1153 1377 1416 1423 Credibilius

23 1458 87 1493 est
104 1458 250 1493 tamen
266 1448 375 1492 nihil
393 1448 477 1492 tale
504 1449 596 1492 fieri
619 1459 815 1509 coeptum
838 1449 1011 1494 vivente
1029 1451 1132 1493 Jesu
1152 1451 1292 1504 Nave,
1314 1459 1414 1494 tan-

23 1529 206 1580 tumque
230 1528 444 1563 terrarum
469 1519 551 1563 sub
575 1519 650 1564 illo
673 1521 861 1564 tenuisse
882 1519 993 1564 filios
1017 1520 1170 1576 Israel,
1199 1530 1415 1581 quantum

22 1591 82 1635 eis
103 1590 159 1635 ad
191 1589 507 1635 considendum
537 1591 778 1647 sufficeret,
811 1590 1008 1651 quamvis
1042 1591 1087 1634 in
1117 1591 1305 1636 sortibus
1328 1592 1415 1636 suis

19 1662 235 1706 haberent
256 1660 374 1705 unde
396 1661 627 1706 ereseendo
656 1671 699 1706 et
726 1661 1068 1707 convalescendo
1094 1662 1237 1707 adhue
1261 1662 1415 1707 adver-

20 1734 151 1779 sarios
175 1733 524 1778 exterminarent.
551 1734 739 1778 Proinde
759 1743 857 1794 post
879 1744 1065 1779 mortem
1084 1737 1187 1779 Jesu
1202 1770 1213 1789 ,
1238 1744 1413 1795 postea—-

20 1821 152 1866 quam
169 1803 493 1865 praevaluerunt
515 1814 566 1849 ut
586 1806 670 1850 hoe
691 1815 867 1865 possent
890 1803 1047 1861 faeere,
1068 1805 1320 1850 maluerunt
1342 1822 1414 1851 eos

19 1877 182 1921 habere
204 1876 451 1920 tributarios
475 1876 717 1921 seeundum
738 1876 1011 1921 voluntatem
1033 1893 1171 1931 suam,
1193 1893 1326 1938 quam
1350 1878 1416 1921 in-

20 1947 220 1993 terimere
254 1956 297 1991 et
323 1946 505 2007 perdere
535 1947 778 1992 seeundum
803 1946 1073 1992 voluntatem
1097 1948 1175 1992 Dei
1200 1968 1209 1992 ;
1233 1957 1414 2008 propter

19 2019 104 2063 hoe
128 2018 182 2062 ad
211 2033 283 2062 eos
311 2017 606 2077 corripiendos
632 2019 822 2077 Angelus
851 2014 1003 2064 missus
1037 2028 1113 2063 est.
1149 2018 1278 2073 Quod
1309 2035 1413 2064 vero

19 2099 408 2134 commemoratum
435 2099 499 2133 est
531 2090 576 2132 in
605 2089 717 2134 libro
749 2093 854 2134 Jesu
882 2093 1021 2145 Nave,
1054 2090 1187 2148 magis
1216 2090 1412 2136 existimo

19 2160 369 2221 praeoeeupando
390 2164 821 2217 commemoratuml,
848 2161 969 2222 quod
990 2171 1087 2221 post
1111 2163 1203 2222 ejus
1225 2171 1411 2206 mortem

18 2231 87 2276 vel
104 2232 302 2275 futurum
320 2247 409 2275 esse
421 2234 509 2292 jam
528 2232 617 2291 ipse
637 2242 816 2276 noverat
836 2232 1094 2292 prophetico
1108 2232 1279 2291 spiritu,
1299 2233 1332 2276 si
1354 2232 1409 2276 ab

19 2301 96 2346 illo
126 2301 238 2345 liber
268 2303 538 2361 conscriptus
561 2311 646 2356 est,
677 2303 753 2363 qui
780 2301 1024 2363 appellatur
1047 2305 1149 2346 Jesu
1172 2305 1288 2347 Nave
1306 2339 1316 2358 ‚
1342 2302 1408 2346 vel

20 2373 54 2417 si
76 2372 130 2416 ab
149 2371 233 2417 alio
251 2374 434 2433 scriptus
451 2383 530 2427 est,
549 2373 638 2433 jam
652 2372 817 2417 factum
835 2389 924 2418 esse
940 2373 1103 2418 sciehat
1116 2383 1212 2433 post
1226 2383 1408 2419 mortem

20 2445 123 2487 Jesu
138 2478 148 2497 ‚
176 2443 297 2504 quod
323 2445 368 2487 in
385 2443 460 2488 illo
478 2443 590 2488 libro
612 2445 962 2504 praeoccupando
985 2446 1355 2489 commemoravit.

68 2547 78 2563 ¹
98 2542 193 2573 Josntss
211 2552 279 2583 xm,
304 2541 355 2583 13,
370 2545 434 2573 ete.
