1872 3267
415 196 495 236 154
851 205 886 235 s.
922 207 1152 238 Ancusnm
1185 211 1368 241 Emscom

405 274 589 334 cupivit,
614 282 658 318 et
673 273 862 318 Abrahae
879 274 1040 319 amicus
1056 284 1119 320 est
1139 274 1276 321 factus
1292 296 1303 332 ς
1319 275 1464 335 potuit
1481 289 1585 334 ergo
1596 275 1688 335 jam
1701 288 1792 319 esse

406 343 530 404 quasi
554 343 825 388 centenarius
842 377 853 399 ,
886 343 920 387 si
943 353 1041 403 post
1065 344 1177 391 illud
1204 346 1372 391 factum
1398 343 1590 389 filiorum
1614 358 1792 389 suorum

406 413 594 473 perrexit
615 413 661 457 in
680 413 800 458 illam
820 422 980 458 terram
997 413 1121 459 famis
1147 417 1400 460 necessitate
1417 418 1549 460 Isaac.
1568 416 1668 460 Non
1689 429 1793 473 ergo

407 500 458 529 ex
484 485 566 530 hoc
586 485 702 544 cogit
728 484 816 529 ulla
840 485 1067 530 necessitas
1081 521 1093 542 ,
1116 502 1194 546 per
1215 485 1618 547 recapitulationem
1640 494 1794 545 putare

406 565 625 600 narratam
646 555 962 615 profectionem
979 559 1095 602 Isaac
1117 557 1163 601 in
1187 559 1364 602 Gerara.
1390 557 1475 603 Sed
1492 557 1594 616 quia
1609 555 1673 600 ibi
1694 555 1796 600 diu-

406 635 538 671 turno
562 635 757 685 tempore
779 624 909 670 fuisse
935 628 1051 670 Isaac
1066 627 1267 671 scribitur
1280 662 1292 683 ‚
1318 636 1362 671 et
1377 636 1531 687 puteos
1551 624 1731 681 fodisse,
1751 635 1796 670 θῖ

405 697 460 741 de
484 698 550 741 his
573 696 867 752 contendisse,
891 706 934 741 et
953 696 1141 742 ditatum
1162 698 1294 743 fuisse
1313 698 1519 758 pecunia3
1538 697 1697 741 mirum
1714 696 1797 741 nisi

406 767 737 827 recapitulando
751 768 830 812 ista
843 777 1255 825 commemorantur,
1276 785 1375 828 quae
1389 769 1489 813 ideo
1505 766 1678 811 fuerant
1689 781 1797 826 prae-

405 838 621 893 termissa,
646 847 697 882 ut
719 839 910 897 primum
941 838 996 883 de
1018 839 1114 883 filiis
1135 841 1227 899 ejus
1249 855 1388 901 usque
1417 838 1474 885 ad
1495 838 1622 884 illum
1648 837 1797 883 locum

406 909 461 953 de
479 908 686 954 lenticula
708 910 897 954 narratio
914 910 1174 969 perveniret.

882 1009 1118 1057 QUAESTIO
1149 1011 1321 1049 LXXVI.

466 1115 570 1157 IDEO
603 1111 724 1173 quod
748 1113 955 1172 scriptum
993 1123 1056 1157 θεῖ
1091 1112 1145 1157 de
1182 1116 1298 1158 Isaac
1339 1132 1359 1156 «
1394 1112 1621 1157 Benedixit
1653 1120 1798 1156 autem

411 1202 432 1224 »
467 1198 567 1227 euni
601 1183 831 1237 Dominus,
869 1192 913 1226 et
942 1183 1152 1227 exaltatus
1192 1193 1255 1228 est
1288 1185 1443 1239 homo,
1488 1192 1531 1227 et
1558 1183 1798 1243 procedens
1865 1196 1868 1202 ¹

411 1272 431 1295 »
466 1255 603 1313 major
625 1254 756 1297 fiebat
771 1289 781 1309 ‚
807 1253 1092 1314 quoadusque
1123 1269 1307 1312 magnus
1329 1253 1468 1298 factus
1492 1262 1555 1298 est
1575 1252 1703 1298 valde
1719 1255 1751 1308 1,
1774 1270 1795 1294 »

408 1325 650 1369 secundum
672 1333 890 1368 terrenam
910 1323 1164 1368 felicitatem
1182 1323 1350 1368 dictum
1373 1324 1597 1384 sequentia
1621 1323 1795 1367 docent.

408 1397 648 1456 Exequitur
679 1396 795 1439 enim
828 1404 1025 1439 narrator
1071 1393 1245 1439 easdem
1275 1396 1367 1454 ejus
1407 1394 1603 1450 divitias,
1640 1394 1800 1454 quibus

409 1482 593 1526 magnus
610 1464 750 1511 factus
768 1475 831 1510 est
848 1485 857 1510 ε
875 1475 918 1509 θῖ
934 1466 1037 1509 hinc
1054 1474 1198 1509 motus
1216 1465 1487 1520 Abimelech‚
1509 1465 1656 1509 timuit
1673 1464 1799 1510 illum

407 1538 469 1581 ibi
486 1553 591 1592 esse,
610 1553 664 1581 ne
678 1537 872 1596 potentia
886 1538 976 1596 ejus
998 1536 1080 1580 sibi
1103 1545 1212 1580 esset
1225 1535 1395 1580 infesta.
1415 1539 1678 1596 Quanquam
1697 1551 1800 1595 ergo

410 1606 576 1667 aliquid
592 1606 782 1666 spiritale
799 1607 878 1650 ista
901 1607 1158 1664 significent,
1178 1615 1326 1650 tamen
1354 1606 1596 1650 secundum
1617 1605 1663 1649 id
1680 1607 1801 1666 quod

410 1678 708 1735 contigerunt,
733 1676 831 1721 ideo
863 1677 1132 1736 praemissum
1156 1685 1219 1721 θεῖ
1244 1696 1253 1721 :
1284 1695 1303 1718 «
1329 1675 1554 1720 Benedixit
1586 1691 1688 1720 eum
1709 1679 1800 1720 Do-

413 1767 433 1790 »
460 1748 619 1802 minus,
640 1766 659 1789 »
685 1757 735 1791 ut
755 1763 856 1791 sana
876 1747 963 1791 fide
982 1746 1274 1805 intelligamus
1296 1747 1426 1791 etiam
1446 1747 1526 1791 ista
1546 1746 1801 1805 temporalia

409 1817 540 1873 dona⁷
567 1834 647 1862 nec
679 1817 770 1862 dari
795 1833 937 1876 posse,
964 1832 1043 1860 nec
1064 1817 1223 1873 sperari
1254 1816 1413 1858 debere
1429 1850 1440 1870 ,
1467 1816 1598 1859 etiam
1623 1830 1724 1859 cum
1747 1815 1800 1859 ab

409 1889 720 1932 infirmioribus
743 1894 1024 1945 appetuntur,
1050 1885 1131 1929 nisi
1154 1885 1209 1928 ab
1235 1901 1320 1929 uno
1340 1888 1428 1929 Deo
1450 1905 1459 1930 :
1483 1894 1532 1929 ut
1549 1885 1624 1945 qui
1645 1885 1691 1929 in
1714 1886 1800 1929 mi-
1863 1936 1867 1946 ι

408 1959 536 2002 nimis
552 1956 690 2001 fidelis
709 1967 786 2010 θεῖ,
807 1957 935 2000 etiam
953 1957 998 2000 in
1017 1956 1183 2014 magnis
1202 1956 1340 2000 fidelis
1361 1957 1435 2008 sit3
1452 1966 1495 2000 et
1512 1957 1588 2017 qui
1601 1956 1646 2000 in
1662 1972 1801 2000 mam·
1834 2002 1836 2008 ,

408 2043 537 2071 mona
564 2027 715 2087 iniquo
743 2025 882 2069 fidelis
909 2026 1111 2070 inventus
1143 2035 1226 2082 est,
1265 2027 1395 2071 etiam
1424 2042 1577 2072 verum
1606 2027 1801 2086 accipere
1853 2078 1861 2092 μ

408 2107 627 2142 mereatur
641 2102 674 2151 ¹²,
712 2097 821 2140 sicut
854 2096 1062 2141 Dominus
1094 2096 1140 2140 in
1170 2097 1407 2156 Evangelio
1437 2097 1646 2158 loquitur.
1681 2096 1799 2141 Talia
1854 2094 1860 2157 '-

409 2169 537 2212 etiam
558 2167 612 2211 de
639 2167 857 2211 Abraham
879 2165 993 2210 dicta
1021 2175 1144 2221 sunt,
1170 2167 1291 2227 quod
1318 2168 1356 2211 ei
1378 2183 1559 2212 munere
1586 2167 1663 2211 Dei
1696 2182 1800 2226 pro·
1854 2185 1859 2226 ζ(

407 2239 621 2283 venerint.
648 2237 772 2282 Unde
794 2254 883 2282 non
907 2253 1060 2296 parum
1082 2237 1267 2282 aedificat
1289 2253 1436 2282 sanam
1461 2237 1591 2281 fidem
1621 2238 1692 2296 pie
1726 2237 1798 2281 in-
1855 2278 1859 2297 ἶ

408 2308 703 2367 telligentibus
725 2309 803 2351 ista
821 2308 1026 2362 narratio,
1049 2308 1214 2352 etiamsi
1235 2307 1290 2352 de
1318 2309 1384 2353 his
1406 2308 1534 2352 rebus
1565 2307 1798 2366 allegorica
1860 2358 1861 2371 ἶ

410 2380 664 2437 significatio
688 2378 807 2422 nulla
825 2387 968 2437 posset
990 2376 1178 2436 exculpi.

458 2483 465 2498 ¹
493 2477 570 2506 Gon.
587 2487 675 2516 xxvi,
699 2483 750 2513 12,
773 2474 822 2505 13.
843 2491 884 2496 ——
902 2481 914 2496 a
937 2476 1014 2505 Luc.
1032 2484 1097 2514 xvi,
1123 2485 1173 2504 ιο.
