1872 3267
231 253 487 282 Loccnonsss
521 253 574 280 DE
607 253 971 290 DEUTERONOMH),
1008 253 1089 280 Lm.
1129 254 1169 279 v.
1335 242 1389 280 97

12 321 165 366 teriora
190 321 343 376 tritici,
371 319 486 365 unde
510 317 647 363 farina
675 318 872 379 ejicitur:
906 319 988 363 hoe
1010 319 1125 361 enim
1157 327 1202 363 et
1222 317 1395 378 adipem

10 390 116 436 dixit
132 413 142 449 3
161 407 262 436 nam
275 393 357 436 hoe
374 391 551 435 nomine
566 390 695 434 etiam
714 388 895 433 farinam
911 388 1202 434 solentGraeci
1219 389 1361 433 dicere
1383 409 1391 434 :

11 462 92 507 hoe
128 462 242 506 enim
266 462 400 506 habet
435 475 600 519 graecus
632 460 677 503 in
706 459 882 515 Exodo,
928 459 1006 504 ubi
1042 460 1251 519 seriptum
1289 468 1351 503 est
1384 479 1392 504 :

15 552 35 574 α
60 531 288 577 Elevantes
304 532 487 575 farinam
501 546 629 591 super
641 530 846 595 humeros
862 532 977 574 suos¹
997 550 1004 574 2
1023 549 1042 571 »
1056 546 1219 590 graeeus
1234 530 1398 590 quippe

9 603 217 662 interpres
235 609 354 641 στέατι
373 601 545 662 posuit,
567 600 687 662 quod
710 611 813 646 sunt
831 601 994 661 adipes.

71 675 267 717 LXXIV.
293 691 312 713 «
337 671 436 716 Filii
453 672 498 716 in
515 672 675 732 quibus
693 687 782 716 non
800 681 862 716 est
875 670 982 715 fides
996 680 1043 716 tu
1061 670 1145 715 eis·2
1171 690 1179 715 :
1200 690 1219 712 »
1243 670 1399 716 usitata

0 743 241 804 *Scripturis
262 743 442 788 locutio.

74 817 245 860 LXXV.
268 835 287 856 «
313 814 530 868 Quoniam
546 814 762 875 judicabit
784 815 994 859 Dominus
1015 812 1229 874 populum
1254 829 1397 869 suum,

0 903 38 937 7»
56 897 99 932 et
112 887 156 932 in
173 887 303 932 servis
317 887 403 931 suis
416 886 740 932 consolabitur-³
764 907 771 931 :
796 905 816 927 »
841 902 921 946 pro
938 923 948 941 ‚
967 903 1111 931 servos
1132 902 1230 931 suos
1247 901 1403 931 conso-

0 946 176 1012 ilabitur
197 978 205 1003 :
230 958 313 1002 nisi
335 957 443 1002 forte
465 958 604 1017 ipsum
630 956 842 1002 consolari
864 957 969 1001 dicit
999 956 1208 1002 translato
1236 957 1371 1001 verbo
1388 993 1399 1011 ‚

0 1020 135 1090 [velut
159 1030 213 1073 ab
236 1029 536 1089 indignatione
558 1039 601 1073 et
633 1029 874 1074 offensione
891 1063 901 1083 ‚
934 1044 1021 1089 qua
1043 1044 1143 1072 eum
1168 1027 1404 1072 offendunt

0 1094 132 1175 'mali
158 1101 226 1147 Sic
244 1110 390 1146 autem
430 1101 520 1161 ejus
557 1099 794 1145 consolatio
833 1099 1086 1159 accipienda
1109 1109 1195 1154 est,
1242 1115 1332 1144 non
1355 1116 1405 1143 ex

0 1177 132 1218 'more
153 1171 383 1217 hominum
400 1206 410 1226 ‚
444 1171 555 1215 sicut
579 1186 659 1215 nee
689 1171 750 1214 ira
774 1180 818 1215 et
854 1170 970 1215 zelus
991 1205 1001 1225 ‚
1027 1179 1071 1214 et
1092 1180 1247 1215 eaetera
1285 1170 1406 1214 talia.

74 1245 270 1288 LXXVI.
297 1262 316 1284 «
346 1242 427 1287 Ubi
450 1251 551 1286 sunt
577 1240 638 1285 dii
660 1256 834 1297 eorum,
860 1242 905 1285 in
941 1241 1102 1302 quibus
1139 1241 1333 1286 fidebant
1364 1242 1410 1286 in

18 1334 37 1355 »
64 1314 190 1373 ipsis⁴
219 1334 227 1358 ι
258 1332 277 1354 »
309 1312 492 1373 plenum
514 1320 624 1356 esset
641 1321 685 1356 et
707 1313 800 1357 sine
829 1332 848 1354 α
865 1313 910 1356 in
932 1313 1049 1372 ipsis.
1088 1332 1108 1354 »

74 1386 295 1429 LXXVII.
322 1403 339 1425 «
366 1387 423 1428 Et
443 1382 604 1444 jurabo
636 1381 857 1427 dexteram
879 1386 1068 1428 meam⁵z
1099 1402 1118 1425 »
1151 1382 1195 1428 id
1218 1393 1308 1439 est,
1334 1398 1412 1444 per

16 1456 235 1501 dexteram
256 1470 413 1499 meam.

75 1528 323 1571 LXXVIII.
354 1545 373 1568 «
398 1524 629 1569 Laetamini
656 1524 757 1570 coeli
778 1524 909 1569 simul
932 1540 1033 1570 eum
1056 1540 1107 1569 eo
1128 1560 1138 1580 ‚
1165 1534 1208 1569 et
1229 1525 1413 1571 adorent

0 1616 40 1639 ὐ
62 1613 162 1642 eum
185 1612 335 1642 omnes
372 1596 529 1655 Angeli
551 1596 685 1640 Deiss:
715 1616 734 1637 n
772 1596 844 1640 alii
886 1596 1056 1642 codices
1091 1598 1281 1653 habent,
1312 1618 1331 1639 «
1371 1607 1414 1642 et

0 1702 2 1718 ‚
21 1687 41 1710 »
69 1669 251 1713 adorent
271 1682 372 1712 eum
389 1682 539 1711 omnes
556 1665 634 1709 filii
664 1666 757 1710 Dei.
781 1685 800 1707 »
823 1666 954 1712 Filios
973 1677 1120 1711 autem
1143 1668 1221 1712 Dei
1242 1668 1381 1714 dictos
1400 1705 1410 1723 ,

20 1739 95 1800 qui
118 1737 272 1798 Angeli
294 1746 397 1782 sunt
422 1737 469 1780 in
492 1735 612 1781 coelis
630 1771 641 1791 ‚
666 1751 756 1781 non
782 1735 908 1785 facile
929 1739 973 1782 in
1000 1739 1232 1798 Scripturis
1257 1741 1415 1785 sanctis

0 1827 4 1848 ι
22 1819 257 1854 lnvemtur.

69 1913 75 1928 ¹
103 1907 199 1939 Exod.
224 1917 283 1947 xu,
310 1904 362 1945 34.
398 1919 439 1926 -·
465 1911 477 1926 2
500 1906 594 1935 Dent.
624 1913 711 1942 xxxi,
731 1913 786 1937 20-
811 1921 853 1927 ·—
875 1900 888 1927 3
913 1904 994 1937 lbid.
1012 1906 1064 1938 36.
1087 1904 1263 1939 —41bid.
1286 1906 1340 1948 37.
1372 1925 1414 1929 -

26 1959 41 1985 5
63 1961 143 1994 Ibid.
159 1961 213 2004 4ο.
235 1978 276 1984 -
296 1959 312 1983 0
329 1960 410 1992 lbid.
431 1957 488 2002 42,
506 1959 599 2001 juxta
614 1969 687 1990 Lxx.

250 2662 356 2692 exul
1204 2659 1227 2695 7
