1872 3267
347 302 615 339 QUAESTIONES
650 301 694 328 ιΝ
729 300 938 337 mmmm,
975 299 1056 326 Lm.
1093 299 1141 325 11.
1355 286 1439 325 265

49 392 70 415 »
105 368 336 416 maledices
357 388 365 414 :
395 386 414 409 n
436 366 558 428 quod
579 381 746 426 graecus
767 365 899 410 habet
926 385 933 410 :
964 385 984 407 «
1009 366 1107 410 Non
1128 362 1242 408 dices
1262 362 1392 408 male.
1416 382 1437 404 »

50 448 118 489 An
133 438 377 485 secundum
399 437 512 482 illud
534 435 837 497 accipiendum
855 445 944 492 est,
966 435 1087 497 quod
1103 433 1337 495 Apostolus
1354 434 1439 480 ait:

51 534 73 557 «
106 515 216 558 Nam
235 511 313 556 etsi
325 518 427 554 sunt
443 509 520 570 qui
532 507 740 553 dicuntur
752 507 829 563 dii,
847 507 935 552 sive
948 507 992 551 in
1003 505 1131 561 coelo,
1144 505 1232 550 sive
1249 505 1294 549 in
1311 514 1441 561 terra,

51 603 74 628 »
108 584 235 630 sicuti
252 592 354 628 sunt
370 581 431 626 dii
449 580 579 628 multi
597 589 640 625 et
655 580 822 626 domini
842 578 1018 624 multi¹:
1044 597 1064 620 »
1086 577 1289 622 addendo
1303 578 1442 623 enim:

55 678 76 700 ι(
112 656 249 703 Sicuti
271 664 375 701 sunt
389 690 400 712 ,
422 674 442 697 η
466 655 569 700 deos
590 653 776 713 intelligi
798 653 959 709 voluit,
985 653 1062 714 qui
1081 649 1213 711 digne
1230 651 1360 696 etiam
1377 650 1446 695 di-

55 737 216 775 cuntur
238 747 247 773 :
272 728 330 772 ita
353 741 455 772 sane
472 735 522 771 ut
543 732 672 780 λατρεία
693 741 793 786 quae
811 725 972 770 dicitur
994 739 1153 783 graece,
1179 722 1450 783 etinterpre-

57 809 172 845 tatur
192 798 326 843 latine
346 798 552 853 servitus,
577 795 654 841 sed
677 812 726 841 ea
747 813 846 859 quae
875 797 931 842 ad
953 795 1206 855 religionem
1232 793 1450 854 pertinere

56 870 328 930 intelligitur,
356 885 446 915 non
462 869 676 914 debeatur
698 870 779 914 nisi
797 869 874 913 uni
887 871 975 913 Deo
994 882 1118 923 vero,
1143 866 1219 928 qui
1238 866 1364 910 nobis
1385 875 1449 909 est

56 945 187 988 Deus.
213 939 282 986 Illi
305 949 451 985 autem
473 941 550 1002 qui
572 940 780 985 dicuntur
814 940 902 996 dii,
934 938 1101 983 etiamsi
1133 937 1210 999 qui
1245 946 1346 982 sunt
1373 936 1450 997 qui

57 1012 212 1057 merito
246 1011 470 1067 dicuntur,
495 1011 704 1072 prohibiti
733 1020 834 1056 sunt
861 1009 1088 1064 maledici,
1115 1025 1205 1054 non
1223 1008 1330 1069 jussi
1351 1015 1455 1052 sunt

59 1081 278 1130 sacrificiis
299 1082 370 1129 vel
391 1082 492 1129 ullis
515 1082 653 1128 latriae
676 1082 896 1143 obsequiis
918 1080 1140 1126 honorari.

505 1181 742 1231 QUAEsrlo
773 1180 997 1219 Lxxxvn.

123 1303 143 1325 «
168 1286 266 1331 Nou
288 1284 371 1328 eris
393 1299 495 1329 cum
514 1283 716 1344 pluribus
742 1283 788 1327 in
805 1281 1011 1327 malitia&
1034 1300 1054 1324 »
1075 1283 1138 1328 Ne
1156 1296 1199 1325 se
1217 1279 1320 1324 inde
1336 1279 1458 1341 quis-

62 1370 195 1416 quam
217 1353 450 1410 defendat‚
480 1354 581 1415 quia
611 1370 712 1399 curn
735 1352 934 1415 pluribus
960 1353 1089 1409 fecit,
1121 1361 1195 1397 aut
1217 1351 1315 1396 ideo
1333 1359 1460 1411 putet

64 1442 154 1471 non
176 1441 265 1471 esse
284 1435 529 1487 peccatum.

510 1535 748 1585 QUAESTlO
782 1536 1024 1575 LXXXVIII.

130 1657 151 1681 «
173 1639 238 1682 ET
259 1637 464 1698 pauperis
481 1652 572 1682 non
593 1636 865 1682 misereberis
884 1638 930 1682 in
946 1638 1114 1699 judicio
1128 1640 1160 1683 ³.
1184 1657 1204 1680 »
1229 1637 1319 1685 Nisi
1340 1635 1466 1682 addi-

67 1708 198 1753 disset
215 1744 226 1764 ,
255 1728 276 1750 «
303 1710 354 1752 In
371 1706 564 1768 judicio,
593 1726 613 1750 »
640 1724 800 1767 magna
818 1718 929 1754 esset
956 1710 1157 1771 quaestio.
1186 1709 1271 1755 Sed
1301 1708 1465 1754 intelli-

22 1769 24 1814 Ϊ
69 1778 260 1839 gendum
289 1787 420 1835 esset,
450 1779 618 1824 etiamsi
651 1779 864 1840 scriptum
892 1796 983 1825 non
1016 1791 1140 1827 esset.
1184 1784 1322 1841 Supra
1351 1781 1467 1825 enim

24 1874 26 1894 ι
70 1850 256 1895 dixerat:
282 1852 419 1896 «Non
435 1851 664 1911 apponeris
686 1867 787 1896 curn
806 1851 1108 1908 multitudine,
1129 1851 1349 1897 declinare
1366 1866 1468 1896 cum

26 1948 28 1959 »
74 1941 93 1964 ))
128 1922 349 1982 pluribus,
387 1932 436 1966 ut
465 1921 656 1966 declines
687 1923 936 1981 judicium4
961 1945 970 1969 ι
1000 1943 1020 1966 »
1049 1941 1097 1970 ac
1120 1941 1198 1985 per
1220 1926 1332 1980 hoc,
1367 1944 1386 1967 «
1412 1926 1469 1968 Et

27 1989 29 2010 ³
75 2011 94 2034 »
128 1992 331 2053 pauperis
345 2007 436 2037 non
449 1991 766 2046 misereberisp)
783 2001 928 2052 posset
942 1995 1145 2052 intelligi,
1161 1994 1465 2054 «Injudiciom

29 2065 31 2072 ’
77 2063 161 2120 Sed
181 2079 283 2108 cum
306 2062 507 2108 additum
525 2072 614 2119 est,
637 2061 759 2107 nulla
777 2064 961 2124 quaestio
983 2073 1048 2109 est
1067 2065 1151 2109 hoc
1169 2080 1259 2109 esse
1276 2080 1473 2125 praecep-

76 2144 184 2192 tum,
210 2151 266 2180 ne
283 2134 396 2181 forte
419 2150 520 2181 cum
536 2135 786 2196 judicamus
804 2135 1029 2180 videamus
1045 2136 1262 2196 justitiam
1281 2152 1370 2181 esse
1392 2152 1473 2197 pro

34 2259 35 2267 ἵ
77 2206 209 2251 divite
238 2216 388 2251 contra
420 2221 658 2267 pauperem
676 2241 687 2261 ,
713 2215 756 2250 et
778 2206 904 2251 nobis
937 2215 1055 2251 recte
1084 2205 1226 2251 facere
1248 2206 1474 2252 videamur

78 2277 112 2321 si
132 2286 280 2321 contra
303 2278 517 2338 justitiam
541 2277 720 2337 pauperi
741 2276 964 2322 faveamus
988 2294 1118 2323 causa
1145 2278 1469 2324 misericordiae.

37 2394 39 2404 .
81 2350 195 2392 Bona
219 2358 285 2393 est
307 2364 410 2407 ergo
431 2348 746 2403 misericordia,
768 2348 844 2394 sed
866 2365 955 2393 non
978 2348 1110 2394 debet
1128 2365 1218 2394 esse
1240 2360 1390 2396 contra
1402 2353 1476 2412 ju·-

38 2411 41 2464 ἷ
83 2417 257 2463 dicium.
299 2419 522 2463 Judicium
556 2435 658 2463 sane
686 2419 796 2463 illud
832 2419 1023 2480 appellat
1060 2422 1280 2481 Scriptura
1298 2458 1308 2478 ,
1354 2423 1473 2483 quod

41 2522 43 2531 ,
80 2490 244 2549 justum
259 2499 336 2535 est.
357 2493 421 2535 Ne
436 2490 534 2551 quis
553 2500 698 2534 autem
718 2500 895 2550 propter
912 2492 1038 2536 istam
1056 2493 1316 2537 sententiam
1336 2496 1475 2538 Deum

42 2556 45 2602 ἒ
85 2570 255 2620 putaret
275 2562 613 2607 misericordiam
643 2562 898 2622 prohibere,
935 2564 1057 2625 quod
1087 2565 1284 2626 sequitur
1311 2581 1475 2626 oppor-

135 2663 142 2680 ¹
164 2659 238 2692 Cor.
257 2670 328 2701 vm,
352 2661 383 2692 5.
412 2677 452 2682 -—
473 2666 486 2683 ²
512 2659 609 2693 Exod.
630 2669 720 2702 xxiii,
735 2668 767 2692 2.
793 2677 832 2682 —
853 2658 967 2693 31bid.
989 2661 1020 2694 3.
1043 2678 1084 2684 —
1103 2660 1119 2688 4
1138 2661 1218 2696 Ibid.
1240 2670 1275 2696 2.
