1872 3267
354 245 621 285 Quacsmomsss
653 247 698 273 IN
732 245 935 284 ExoDuM,
972 247 1053 272 Lm.
1090 246 1137 271 11.
1352 232 1432 269 211

48 312 118 357 vel
134 314 371 372 Scripturae
384 315 529 373 potius
545 312 717 357 Veteris
731 311 1011 366 Testamenti,
1029 310 1130 371 quia
1141 308 1296 353 dixerit
1308 311 1439 363 Deus,

49 383 168 444 quod
190 385 280 444 ipse
301 383 452 429 fecerit
473 399 637 429 caecum
655 392 698 427 et
719 392 908 426 mutum.
934 381 1052 435 Quid
1078 396 1182 440 ergo
1210 380 1365 424 dicunt
1382 379 1437 423 de

49 456 236 500 Domino
259 456 432 501 Christo
455 465 602 516 aperte
620 455 665 498 in
688 454 925 514 Evangelio
943 453 1114 498 dicente
1137 472 1146 497 :
1176 470 1195 494 «
1215 454 1310 510 Ego
1336 449 1439 495 veni

51 546 71 568 »
97 535 147 571 ut
167 528 243 587 qui
264 543 354 572 non
374 528 526 572 vident
543 525 742 581 videant,
770 535 812 570 et
836 526 912 587 qui
928 525 1080 570 vident
1101 524 1205 569 caeci
1226 524 1388 567 fiant¹?
1410 540 1431 563 υ

0 630 1 637 ,
46 597 152 651 Quis
175 607 322 642 autem
339 599 419 643 nisi
436 599 641 658 insipiens
661 596 893 642 crediderit
907 596 1073 657 aliquid
1089 594 1255 639 homini
1277 609 1434 639 secun-

50 667 157 712 dum
181 668 284 713 vitia
316 667 555 728 corporalia
587 682 712 728 posse
745 667 965 722 accidere,
1003 665 1126 727 quod
1161 669 1274 711 Deus
1297 664 1440 711 nolit?

0 775 1 781 ,
55 737 138 783 Sed
159 754 260 784 eum
270 741 388 800 juste
410 749 553 784 totum
572 739 685 785 velle
707 755 837 783 nemo
855 738 1053 798 ambigit.

583 835 820 885 QUAEs'rlo
852 836 920 874 lx.

112 941 238 992 Qnon
260 939 471 982 Dominus
502 936 606 982 dicit
627 937 682 982 ad
704 940 910 994 Moysen,
935 956 955 979 ‹<
981 935 1067 981 Sed
1093 951 1212 980 nunc
1243 933 1374 990 vade,
1399 943 1444 979 et

57 1029 77 1052 »
98 1024 179 1069 ego
200 1009 389 1069 aperiam
412 1024 458 1053 os
478 1018 605 1053 tuum
623 1044 633 1065 ,
651 1017 695 1052 et
715 1009 926 1052 instruam
940 1016 982 1051 te
1000 1022 1100 1067 quae
1122 1006 1295 1051 locutus
1309 1022 1352 1049 es
1361 1010 1378 1032 ‘2
1395 1025 1404 1050 :
1421 1025 1440 1048 »

55 1080 154 1125 satis
190 1080 261 1124 hic
297 1089 499 1139 apparet,
537 1095 626 1124 non
654 1088 829 1123 tantum
862 1077 1194 1121 instructionem
1226 1076 1336 1130 oris,
1369 1075 1446 1120 sed

56 1155 190 1215 ipsam
221 1155 351 1199 etiam
383 1155 653 1214 apertionem
687 1153 742 1198 ad
770 1153 847 1198 Dei
882 1152 1154 1198 voluntatem
1188 1162 1231 1197 et
1265 1152 1448 1212 gratiam

56 1226 286 1286 pertinere.
303 1229 401 1271 Non
413 1226 527 1269 enim
541 1226 598 1270 ait
613 1245 621 1269 :
640 1228 731 1269 «Tu
741 1225 858 1284 aperi
872 1240 918 1269 os
930 1234 1073 1279 tuum,
1088 1234 1132 1268 et
1144 1239 1224 1283 ego
1236 1224 1450 1268 instruam

58 1305 122 1351 te,
140 1315 159 1337 »
187 1295 262 1340 sed
275 1305 512 1356 utrumque
528 1296 619 1355 ipse
632 1295 850 1355 promisit,
871 1315 890 1337 <c
906 1295 1109 1354 Aperiam
1124 1303 1167 1339 et
1177 1294 1404 1338 instruam.
1425 1312 1446 1336 »

0 1379 3 1387 ¹
59 1366 176 1410 Alibi
194 1375 341 1410 autem
362 1365 468 1410 dicit
488 1366 534 1408 in
555 1365 727 1409 Psalmo
751 1385 758 1409 :
791 1385 810 1407 «
832 1364 971 1409 Dilata
994 1381 1041 1409 os
1068 1374 1217 1420 tuum,
1243 1375 1286 1409 et
1309 1363 1450 1408 adim-

63 1455 83 1478 »
109 1436 409 1496 pleboilludss.
432 1455 451 1478 »
480 1436 564 1480 Ubi
582 1436 796 1495 significat
815 1436 861 1480 in
886 1436 1064 1480 homine
1087 1435 1358 1481 voluntatem
1380 1451 1452 1480 ac-

61 1506 248 1567 cipiendi
266 1542 278 1562 ,
316 1508 437 1567 quod
468 1510 583 1551 Deus
623 1507 758 1551 donat
793 1506 959 1552 volenti
999 1527 1008 1552 2
1045 1517 1095 1552 ut
1123 1507 1178 1552 ad
1214 1506 1454 1552 voluntatis

59 1578 284 1623 exordium
300 1579 528 1638 pertineat,
549 1598 568 1621 α
594 1578 734 1623 Dilata
748 1595 794 1623 os
812 1588 962 1636 tuum,
981 1598 1000 1619 »
1026 1582 1081 1624 ad
1097 1579 1173 1624 Dei
1186 1588 1334 1624 autem
1347 1594 1448 1637 gra-

0 1673 1 1678 =
63 1648 167 1693 tiam
185 1683 195 1700 ,
225 1668 244 1690 «
263 1651 321 1692 Et
333 1647 585 1708 adimplebo
603 1647 729 1693 iflud.
749 1668 769 1691 »
800 1649 882 1694 Hic
906 1664 1008 1694 vero
1024 1685 1035 1705 ,
1059 1669 1079 1692 «
1103 1652 1161 1695 Et
1182 1650 1373 1710 aperiam
1410 1665 1456 1694 os

66 1738 86 1762 »
113 1729 256 1776 tuum,
286 1729 330 1765 et
350 1720 564 1764 instruam
585 1729 643 1764 te.
664 1739 683 1761 »

596 1829 833 1878 QUAESTIO
863 1831 894 1869 X
904 1861 912 1869 .

129 1952 149 1974 «
172 1934 238 1976 ΕΤ
252 1932 385 1976 iratus
400 1931 622 1975 iracundia
638 1932 850 1976 Dominus
864 1931 1014 1977 dixit4.
1037 1932 1456 1986 »Quemadmodum

69 2003 201 2063 possit
221 2002 407 2061 intelligi
444 2002 630 2046 irascens
667 2005 803 2058 Deus,
838 2003 941 2064 quia
966 2019 1057 2048 non
1090 2005 1201 2049 sicut
1228 2005 1360 2050 homo
1381 2021 1459 2066 per

71 2072 410 2118 irrationabilem
432 2073 823 2132 perturbationem,
842 2089 920 2133 per
939 2074 1086 2118 onmia
1106 2074 1349 2120 tenendum
1370 2086 1449 2132 est,

71 2145 148 2188 ubi
170 2143 255 2188 tale
277 2143 442 2204 aliquid
474 2144 694 2204 Scriptura
717 2144 844 2199 dicit,
870 2160 925 2190 ne
963 2144 1018 2190 de
1051 2146 1136 2190 hoc
1164 2147 1318 2192 eadem
1345 2164 1459 2208 saepe

74 2215 254 2259 dicenda
287 2215 386 2259 sint.
417 2215 501 2259 Sed
519 2215 674 2259 merito
691 2216 923 2276 quaeritur,
950 2232 1028 2261 cur
1048 2216 1119 2261 hic
1141 2217 1274 2262 iratus
1296 2218 1350 2263 de
1369 2218 1460 2264 fra-

74 2294 137 2329 tre
158 2286 298 2343 Moysi
327 2285 500 2341 dixerit,
522 2285 642 2346 quod
664 2286 754 2345 ipse
776 2285 839 2330 illi
857 2285 1111 2347 loqueretur
1134 2287 1187 2332 ad
1211 2289 1424 2348 populum
1448 2311 1457 2336 :

75 2355 244 2401 videtur
265 2357 380 2400 enim
402 2366 610 2417 tanquam
626 2357 845 2402 diffidenti
871 2374 960 2404 non
977 2357 1144 2403 dedisse
1166 2359 1462 2419 plenissimam

77 2424 351 2483 facultatem,
373 2443 506 2488 quam
528 2427 708 2472 daturus
725 2438 840 2487 erat,
865 2438 909 2473 et
926 2445 1004 2488 per
1030 2428 1140 2474 duos
1157 2430 1225 2489 agi
1247 2430 1457 2487 voluisse,

24 2507 28 2561 ι
79 2496 198 2556 quod
214 2507 257 2541 et
268 2513 344 2557 per
362 2513 500 2541 unum
519 2507 682 2557 posset,
711 2498 744 2543 si
765 2499 1027 2543 credidisset.
1054 2502 1367 2545 Verumtamen
1391 2517 1466 2546 ea-

25 2565 28 2650 ἓ

129 2598 135 2614 ¹
157 2594 247 2624 Joan.
270 2603 315 2634 ix,
335 2593 464 2635 39.-—²
485 2593 645 2634 Exod.1v‚
669 2603 717 2626 12.
740 2611 780 2616 ——
800 2592 812 2617 3
832 2594 910 2626 Psal.
939 2605 1035 2635 Lxxx,
1061 2605 1111 2626 11.
1130 2611 1169 2617 —-
1195 2582 1210 2613 4
1229 2596 1461 2640 Exod.1v,14'.

1188 2649 1250 2687 16.
