1872 3267
1833 113 1855 219 -l

450 191 530 228 118
880 199 913 227 S.
949 199 1177 229 AUGUSTINI
1209 202 1389 228 EPIScom

446 264 557 308 filios
584 264 683 319 Dei,
710 264 1059 323 concupiscentia
1085 266 1225 325 lapsos
1255 280 1452 325 peccasse
1482 280 1583 309 cum
1606 265 1820 321 foeminis,

445 350 576 394 quam
592 334 776 392 Angelos
799 349 972 378 carnem
994 350 1082 380 non
1097 336 1307 380 habentes
1328 350 1467 396 usque
1484 335 1538 380 ad
1553 335 1664 380 illud
1676 351 1826 395 pecca-

446 415 541 450 tum
563 404 823 450 descendere
842 406 1031 465 potuisse
1053 426 1061 451 :
1087 407 1285 467 quamvis
1307 407 1361 451 de
1378 407 1641 467 quibusdam
1658 407 1824 452 daemo-

445 476 598 531 nibus,
628 477 704 536 qui
726 476 812 520 sint
832 476 1021 535 improbi
1046 477 1323 533 mulieribus,
1350 494 1372 522 a
1395 477 1543 522 multis
1576 487 1667 521 tarn
1687 478 1825 522 multa

445 546 669 603 dicantur,
694 556 745 591 ut
765 563 854 592 non
875 547 1002 592 facile
1023 548 1077 592 sit
1097 548 1247 593 dehac
1261 564 1307 593 re
1329 547 1576 593 definienda
1594 549 1822 594 sententia.

975 657 1211 706 QUAESTIO
1242 658 1309 698 lv.

523 762 587 804 DE
625 774 721 803 arca
753 761 845 804 No'e
888 759 1025 819 quaeri
1059 757 1167 802 solet
1183 793 1194 815 ,
1235 768 1384 804 utrum
1428 767 1549 804 tanta
1589 760 1846 819 capacitate.

444 839 610 892 quanta
642 830 956 885 describitur1,
991 829 1193 874 animalia
1238 831 1384 875 omnia
1421 846 1521 892 quae
1554 831 1600 876 in
1631 846 1727 876 earn
1755 814 1846 876 ἠμί

446 916 588 960 gressa
621 901 857 956 dicuntur,
893 909 935 944 et
970 915 1085 944 escas
1119 915 1269 945 eorum
1301 900 1412 945 ferre
1443 901 1650 961 potuerit.
1685 895 1850 955 Quam'

447 972 733 1032 quaestionem
762 971 911 1015 cubito
936 970 1195 1027 geometrico
1230 969 1357 1015 solvit
1389 972 1616 1029 Origenes,
1639 985 1844 1036 asserens}

445 1057 535 1086 non
564 1040 723 1085 frustra
755 1041 1020 1100 Scripturam
1050 1041 1232 1095 dixisse,
1271 1042 1391 1101 quod
1414 1045 1582 1099 Moyses
1613 1043 1730 1086 omni
1758 1058 1827 1086 sa-
1839 1037 1848 1102 ‚¹

443 1113 605 1172 pientia
641 1112 947 1171 AEgyptiorum
975 1110 1105 1155 fucrit
1128 1110 1322 1155 cruditus
1350 1116 1365 1137 ‘²
1382 1147 1392 1167 ,
1424 1113 1499 1172 qui
1525 1106 1842 1195 geometricam*

445 1181 705 1226 dilexerunt.
723 1182 934 1227 Cubitum
956 1191 1101 1225 autern
1128 1183 1436 1240 geometricum
1454 1183 1561 1227 dicit
1574 1192 1744 1227 tantum
1757 1196 1841 1256 νεὶ-Ι

445 1254 534 1298 lere
556 1263 770 1315 quantum
787 1263 933 1298 nostra
956 1253 1102 1298 cubita
1123 1269 1196 1297 sex
1216 1253 1378 1298 valent.
1396 1255 1438 1299 Si
1451 1270 1553 1313 ergo
1571 1265 1659 1299 tam
1672 1270 1844 1314 magnai·

445 1326 592 1370 cubita
629 1325 942 1383 intelligamus,
976 1324 1097 1369 nulla
1119 1326 1302 1385 quaestio
1336 1334 1400 1369 est
1426 1335 1560 1370 tantae
1582 1302 1840 1386 capacitatisi

445 1411 589 1442 arcam
611 1394 740 1441 fuisse
757 1404 808 1439 ut
822 1405 966 1455 posset
978 1394 1051 1440 illa
1068 1396 1213 1440 omnia
1234 1396 1472 1440 continere.
1835 1385 1838 1432 f

982 1503 1217 1553 QUAESTIO
1248 1505 1297 1543 v.

510 1609 621 1650 ITEM.
653 1604 865 1665 quaeritur
892 1613 1042 1648 utrum
1078 1619 1175 1648 arca
1209 1613 1295 1649 tam
1324 1619 1478 1663 magna
1508 1614 1685 1649 centum
1707 1575 1835 1651 annis¹

445 1676 669 1736 potuerint
691 1673 891 1718 fabricari
909 1691 932 1718 a
947 1682 1136 1734 quatuor
1153 1674 1350 1718 hominib
1358 1690 1421 1729 us,
1439 1675 1486 1718 id
1497 1684 1576 1730 est,
1588 1678 1679 1720 Noe
1693 1685 1735 1719 et
1750 1677 1833 1720 tri-.

445 1747 528 1791 bus
545 1746 642 1790 filiis
664 1746 789 1805 ejus3.
806 1744 890 1789 Sed
905 1745 939 1795 si
967 1760 1056 1788 non
1073 1744 1231 1803 potuit,
1251 1761 1339 1789 non
1356 1754 1448 1788 erat
1465 1760 1672 1804 magnum
1683 1746 1832 1795 fabrosss

445 1818 550 1863 alios
572 1817 779 1861 adhibere
811 1836 820 1860 ;
845 1816 1041 1876 quamvis
1074 1816 1212 1874 operis
1240 1816 1305 1859 sui
1327 1815 1526 1860 mercede
1545 1826 1719 1876 accepta
1740 1833 1826 1862 non

445 1888 693 1934 curaverint
723 1896 873 1931 utrum
910 1902 1006 1931 eam
1045 1889 1137 1932 Noe'
1178 1887 1413 1945 sapienter,
1446 1903 1501 1932 an
1521 1903 1624 1933 vero
1643 1888 1824 1933 inaniter

445 1958 800 2013 fabricaretur,et
820 1956 919 2001 ideo
936 1973 1026 2001 non
1040 1957 1082 2000 in
1104 1972 1198 2001 eam
1220 1957 1490 2015 intraverint,
1509 1959 1611 2019 quia
1632 1974 1722 2004 non
1738 1974 1823 2004 cre-

447 2029 639 2075 diderint
659 2028 780 2090 quod
795 2027 867 2073 ille
889 2028 1146 2073 crediderat.
1825 2026 1829 2058 ¹

976 2137 1211 2187 QUAESTIO
1244 2139 1310 2177 vi.
1823 2162 1826 2182 .

508 2234 623 2285 Qum
653 2239 716 2274 est
737 2228 857 2290 quod
879 2229 938 2272 ait
952 2264 962 2283 ,
988 2243 1088 2272 cum
1111 2229 1166 2272 de
1183 2242 1292 2272 arcae
1314 2227 1598 2273 fabricatione
1625 2228 1819 2289 loquere-

448 2313 541 2358 tur,
571 2297 815 2346 «lnferiora
837 2294 1098 2344 bicamerata
1119 2309 1162 2343 et
1184 2300 1454 2344 tricamerata
1477 2299 1604 2344 iacies
1633 2316 1728 2344 eam
1742 2302 1784 2345 4?
1803 2318 1817 2342 >1

449 2376 546 2419 Non
577 2373 693 2416 enim
724 2370 927 2414 inferiora
955 2369 1100 2414 sutura
1123 2379 1245 2413 erant
1269 2369 1528 2413 bicamerata
1557 2379 1599 2414 et
1626 2370 1816 2415 tricame-

450 2453 556 2487 rata.
589 2442 672 2486 Sed
699 2442 743 2485 in
761 2442 841 2484 hac
864 2439 1138 2483 distinctione
1159 2449 1290 2483 totam
1315 2441 1621 2485 instructuram
1645 2442 1735 2501 ejus
1758 2442 1821 2489 in„

500 2545 506 2561 ¹
529 2541 606 2569 Gen.
628 2549 670 2577 vi,
695 2538 742 2568 ιΓι.
767 2554 808 2559 —
826 2544 837 2558 ²
854 2538 925 2568 Act.
951 2547 1007 2577 vn,
1028 2546 1080 2567 22¹2.
1101 2553 1141 2557 -
1158 2533 1170 2558 3
1189 2538 1265 2567 Gen.
1294 2547 1336 2577 vn,
1362 2535 1412 2567 15,
1431 2553 1472 2558 -—
1488 2535 1502 2560 4
1525 2536 1606 2568 lbid.
1631 2538 1679 2568 10'.
