<?xml version="1.0" encoding="UTF-8"?>
<!DOCTYPE html PUBLIC "-//W3C//DTD XHTML 1.0 Transitional//EN"
    "http://www.w3.org/TR/xhtml1/DTD/xhtml1-transitional.dtd">
<html xmlns="http://www.w3.org/1999/xhtml" xml:lang="en" lang="en">
 <head>
  <title>
</title>
<meta http-equiv="Content-Type" content="text/html;charset=utf-8" />
  <meta name='ocr-system' content='tesseract 3.04.00' />
  <meta name='ocr-capabilities' content='ocr_page ocr_carea ocr_par ocr_line ocrx_word'/>
</head>
<body>
  <div class='ocr_page' id='page_1' title='image "./operaomniaaccura06auguuoft_0269.png"; bbox 0 0 1872 3267; ppageno 0'>
   <div class='ocr_carea' id='block_1_1' title="bbox 343 321 1434 370">
    <p class='ocr_par' dir='ltr' id='par_1_1' title="bbox 343 321 1434 370">
     <span class='ocr_line' id='line_1_1' title="bbox 343 321 1434 370; baseline 0 -11"><span class='ocrx_word' id='word_1_1' title='bbox 343 331 611 370; x_wconf 74' lang='lat' dir='ltr'>QUAESTrom-:s</span> <span class='ocrx_word' id='word_1_2' title='bbox 644 333 687 360; x_wconf 74' lang='lat' dir='ltr'>IN</span> <span class='ocrx_word' id='word_1_3' title='bbox 723 333 933 369; x_wconf 77' lang='lat' dir='ltr'><strong>EXODUM,</strong></span> <span class='ocrx_word' id='word_1_4' title='bbox 970 335 1052 359; x_wconf 75' lang='lat' dir='ltr'>Lm.</span> <span class='ocrx_word' id='word_1_5' title='bbox 1088 334 1135 358; x_wconf 84' lang='lat'>11.</span> <span class='ocrx_word' id='word_1_6' title='bbox 1350 321 1434 359; x_wconf 73' lang='lat'>259</span> 
     </span>
    </p>
   </div>
   <div class='ocr_carea' id='block_1_2' title="bbox 0 394 1441 2664">
    <p class='ocr_par' dir='ltr' id='par_1_2' title="bbox 0 394 1441 2664">
     <span class='ocr_line' id='line_1_2' title="bbox 50 394 1436 458; baseline 0.001 -19"><span class='ocrx_word' id='word_1_7' title='bbox 50 412 165 442; x_wconf 88' lang='lat' dir='ltr'>»suo</span> <span class='ocrx_word' id='word_1_8' title='bbox 177 431 187 451; x_wconf 93' lang='grc'>,</span> <span class='ocrx_word' id='word_1_9' title='bbox 204 411 337 458; x_wconf 85' lang='lat' dir='ltr'>quam</span> <span class='ocrx_word' id='word_1_10' title='bbox 354 412 444 441; x_wconf 89' lang='lat' dir='ltr'>non</span> <span class='ocrx_word' id='word_1_11' title='bbox 460 394 759 441; x_wconf 84' lang='lat' dir='ltr'>adnominavit</span> <span class='ocrx_word' id='word_1_12' title='bbox 773 410 884 451; x_wconf 83' lang='lat' dir='ltr'>eam,</span> <span class='ocrx_word' id='word_1_13' title='bbox 905 413 925 438; x_wconf 87' lang='lat'>»</span> <span class='ocrx_word' id='word_1_14' title='bbox 950 395 996 440; x_wconf 90' lang='lat' dir='ltr'>id</span> <span class='ocrx_word' id='word_1_15' title='bbox 1012 405 1091 451; x_wconf 81' lang='lat' dir='ltr'>est,</span> <span class='ocrx_word' id='word_1_16' title='bbox 1117 410 1208 440; x_wconf 89' lang='lat' dir='ltr'>non</span> <span class='ocrx_word' id='word_1_17' title='bbox 1222 410 1318 440; x_wconf 85' lang='lat' dir='ltr'>cam</span> <span class='ocrx_word' id='word_1_18' title='bbox 1333 395 1436 440; x_wconf 88' lang='lat' dir='ltr'>fecit</span> 
     </span>
     <span class='ocr_line' id='line_1_3' title="bbox 46 465 1432 528; baseline -0.002 -15"><span class='ocrx_word' id='word_1_19' title='bbox 46 483 241 523; x_wconf 81' lang='lat' dir='ltr'>uxorem,</span> <span class='ocrx_word' id='word_1_20' title='bbox 262 487 283 510; x_wconf 88' lang='lat'>«</span> <span class='ocrx_word' id='word_1_21' title='bbox 301 467 617 512; x_wconf 81' lang='lat' dir='ltr'>Remunerabit</span> <span class='ocrx_word' id='word_1_22' title='bbox 630 482 742 522; x_wconf 76' lang='lat' dir='ltr'>eam,</span> <span class='ocrx_word' id='word_1_23' title='bbox 767 485 788 508; x_wconf 88' lang='lat'>»</span> <span class='ocrx_word' id='word_1_24' title='bbox 809 467 894 512; x_wconf 88' lang='lat' dir='ltr'>hoc</span> <span class='ocrx_word' id='word_1_25' title='bbox 915 476 995 523; x_wconf 79' lang='grc' dir='ltr'>θεῖ,</span> <span class='ocrx_word' id='word_1_26' title='bbox 1015 465 1135 528; x_wconf 91' lang='lat' dir='ltr'>quod</span> <span class='ocrx_word' id='word_1_27' title='bbox 1152 482 1280 526; x_wconf 86' lang='lat' dir='ltr'>supra</span> <span class='ocrx_word' id='word_1_28' title='bbox 1299 466 1432 524; x_wconf 89' lang='lat' dir='ltr'>dixit,</span> 
     </span>
     <span class='ocr_line' id='line_1_4' title="bbox 51 536 1435 597; baseline 0 -15"><span class='ocrx_word' id='word_1_29' title='bbox 51 557 71 582; x_wconf 89' lang='lat'>«</span> <span class='ocrx_word' id='word_1_30' title='bbox 94 542 192 585; x_wconf 91' lang='lat' dir='ltr'>Non</span> <span class='ocrx_word' id='word_1_31' title='bbox 210 539 350 584; x_wconf 85' lang='lat' dir='ltr'>abibit</span> <span class='ocrx_word' id='word_1_32' title='bbox 371 538 430 582; x_wconf 86' lang='lat' dir='ltr'>ita</span> <span class='ocrx_word' id='word_1_33' title='bbox 447 547 496 582; x_wconf 88' lang='lat' dir='ltr'>ut</span> <span class='ocrx_word' id='word_1_34' title='bbox 513 536 725 583; x_wconf 85' lang='lat' dir='ltr'>recedunt</span> <span class='ocrx_word' id='word_1_35' title='bbox 747 537 929 582; x_wconf 85' lang='lat' dir='ltr'>ancillae.</span> <span class='ocrx_word' id='word_1_36' title='bbox 950 556 970 580; x_wconf 84' lang='lat'>»</span> <span class='ocrx_word' id='word_1_37' title='bbox 989 539 1163 582; x_wconf 73' lang='lat' dir='ltr'>‚Iustum</span> <span class='ocrx_word' id='word_1_38' title='bbox 1187 547 1250 581; x_wconf 89' lang='lat' dir='ltr'>est</span> <span class='ocrx_word' id='word_1_39' title='bbox 1270 538 1435 597; x_wconf 87' lang='lat' dir='ltr'>quippe</span> 
     </span>
     <span class='ocr_line' id='line_1_5' title="bbox 47 608 1436 670; baseline -0.001 -16"><span class='ocrx_word' id='word_1_40' title='bbox 47 609 213 670; x_wconf 85' lang='lat' dir='ltr'>aliquid</span> <span class='ocrx_word' id='word_1_41' title='bbox 235 609 430 669; x_wconf 83' lang='lat' dir='ltr'>accipere</span> <span class='ocrx_word' id='word_1_42' title='bbox 450 625 531 669; x_wconf 88' lang='lat' dir='ltr'>pro</span> <span class='ocrx_word' id='word_1_43' title='bbox 553 624 605 653; x_wconf 85' lang='lat' dir='ltr'>eo</span> <span class='ocrx_word' id='word_1_44' title='bbox 620 644 630 663; x_wconf 85' lang='lat'>‚</span> <span class='ocrx_word' id='word_1_45' title='bbox 651 608 770 669; x_wconf 90' lang='lat' dir='ltr'>quod</span> <span class='ocrx_word' id='word_1_46' title='bbox 798 609 1023 654; x_wconf 85' lang='lat' dir='ltr'>humiliata</span> <span class='ocrx_word' id='word_1_47' title='bbox 1045 618 1132 667; x_wconf 73' lang='grc' dir='ltr'>θεῖ,</span> <span class='ocrx_word' id='word_1_48' title='bbox 1156 609 1259 669; x_wconf 89' lang='lat' dir='ltr'>quia</span> <span class='ocrx_word' id='word_1_49' title='bbox 1284 624 1374 653; x_wconf 90' lang='lat' dir='ltr'>non</span> <span class='ocrx_word' id='word_1_50' title='bbox 1396 609 1436 653; x_wconf 90' lang='lat' dir='ltr'>ei</span> 
     </span>
     <span class='ocr_line' id='line_1_6' title="bbox 0 666 1437 736; baseline -0.002 -10"><span class='ocrx_word' id='word_1_51' title='bbox 0 666 1 675; x_wconf 12' lang='grc' dir='ltr'>γ</span> <span class='ocrx_word' id='word_1_52' title='bbox 46 696 89 726; x_wconf 87' lang='grc' dir='ltr'>εθ</span> <span class='ocrx_word' id='word_1_53' title='bbox 109 681 169 725; x_wconf 86' lang='lat' dir='ltr'>ita</span> <span class='ocrx_word' id='word_1_54' title='bbox 186 679 382 736; x_wconf 84' lang='lat' dir='ltr'>miscuit,</span> <span class='ocrx_word' id='word_1_55' title='bbox 406 689 457 724; x_wconf 87' lang='lat' dir='ltr'>ut</span> <span class='ocrx_word' id='word_1_56' title='bbox 474 679 637 724; x_wconf 82' lang='lat' dir='ltr'>faceret</span> <span class='ocrx_word' id='word_1_57' title='bbox 658 695 862 736; x_wconf 82' lang='lat' dir='ltr'>uxorem,</span> <span class='ocrx_word' id='word_1_58' title='bbox 891 679 937 724; x_wconf 92' lang='lat' dir='ltr'>id</span> <span class='ocrx_word' id='word_1_59' title='bbox 954 689 1039 736; x_wconf 86' lang='lat' dir='ltr'>est,</span> <span class='ocrx_word' id='word_1_60' title='bbox 1060 689 1112 724; x_wconf 88' lang='lat' dir='ltr'>ut</span> <span class='ocrx_word' id='word_1_61' title='bbox 1132 679 1437 724; x_wconf 89' lang='lat' dir='ltr'>adnominaret</span> 
     </span>
     <span class='ocr_line' id='line_1_7' title="bbox 0 748 1434 812; baseline -0.003 -15"><span class='ocrx_word' id='word_1_62' title='bbox 0 748 1 754; x_wconf 63' lang='grc'>’</span> <span class='ocrx_word' id='word_1_63' title='bbox 47 768 141 797; x_wconf 87' lang='lat' dir='ltr'>eam</span> <span class='ocrx_word' id='word_1_64' title='bbox 159 753 255 796; x_wconf 88' lang='lat' dir='ltr'>sibi.</span> <span class='ocrx_word' id='word_1_65' title='bbox 279 755 372 796; x_wconf 89' lang='lat' dir='ltr'>Hoc</span> <span class='ocrx_word' id='word_1_66' title='bbox 388 761 533 796; x_wconf 85' lang='lat' dir='ltr'>autem</span> <span class='ocrx_word' id='word_1_67' title='bbox 547 750 668 812; x_wconf 88' lang='lat' dir='ltr'>quod</span> <span class='ocrx_word' id='word_1_68' title='bbox 682 752 890 808; x_wconf 82' lang='lat' dir='ltr'>diximus,</span> <span class='ocrx_word' id='word_1_69' title='bbox 911 772 932 795; x_wconf 92' lang='lat'>«</span> <span class='ocrx_word' id='word_1_70' title='bbox 948 752 1263 796; x_wconf 88' lang='lat' dir='ltr'>Remunerabit</span> <span class='ocrx_word' id='word_1_71' title='bbox 1284 767 1377 796; x_wconf 83' lang='lat' dir='ltr'>eam</span> <span class='ocrx_word' id='word_1_72' title='bbox 1392 769 1434 808; x_wconf 80' lang='lat'>⁷»</span> 
     </span>
     <span class='ocr_line' id='line_1_8' title="bbox 0 821 1437 885; baseline 0 -18"><span class='ocrx_word' id='word_1_73' title='bbox 0 879 3 885; x_wconf 37' lang='grc' dir='ltr'>Ι</span> <span class='ocrx_word' id='word_1_74' title='bbox 46 823 225 884; x_wconf 82' lang='lat' dir='ltr'>quidam</span> <span class='ocrx_word' id='word_1_75' title='bbox 247 823 504 883; x_wconf 79' lang='lat' dir='ltr'>interpretes</span> <span class='ocrx_word' id='word_1_76' title='bbox 534 821 765 879; x_wconf 81' lang='lat' dir='ltr'>dixerunt,</span> <span class='ocrx_word' id='word_1_77' title='bbox 795 842 816 866; x_wconf 91' lang='lat'>«</span> <span class='ocrx_word' id='word_1_78' title='bbox 839 822 1035 867; x_wconf 81' lang='lat' dir='ltr'>Redimet</span> <span class='ocrx_word' id='word_1_79' title='bbox 1068 838 1178 868; x_wconf 83' lang='lat' dir='ltr'>eam.</span> <span class='ocrx_word' id='word_1_80' title='bbox 1203 841 1224 864; x_wconf 87' lang='lat'>»</span> <span class='ocrx_word' id='word_1_81' title='bbox 1250 822 1381 876; x_wconf 88' lang='lat' dir='ltr'>Quod</span> <span class='ocrx_word' id='word_1_82' title='bbox 1403 823 1437 866; x_wconf 91' lang='lat' dir='ltr'>si</span> 
     </span>
     <span class='ocr_line' id='line_1_9' title="bbox 46 894 1438 956; baseline -0.001 -17"><span class='ocrx_word' id='word_1_83' title='bbox 46 895 91 938; x_wconf 91' lang='lat' dir='ltr'>in</span> <span class='ocrx_word' id='word_1_84' title='bbox 121 910 261 954; x_wconf 76' lang='lat' dir='ltr'>graeco</span> <span class='ocrx_word' id='word_1_85' title='bbox 289 894 462 939; x_wconf 87' lang='lat' dir='ltr'>dictum</span> <span class='ocrx_word' id='word_1_86' title='bbox 487 903 597 938; x_wconf 88' lang='lat' dir='ltr'>esset</span> <span class='ocrx_word' id='word_1_87' title='bbox 628 902 906 949; x_wconf 66' lang='grc' dir='ltr'>ἀπολυτρώσεται,</span> <span class='ocrx_word' id='word_1_88' title='bbox 937 894 1147 954; x_wconf 82' lang='lat' dir='ltr'>scriptum</span> <span class='ocrx_word' id='word_1_89' title='bbox 1179 904 1291 939; x_wconf 87' lang='lat' dir='ltr'>esset</span> <span class='ocrx_word' id='word_1_90' title='bbox 1326 894 1438 956; x_wconf 84' lang='lat' dir='ltr'>sicut</span> 
     </span>
     <span class='ocr_line' id='line_1_10' title="bbox 46 964 1436 1026; baseline -0.001 -15"><span class='ocrx_word' id='word_1_91' title='bbox 46 966 255 1026; x_wconf 88' lang='lat' dir='ltr'>seriptum</span> <span class='ocrx_word' id='word_1_92' title='bbox 283 975 345 1011; x_wconf 84' lang='lat' dir='ltr'>est</span> <span class='ocrx_word' id='word_1_93' title='bbox 370 986 378 1011; x_wconf 93' lang='lat'>:</span> <span class='ocrx_word' id='word_1_94' title='bbox 404 985 425 1008; x_wconf 87' lang='lat'>‹&lt;</span> <span class='ocrx_word' id='word_1_95' title='bbox 459 968 517 1010; x_wconf 87' lang='lat' dir='ltr'>Et</span> <span class='ocrx_word' id='word_1_96' title='bbox 536 966 628 1025; x_wconf 90' lang='lat' dir='ltr'>ipse</span> <span class='ocrx_word' id='word_1_97' title='bbox 658 964 842 1010; x_wconf 86' lang='lat' dir='ltr'>redimet</span> <span class='ocrx_word' id='word_1_98' title='bbox 873 966 1056 1023; x_wconf 72' lang='lat' dir='ltr'>Isra&#39;e&#39;l13</span> <span class='ocrx_word' id='word_1_99' title='bbox 1083 985 1103 1008; x_wconf 83' lang='lat'>»</span> <span class='ocrx_word' id='word_1_100' title='bbox 1133 982 1235 1010; x_wconf 81' lang='lat' dir='ltr'>nam</span> <span class='ocrx_word' id='word_1_101' title='bbox 1262 975 1305 1009; x_wconf 88' lang='lat' dir='ltr'>et</span> <span class='ocrx_word' id='word_1_102' title='bbox 1319 972 1436 1005; x_wconf 71' lang='grc' dir='ltr'>ἀπολυ-</span> 
     </span>
     <span class='ocr_line' id='line_1_11' title="bbox 0 1036 1435 1097; baseline 0.001 -19"><span class='ocrx_word' id='word_1_103' title='bbox 0 1067 2 1078; x_wconf 55' lang='lat'>2</span> <span class='ocrx_word' id='word_1_104' title='bbox 46 1043 198 1090; x_wconf 65' lang='lat' dir='ltr'>rpo&#39;msw.</span> <span class='ocrx_word' id='word_1_105' title='bbox 220 1037 430 1097; x_wconf 88' lang='lat' dir='ltr'>scriptum</span> <span class='ocrx_word' id='word_1_106' title='bbox 458 1046 536 1081; x_wconf 84' lang='lat' dir='ltr'>est.</span> <span class='ocrx_word' id='word_1_107' title='bbox 563 1040 615 1080; x_wconf 91' lang='lat' dir='ltr'>In</span> <span class='ocrx_word' id='word_1_108' title='bbox 636 1037 720 1081; x_wconf 89' lang='lat' dir='ltr'>hoc</span> <span class='ocrx_word' id='word_1_109' title='bbox 742 1046 889 1081; x_wconf 79' lang='lat' dir='ltr'>autem</span> <span class='ocrx_word' id='word_1_110' title='bbox 915 1037 1013 1081; x_wconf 86' lang='lat' dir='ltr'>loco</span> <span class='ocrx_word' id='word_1_111' title='bbox 1035 1045 1237 1090; x_wconf 70' lang='grc' dir='ltr'>ἀπολυτρισει</span> <span class='ocrx_word' id='word_1_112' title='bbox 1258 1036 1435 1096; x_wconf 85' lang='lat' dir='ltr'>legitur,</span> 
     </span>
     <span class='ocr_line' id='line_1_12' title="bbox 47 1105 1440 1168; baseline 0.001 -18"><span class='ocrx_word' id='word_1_113' title='bbox 47 1105 124 1150; x_wconf 92' lang='lat' dir='ltr'>ubi</span> <span class='ocrx_word' id='word_1_114' title='bbox 140 1107 399 1167; x_wconf 83' lang='lat' dir='ltr'>intelligitur</span> <span class='ocrx_word' id='word_1_115' title='bbox 421 1107 540 1168; x_wconf 90' lang='lat' dir='ltr'>quod</span> <span class='ocrx_word' id='word_1_116' title='bbox 564 1108 720 1168; x_wconf 82' lang='lat' dir='ltr'>accipit</span> <span class='ocrx_word' id='word_1_117' title='bbox 737 1108 870 1165; x_wconf 83' lang='lat' dir='ltr'>magis</span> <span class='ocrx_word' id='word_1_118' title='bbox 903 1106 1091 1168; x_wconf 78' lang='lat' dir='ltr'>aliquid,</span> <span class='ocrx_word' id='word_1_119' title='bbox 1125 1122 1258 1167; x_wconf 82' lang='lat' dir='ltr'>quam</span> <span class='ocrx_word' id='word_1_120' title='bbox 1279 1122 1360 1167; x_wconf 91' lang='lat' dir='ltr'>pro</span> <span class='ocrx_word' id='word_1_121' title='bbox 1390 1122 1440 1152; x_wconf 88' lang='lat' dir='ltr'>ea</span> 
     </span>
     <span class='ocr_line' id='line_1_13' title="bbox 47 1176 1437 1239; baseline 0.001 -18"><span class='ocrx_word' id='word_1_122' title='bbox 47 1176 176 1222; x_wconf 85' lang='lat' dir='ltr'>datur</span> <span class='ocrx_word' id='word_1_123' title='bbox 197 1187 248 1222; x_wconf 91' lang='lat' dir='ltr'>ut</span> <span class='ocrx_word' id='word_1_124' title='bbox 264 1177 517 1223; x_wconf 77' lang='lat' dir='ltr'>redimatur.</span> <span class='ocrx_word' id='word_1_125' title='bbox 539 1180 622 1224; x_wconf 90' lang='lat' dir='ltr'>Cui</span> <span class='ocrx_word' id='word_1_126' title='bbox 639 1178 756 1222; x_wconf 89' lang='lat' dir='ltr'>enim</span> <span class='ocrx_word' id='word_1_127' title='bbox 779 1177 907 1222; x_wconf 81' lang='lat' dir='ltr'>dabit</span> <span class='ocrx_word' id='word_1_128' title='bbox 930 1177 1135 1222; x_wconf 89' lang='lat' dir='ltr'>dominus</span> <span class='ocrx_word' id='word_1_129' title='bbox 1159 1179 1271 1239; x_wconf 83' lang='lat' dir='ltr'>ejus,</span> <span class='ocrx_word' id='word_1_130' title='bbox 1286 1187 1334 1222; x_wconf 87' lang='lat' dir='ltr'>ut</span> <span class='ocrx_word' id='word_1_131' title='bbox 1360 1194 1437 1222; x_wconf 91' lang='lat' dir='ltr'>re-</span> 
     </span>
     <span class='ocr_line' id='line_1_14' title="bbox 0 1248 1437 1310; baseline 0 -18"><span class='ocrx_word' id='word_1_132' title='bbox 0 1275 1 1279; x_wconf 66' lang='lat'><em>=</em></span> <span class='ocrx_word' id='word_1_133' title='bbox 47 1248 182 1293; x_wconf 84' lang='lat' dir='ltr'>dimat</span> <span class='ocrx_word' id='word_1_134' title='bbox 197 1265 328 1310; x_wconf 86' lang='lat' dir='ltr'>quam</span> <span class='ocrx_word' id='word_1_135' title='bbox 343 1250 432 1310; x_wconf 88' lang='lat' dir='ltr'>ipse</span> <span class='ocrx_word' id='word_1_136' title='bbox 449 1249 660 1294; x_wconf 81' lang='lat' dir='ltr'>famulam</span> <span class='ocrx_word' id='word_1_137' title='bbox 676 1248 896 1310; x_wconf 75' lang='lat' dir='ltr'>possidet?</span> <span class='ocrx_word' id='word_1_138' title='bbox 917 1268 937 1291; x_wconf 90' lang='lat'>«</span> <span class='ocrx_word' id='word_1_139' title='bbox 958 1249 1088 1293; x_wconf 87' lang='lat' dir='ltr'>Genti</span> <span class='ocrx_word' id='word_1_140' title='bbox 1110 1258 1257 1293; x_wconf 85' lang='lat' dir='ltr'>autem</span> <span class='ocrx_word' id='word_1_141' title='bbox 1279 1259 1437 1294; x_wconf 81' lang='lat' dir='ltr'>exterae</span> 
     </span>
     <span class='ocr_line' id='line_1_15' title="bbox 49 1319 1440 1382; baseline 0.002 -18"><span class='ocrx_word' id='word_1_142' title='bbox 49 1339 70 1362; x_wconf 86' lang='lat'>»</span> <span class='ocrx_word' id='word_1_143' title='bbox 95 1337 183 1366; x_wconf 89' lang='lat' dir='ltr'>non</span> <span class='ocrx_word' id='word_1_144' title='bbox 205 1331 267 1366; x_wconf 86' lang='grc' dir='ltr'>θεῖ</span> <span class='ocrx_word' id='word_1_145' title='bbox 284 1321 489 1366; x_wconf 88' lang='lat' dir='ltr'>dominus</span> <span class='ocrx_word' id='word_1_146' title='bbox 511 1321 700 1366; x_wconf 90' lang='lat' dir='ltr'>vendere</span> <span class='ocrx_word' id='word_1_147' title='bbox 715 1319 858 1376; x_wconf 85' lang='lat' dir='ltr'>illam,</span> <span class='ocrx_word' id='word_1_148' title='bbox 879 1321 982 1382; x_wconf 86' lang='lat' dir='ltr'>quia</span> <span class='ocrx_word' id='word_1_149' title='bbox 1004 1321 1165 1381; x_wconf 85' lang='lat' dir='ltr'>sprevit</span> <span class='ocrx_word' id='word_1_150' title='bbox 1177 1322 1222 1366; x_wconf 91' lang='lat' dir='ltr'>in</span> <span class='ocrx_word' id='word_1_151' title='bbox 1243 1337 1292 1366; x_wconf 89' lang='lat' dir='ltr'>ea</span> <span class='ocrx_word' id='word_1_152' title='bbox 1314 1341 1324 1367; x_wconf 75' lang='grc' dir='ltr'>ε</span> <span class='ocrx_word' id='word_1_153' title='bbox 1347 1341 1367 1363; x_wconf 86' lang='lat'>»</span> <span class='ocrx_word' id='word_1_154' title='bbox 1392 1321 1440 1367; x_wconf 88' lang='lat' dir='ltr'>id</span> 
     </span>
     <span class='ocr_line' id='line_1_16' title="bbox 46 1391 1439 1453; baseline 0.001 -18"><span class='ocrx_word' id='word_1_155' title='bbox 46 1400 133 1447; x_wconf 89' lang='grc' dir='ltr'>θεῖ,</span> <span class='ocrx_word' id='word_1_156' title='bbox 159 1408 249 1437; x_wconf 93' lang='lat' dir='ltr'>non</span> <span class='ocrx_word' id='word_1_157' title='bbox 289 1393 393 1453; x_wconf 83' lang='lat' dir='ltr'>quia</span> <span class='ocrx_word' id='word_1_158' title='bbox 431 1392 594 1452; x_wconf 87' lang='lat' dir='ltr'>sprevit</span> <span class='ocrx_word' id='word_1_159' title='bbox 615 1392 661 1435; x_wconf 91' lang='lat' dir='ltr'>in</span> <span class='ocrx_word' id='word_1_160' title='bbox 693 1408 764 1447; x_wconf 77' lang='lat' dir='ltr'>ea,</span> <span class='ocrx_word' id='word_1_161' title='bbox 808 1391 908 1437; x_wconf 89' lang='lat' dir='ltr'>ideo</span> <span class='ocrx_word' id='word_1_162' title='bbox 940 1391 1144 1438; x_wconf 89' lang='lat' dir='ltr'>dominus</span> <span class='ocrx_word' id='word_1_163' title='bbox 1165 1402 1229 1437; x_wconf 87' lang='lat' dir='ltr'>est</span> <span class='ocrx_word' id='word_1_164' title='bbox 1249 1394 1439 1439; x_wconf 85' lang='lat' dir='ltr'>vendere</span> 
     </span>
     <span class='ocr_line' id='line_1_17' title="bbox 45 1462 1438 1520; baseline 0.002 -14"><span class='ocrx_word' id='word_1_165' title='bbox 45 1462 160 1507; x_wconf 87' lang='lat' dir='ltr'>illam</span> <span class='ocrx_word' id='word_1_166' title='bbox 175 1499 186 1519; x_wconf 85' lang='lat'>‚</span> <span class='ocrx_word' id='word_1_167' title='bbox 206 1463 252 1508; x_wconf 93' lang='lat' dir='ltr'>id</span> <span class='ocrx_word' id='word_1_168' title='bbox 270 1472 349 1519; x_wconf 76' lang='lat' dir='ltr'>est,</span> <span class='ocrx_word' id='word_1_169' title='bbox 368 1464 413 1508; x_wconf 90' lang='lat' dir='ltr'>in</span> <span class='ocrx_word' id='word_1_170' title='bbox 434 1472 607 1508; x_wconf 82' lang='lat' dir='ltr'>tantum</span> <span class='ocrx_word' id='word_1_171' title='bbox 628 1463 668 1507; x_wconf 89' lang='lat' dir='ltr'>ei</span> <span class='ocrx_word' id='word_1_172' title='bbox 686 1462 1006 1520; x_wconf 80' lang='lat' dir='ltr'>dominabitur,</span> <span class='ocrx_word' id='word_1_173' title='bbox 1040 1473 1091 1508; x_wconf 88' lang='lat' dir='ltr'>ut</span> <span class='ocrx_word' id='word_1_174' title='bbox 1121 1465 1251 1509; x_wconf 83' lang='lat' dir='ltr'>etiam</span> <span class='ocrx_word' id='word_1_175' title='bbox 1280 1474 1438 1509; x_wconf 67' lang='lat' dir='ltr'>exterae</span> 
     </span>
     <span class='ocr_line' id='line_1_18' title="bbox 0 1533 1439 1596; baseline 0.001 -18"><span class='ocrx_word' id='word_1_176' title='bbox 0 1551 2 1565; x_wconf 66' lang='lat'>³</span> <span class='ocrx_word' id='word_1_177' title='bbox 47 1535 163 1594; x_wconf 83' lang='lat' dir='ltr'>genti</span> <span class='ocrx_word' id='word_1_178' title='bbox 175 1550 271 1579; x_wconf 83' lang='lat' dir='ltr'>eam</span> <span class='ocrx_word' id='word_1_179' title='bbox 286 1534 403 1580; x_wconf 88' lang='lat' dir='ltr'>licite</span> <span class='ocrx_word' id='word_1_180' title='bbox 423 1533 600 1580; x_wconf 77' lang='lat' dir='ltr'>vendat.</span> <span class='ocrx_word' id='word_1_181' title='bbox 619 1538 713 1579; x_wconf 87' lang='lat' dir='ltr'>Hoc</span> <span class='ocrx_word' id='word_1_182' title='bbox 736 1544 799 1579; x_wconf 88' lang='lat' dir='ltr'>est</span> <span class='ocrx_word' id='word_1_183' title='bbox 815 1544 961 1579; x_wconf 83' lang='lat' dir='ltr'>autem</span> <span class='ocrx_word' id='word_1_184' title='bbox 985 1536 1148 1595; x_wconf 87' lang='lat' dir='ltr'>sprevit</span> <span class='ocrx_word' id='word_1_185' title='bbox 1162 1536 1209 1580; x_wconf 89' lang='lat' dir='ltr'>in</span> <span class='ocrx_word' id='word_1_186' title='bbox 1231 1552 1296 1592; x_wconf 79' lang='lat' dir='ltr'>ea,</span> <span class='ocrx_word' id='word_1_187' title='bbox 1317 1535 1439 1596; x_wconf 86' lang='lat' dir='ltr'>quod</span> 
     </span>
     <span class='ocr_line' id='line_1_19' title="bbox 44 1606 1441 1667; baseline 0.001 -17"><span class='ocrx_word' id='word_1_188' title='bbox 44 1615 107 1651; x_wconf 87' lang='lat' dir='ltr'>est</span> <span class='ocrx_word' id='word_1_189' title='bbox 120 1607 281 1667; x_wconf 86' lang='lat' dir='ltr'>sprevit</span> <span class='ocrx_word' id='word_1_190' title='bbox 298 1621 392 1651; x_wconf 87' lang='lat' dir='ltr'>cam</span> <span class='ocrx_word' id='word_1_191' title='bbox 421 1606 615 1666; x_wconf 84' lang='lat' dir='ltr'>:sprevit</span> <span class='ocrx_word' id='word_1_192' title='bbox 639 1621 734 1651; x_wconf 84' lang='lat' dir='ltr'>eam</span> <span class='ocrx_word' id='word_1_193' title='bbox 770 1616 933 1662; x_wconf 78' lang='lat' dir='ltr'>autem,</span> <span class='ocrx_word' id='word_1_194' title='bbox 964 1608 1048 1652; x_wconf 89' lang='lat' dir='ltr'>hoc</span> <span class='ocrx_word' id='word_1_195' title='bbox 1080 1616 1159 1663; x_wconf 81' lang='lat' dir='ltr'>est,</span> <span class='ocrx_word' id='word_1_196' title='bbox 1195 1608 1441 1653; x_wconf 79' lang='lat' dir='ltr'>humiliavit</span> 
     </span>
     <span class='ocr_line' id='line_1_20' title="bbox 45 1677 1436 1733; baseline 0.001 -12"><span class='ocrx_word' id='word_1_197' title='bbox 45 1692 161 1733; x_wconf 51' lang='lat' dir='ltr'>eam)</span> <span class='ocrx_word' id='word_1_198' title='bbox 186 1677 231 1724; x_wconf 84' lang='lat' dir='ltr'>id</span> <span class='ocrx_word' id='word_1_199' title='bbox 272 1687 351 1732; x_wconf 82' lang='grc' dir='ltr'>θεῖ,</span> <span class='ocrx_word' id='word_1_200' title='bbox 376 1677 714 1722; x_wconf 80' lang='lat' dir='ltr'>concumbendo</span> <span class='ocrx_word' id='word_1_201' title='bbox 747 1693 827 1722; x_wconf 90' lang='lat' dir='ltr'>nec</span> <span class='ocrx_word' id='word_1_202' title='bbox 852 1694 1033 1722; x_wconf 88' lang='lat' dir='ltr'>uxorem</span> <span class='ocrx_word' id='word_1_203' title='bbox 1062 1677 1281 1723; x_wconf 81' lang='lat' dir='ltr'>faciendo.</span> <span class='ocrx_word' id='word_1_204' title='bbox 1322 1680 1436 1724; x_wconf 85' lang='lat' dir='ltr'>Dixit</span> 
     </span>
     <span class='ocr_line' id='line_1_21' title="bbox 46 1748 1438 1811; baseline 0.002 -18"><span class='ocrx_word' id='word_1_205' title='bbox 46 1758 187 1793; x_wconf 84' lang='lat' dir='ltr'>autem</span> <span class='ocrx_word' id='word_1_206' title='bbox 214 1764 352 1808; x_wconf 84' lang='lat' dir='ltr'>graece</span> <span class='ocrx_word' id='word_1_207' title='bbox 372 1756 540 1804; x_wconf 72' lang='grc' dir='ltr'>ἠθέτησεν,</span> <span class='ocrx_word' id='word_1_208' title='bbox 564 1749 686 1809; x_wconf 80' lang='lat' dir='ltr'>quod</span> <span class='ocrx_word' id='word_1_209' title='bbox 716 1765 795 1793; x_wconf 92' lang='lat' dir='ltr'>nos</span> <span class='ocrx_word' id='word_1_210' title='bbox 824 1748 1012 1794; x_wconf 82' lang='lat' dir='ltr'>diximus</span> <span class='ocrx_word' id='word_1_211' title='bbox 1052 1769 1072 1792; x_wconf 91' lang='lat'>«</span> <span class='ocrx_word' id='word_1_212' title='bbox 1097 1750 1281 1810; x_wconf 82' lang='lat' dir='ltr'>sprevit,</span> <span class='ocrx_word' id='word_1_213' title='bbox 1310 1768 1438 1811; x_wconf 82' lang='lat' dir='ltr'>»quo</span> 
     </span>
     <span class='ocr_line' id='line_1_22' title="bbox 15 1820 1436 1901; baseline 0.001 -35"><span class='ocrx_word' id='word_1_214' title='bbox 15 1834 19 1901; x_wconf 29' lang='grc' dir='ltr'>ἵ</span> <span class='ocrx_word' id='word_1_215' title='bbox 45 1821 178 1866; x_wconf 87' lang='lat' dir='ltr'>verbo</span> <span class='ocrx_word' id='word_1_216' title='bbox 202 1821 423 1881; x_wconf 84' lang='lat' dir='ltr'>Scriptura</span> <span class='ocrx_word' id='word_1_217' title='bbox 460 1821 601 1866; x_wconf 88' lang='lat' dir='ltr'>utitur</span> <span class='ocrx_word' id='word_1_218' title='bbox 630 1820 750 1881; x_wconf 85' lang='lat' dir='ltr'>apud</span> <span class='ocrx_word' id='word_1_219' title='bbox 780 1821 1015 1866; x_wconf 83' lang='lat' dir='ltr'>Jeremiam</span> <span class='ocrx_word' id='word_1_220' title='bbox 1039 1841 1048 1867; x_wconf 94' lang='lat'>:</span> <span class='ocrx_word' id='word_1_221' title='bbox 1078 1841 1098 1865; x_wconf 90' lang='lat'>«</span> <span class='ocrx_word' id='word_1_222' title='bbox 1127 1822 1249 1868; x_wconf 85' lang='lat' dir='ltr'>Sicut</span> <span class='ocrx_word' id='word_1_223' title='bbox 1271 1824 1436 1884; x_wconf 86' lang='lat' dir='ltr'>spernit</span> 
     </span>
     <span class='ocr_line' id='line_1_23' title="bbox 0 1891 874 1949; baseline 0.001 -15"><span class='ocrx_word' id='word_1_224' title='bbox 0 1915 20 1949; x_wconf 62' lang='grc' dir='ltr'>,Ι</span> <span class='ocrx_word' id='word_1_225' title='bbox 48 1909 69 1934; x_wconf 64' lang='grc' dir='ltr'><strong>η</strong></span> <span class='ocrx_word' id='word_1_226' title='bbox 92 1891 249 1936; x_wconf 86' lang='lat' dir='ltr'>mulier</span> <span class='ocrx_word' id='word_1_227' title='bbox 271 1908 371 1936; x_wconf 88' lang='lat' dir='ltr'>eum</span> <span class='ocrx_word' id='word_1_228' title='bbox 386 1893 458 1937; x_wconf 88' lang='lat' dir='ltr'>cui</span> <span class='ocrx_word' id='word_1_229' title='bbox 478 1893 825 1938; x_wconf 79' lang='lat' dir='ltr'>commiscetur2.</span> <span class='ocrx_word' id='word_1_230' title='bbox 857 1913 874 1935; x_wconf 90' lang='lat'>»</span> 
     </span>
     <span class='ocr_line' id='line_1_24' title="bbox 105 1962 1439 2024; baseline 0.002 -17"><span class='ocrx_word' id='word_1_231' title='bbox 105 1967 186 2007; x_wconf 89' lang='grc' dir='ltr'><strong>ΙΙΙ.</strong></span> <span class='ocrx_word' id='word_1_232' title='bbox 213 1963 379 2008; x_wconf 86' lang='lat' dir='ltr'>Deinde</span> <span class='ocrx_word' id='word_1_233' title='bbox 401 1963 597 2024; x_wconf 89' lang='lat' dir='ltr'>sequitur</span> <span class='ocrx_word' id='word_1_234' title='bbox 617 1971 661 2007; x_wconf 87' lang='lat' dir='ltr'>et</span> <span class='ocrx_word' id='word_1_235' title='bbox 681 1962 809 2018; x_wconf 81' lang='lat' dir='ltr'>dicit,</span> <span class='ocrx_word' id='word_1_236' title='bbox 843 1982 863 2005; x_wconf 91' lang='lat'>«</span> <span class='ocrx_word' id='word_1_237' title='bbox 889 1964 1021 2016; x_wconf 90' lang='lat' dir='ltr'>Quod</span> <span class='ocrx_word' id='word_1_238' title='bbox 1034 1965 1068 2008; x_wconf 89' lang='lat' dir='ltr'>si</span> <span class='ocrx_word' id='word_1_239' title='bbox 1080 1964 1170 2009; x_wconf 86' lang='lat' dir='ltr'>filio</span> <span class='ocrx_word' id='word_1_240' title='bbox 1185 1965 1439 2011; x_wconf 82' lang='lat' dir='ltr'>adnomina-</span> 
     </span>
     <span class='ocr_line' id='line_1_25' title="bbox 50 2034 1434 2095; baseline 0.001 -18"><span class='ocrx_word' id='word_1_241' title='bbox 50 2052 70 2077; x_wconf 85' lang='lat'>»</span> <span class='ocrx_word' id='word_1_242' title='bbox 93 2035 204 2079; x_wconf 86' lang='lat' dir='ltr'>verit</span> <span class='ocrx_word' id='word_1_243' title='bbox 221 2050 332 2090; x_wconf 84' lang='lat' dir='ltr'>eam,</span> <span class='ocrx_word' id='word_1_244' title='bbox 357 2035 600 2080; x_wconf 86' lang='lat' dir='ltr'>secundum</span> <span class='ocrx_word' id='word_1_245' title='bbox 608 2034 963 2095; x_wconf 84' lang='lat' dir='ltr'>justificationem</span> <span class='ocrx_word' id='word_1_246' title='bbox 977 2034 1165 2079; x_wconf 84' lang='lat' dir='ltr'>filiarum</span> <span class='ocrx_word' id='word_1_247' title='bbox 1183 2034 1313 2080; x_wconf 79' lang='lat' dir='ltr'>faciet</span> <span class='ocrx_word' id='word_1_248' title='bbox 1334 2037 1389 2081; x_wconf 87' lang='lat' dir='ltr'>ei.</span> <span class='ocrx_word' id='word_1_249' title='bbox 1415 2056 1434 2079; x_wconf 68' lang='lat' dir='ltr'>n</span> 
     </span>
     <span class='ocr_line' id='line_1_26' title="bbox 47 2104 1432 2166; baseline 0.001 -16"><span class='ocrx_word' id='word_1_250' title='bbox 47 2105 126 2150; x_wconf 91' lang='lat' dir='ltr'>Hic</span> <span class='ocrx_word' id='word_1_251' title='bbox 137 2105 227 2165; x_wconf 82' lang='lat' dir='ltr'>jam</span> <span class='ocrx_word' id='word_1_252' title='bbox 250 2121 457 2165; x_wconf 85' lang='lat' dir='ltr'>apparere</span> <span class='ocrx_word' id='word_1_253' title='bbox 479 2105 656 2164; x_wconf 84' lang='lat' dir='ltr'>incipit,</span> <span class='ocrx_word' id='word_1_254' title='bbox 682 2104 1060 2166; x_wconf 84' lang='lat' dir='ltr'>quemadmodum</span> <span class='ocrx_word' id='word_1_255' title='bbox 1094 2122 1224 2166; x_wconf 86' lang='lat' dir='ltr'>supra</span> <span class='ocrx_word' id='word_1_256' title='bbox 1253 2106 1432 2163; x_wconf 79' lang='lat' dir='ltr'>dixerit,</span> 
     </span>
     <span class='ocr_line' id='line_1_27' title="bbox 50 2175 1436 2237; baseline 0.004 -19"><span class='ocrx_word' id='word_1_257' title='bbox 50 2193 71 2218; x_wconf 91' lang='lat'>«</span> <span class='ocrx_word' id='word_1_258' title='bbox 95 2178 235 2229; x_wconf 81' lang='lat' dir='ltr'>Quam</span> <span class='ocrx_word' id='word_1_259' title='bbox 255 2192 344 2221; x_wconf 91' lang='lat' dir='ltr'>non</span> <span class='ocrx_word' id='word_1_260' title='bbox 367 2175 680 2221; x_wconf 81' lang='lat' dir='ltr'>adnominavit.</span> <span class='ocrx_word' id='word_1_261' title='bbox 701 2178 846 2221; x_wconf 86' lang='lat' dir='ltr'>»Nam</span> <span class='ocrx_word' id='word_1_262' title='bbox 861 2175 970 2237; x_wconf 85' lang='lat' dir='ltr'>quid</span> <span class='ocrx_word' id='word_1_263' title='bbox 992 2185 1055 2221; x_wconf 86' lang='lat' dir='ltr'>est</span> <span class='ocrx_word' id='word_1_264' title='bbox 1077 2176 1213 2233; x_wconf 80' lang='lat' dir='ltr'>aliud,</span> <span class='ocrx_word' id='word_1_265' title='bbox 1242 2197 1262 2220; x_wconf 94' lang='lat'>«</span> <span class='ocrx_word' id='word_1_266' title='bbox 1286 2178 1328 2223; x_wconf 88' lang='lat' dir='ltr'>Si</span> <span class='ocrx_word' id='word_1_267' title='bbox 1347 2179 1436 2224; x_wconf 85' lang='lat' dir='ltr'>filio</span> 
     </span>
     <span class='ocr_line' id='line_1_28' title="bbox 50 2247 1437 2308; baseline 0.005 -19"><span class='ocrx_word' id='word_1_268' title='bbox 50 2263 72 2288; x_wconf 81' lang='lat'><strong>»</strong></span> <span class='ocrx_word' id='word_1_269' title='bbox 95 2247 440 2292; x_wconf 87' lang='lat' dir='ltr'>adnominaverit</span> <span class='ocrx_word' id='word_1_270' title='bbox 457 2263 548 2291; x_wconf 83' lang='lat' dir='ltr'>eam</span> <span class='ocrx_word' id='word_1_271' title='bbox 563 2283 573 2302; x_wconf 84' lang='lat'><strong>‚</strong></span> <span class='ocrx_word' id='word_1_272' title='bbox 592 2265 612 2289; x_wconf 87' lang='lat'>»</span> <span class='ocrx_word' id='word_1_273' title='bbox 629 2247 712 2291; x_wconf 90' lang='lat' dir='ltr'>nisi</span> <span class='ocrx_word' id='word_1_274' title='bbox 725 2247 814 2292; x_wconf 86' lang='lat' dir='ltr'>filio</span> <span class='ocrx_word' id='word_1_275' title='bbox 827 2248 1101 2308; x_wconf 88' lang='lat' dir='ltr'>conjunxerit</span> <span class='ocrx_word' id='word_1_276' title='bbox 1118 2264 1214 2293; x_wconf 83' lang='lat' dir='ltr'>eam</span> <span class='ocrx_word' id='word_1_277' title='bbox 1232 2253 1437 2296; x_wconf 79' lang='lat' dir='ltr'>uxorem?</span> 
     </span>
     <span class='ocr_line' id='line_1_29' title="bbox 48 2318 1437 2379; baseline 0.005 -18"><span class='ocrx_word' id='word_1_278' title='bbox 48 2318 402 2379; x_wconf 87' lang='lat' dir='ltr'>quandoquidem</span> <span class='ocrx_word' id='word_1_279' title='bbox 422 2318 542 2373; x_wconf 84' lang='lat' dir='ltr'>dicit,</span> <span class='ocrx_word' id='word_1_280' title='bbox 568 2337 587 2361; x_wconf 88' lang='lat'>«</span> <span class='ocrx_word' id='word_1_281' title='bbox 606 2318 856 2363; x_wconf 91' lang='lat' dir='ltr'>Secundum</span> <span class='ocrx_word' id='word_1_282' title='bbox 868 2318 1226 2379; x_wconf 84' lang='lat' dir='ltr'>justificationem</span> <span class='ocrx_word' id='word_1_283' title='bbox 1248 2321 1437 2368; x_wconf 86' lang='lat' dir='ltr'>filiarum</span> 
     </span>
     <span class='ocr_line' id='line_1_30' title="bbox 51 2387 1434 2450; baseline 0.007 -22"><span class='ocrx_word' id='word_1_284' title='bbox 51 2405 72 2429; x_wconf 86' lang='lat'>»</span> <span class='ocrx_word' id='word_1_285' title='bbox 95 2387 222 2434; x_wconf 87' lang='lat' dir='ltr'>faciet</span> <span class='ocrx_word' id='word_1_286' title='bbox 242 2390 303 2444; x_wconf 80' lang='lat' dir='ltr'>ei,</span> <span class='ocrx_word' id='word_1_287' title='bbox 330 2407 352 2431; x_wconf 88' lang='lat'>»</span> <span class='ocrx_word' id='word_1_288' title='bbox 377 2388 422 2434; x_wconf 88' lang='lat' dir='ltr'>id</span> <span class='ocrx_word' id='word_1_289' title='bbox 445 2399 534 2444; x_wconf 83' lang='lat' dir='ltr'>est,</span> <span class='ocrx_word' id='word_1_290' title='bbox 560 2398 610 2432; x_wconf 88' lang='lat' dir='ltr'>ut</span> <span class='ocrx_word' id='word_1_291' title='bbox 631 2389 690 2434; x_wconf 89' lang='lat' dir='ltr'>sic</span> <span class='ocrx_word' id='word_1_292' title='bbox 712 2388 856 2434; x_wconf 81' lang='lat' dir='ltr'>tradat</span> <span class='ocrx_word' id='word_1_293' title='bbox 875 2398 1085 2450; x_wconf 85' lang='lat' dir='ltr'>tanquam</span> <span class='ocrx_word' id='word_1_294' title='bbox 1108 2390 1264 2447; x_wconf 80' lang='lat' dir='ltr'>filiam,</span> <span class='ocrx_word' id='word_1_295' title='bbox 1285 2391 1434 2438; x_wconf 87' lang='lat' dir='ltr'>dotem</span> 
     </span>
     <span class='ocr_line' id='line_1_31' title="bbox 48 2459 1435 2523; baseline 0.004 -19"><span class='ocrx_word' id='word_1_296' title='bbox 48 2459 206 2506; x_wconf 86' lang='lat' dir='ltr'>scilieet</span> <span class='ocrx_word' id='word_1_297' title='bbox 232 2477 454 2522; x_wconf 86' lang='lat' dir='ltr'>apponens</span> <span class='ocrx_word' id='word_1_298' title='bbox 487 2461 541 2506; x_wconf 87' lang='lat' dir='ltr'>ei.</span> <span class='ocrx_word' id='word_1_299' title='bbox 577 2460 744 2506; x_wconf 86' lang='lat' dir='ltr'>Deinde</span> <span class='ocrx_word' id='word_1_300' title='bbox 779 2462 999 2523; x_wconf 83' lang='lat' dir='ltr'>adjungit,</span> <span class='ocrx_word' id='word_1_301' title='bbox 1030 2482 1050 2505; x_wconf 86' lang='lat'>«</span> <span class='ocrx_word' id='word_1_302' title='bbox 1085 2462 1216 2516; x_wconf 84' lang='lat' dir='ltr'>Quod</span> <span class='ocrx_word' id='word_1_303' title='bbox 1248 2464 1281 2508; x_wconf 90' lang='lat' dir='ltr'>si</span> <span class='ocrx_word' id='word_1_304' title='bbox 1306 2465 1435 2510; x_wconf 78' lang='lat' dir='ltr'>aliam</span> 
     </span>
     <span class='ocr_line' id='line_1_32' title="bbox 52 2532 1434 2592; baseline 0.007 -20"><span class='ocrx_word' id='word_1_305' title='bbox 52 2547 72 2572; x_wconf 72' lang='lat' dir='ltr'>n</span> <span class='ocrx_word' id='word_1_306' title='bbox 97 2532 276 2592; x_wconf 85' lang='lat' dir='ltr'>accipiet</span> <span class='ocrx_word' id='word_1_307' title='bbox 292 2533 352 2588; x_wconf 87' lang='lat' dir='ltr'>ei,</span> <span class='ocrx_word' id='word_1_308' title='bbox 378 2551 398 2574; x_wconf 72' lang='lat' dir='ltr'>n</span> <span class='ocrx_word' id='word_1_309' title='bbox 424 2532 469 2576; x_wconf 92' lang='lat' dir='ltr'>id</span> <span class='ocrx_word' id='word_1_310' title='bbox 491 2542 569 2587; x_wconf 88' lang='grc' dir='ltr'>θεῖ,</span> <span class='ocrx_word' id='word_1_311' title='bbox 595 2548 685 2577; x_wconf 89' lang='lat' dir='ltr'>non</span> <span class='ocrx_word' id='word_1_312' title='bbox 701 2532 825 2577; x_wconf 86' lang='lat' dir='ltr'>istam</span> <span class='ocrx_word' id='word_1_313' title='bbox 848 2533 1122 2592; x_wconf 80' lang='lat' dir='ltr'>deputaverit</span> <span class='ocrx_word' id='word_1_314' title='bbox 1144 2549 1321 2579; x_wconf 88' lang='lat' dir='ltr'>uxorem</span> <span class='ocrx_word' id='word_1_315' title='bbox 1345 2536 1434 2582; x_wconf 85' lang='lat' dir='ltr'>filio</span> 
     </span>
     <span class='ocr_line' id='line_1_33' title="bbox 50 2603 1431 2664; baseline 0.004 -18"><span class='ocrx_word' id='word_1_316' title='bbox 50 2616 125 2647; x_wconf 93' lang='lat' dir='ltr'>suo</span> <span class='ocrx_word' id='word_1_317' title='bbox 141 2638 151 2658; x_wconf 84' lang='lat'>,</span> <span class='ocrx_word' id='word_1_318' title='bbox 176 2603 246 2647; x_wconf 90' lang='lat' dir='ltr'>sed</span> <span class='ocrx_word' id='word_1_319' title='bbox 272 2604 310 2647; x_wconf 90' lang='lat' dir='ltr'>ei</span> <span class='ocrx_word' id='word_1_320' title='bbox 343 2603 470 2647; x_wconf 79' lang='lat' dir='ltr'>aliam</span> <span class='ocrx_word' id='word_1_321' title='bbox 500 2603 680 2664; x_wconf 79' lang='lat' dir='ltr'>accipiat</span> <span class='ocrx_word' id='word_1_322' title='bbox 706 2624 713 2647; x_wconf 88' lang='lat'>:</span> <span class='ocrx_word' id='word_1_323' title='bbox 740 2623 759 2645; x_wconf 80' lang='lat'>‹&lt;</span> <span class='ocrx_word' id='word_1_324' title='bbox 784 2607 892 2657; x_wconf 81' lang='lat' dir='ltr'>Quae</span> <span class='ocrx_word' id='word_1_325' title='bbox 916 2620 1024 2664; x_wconf 90' lang='lat' dir='ltr'>opus</span> <span class='ocrx_word' id='word_1_326' title='bbox 1047 2615 1169 2660; x_wconf 78' lang='lat' dir='ltr'>sunt,</span> <span class='ocrx_word' id='word_1_327' title='bbox 1195 2615 1238 2650; x_wconf 83' lang='lat' dir='ltr'>et</span> <span class='ocrx_word' id='word_1_328' title='bbox 1270 2616 1431 2651; x_wconf 83' lang='lat' dir='ltr'>vestem</span> 
     </span>
    </p>
   </div>
   <div class='ocr_carea' id='block_1_3' title="bbox 0 0 17 1103">
    <p class='ocr_par' dir='ltr' id='par_1_3' title="bbox 0 0 17 1103">
     <span class='ocr_line' id='line_1_34' title="bbox 0 0 17 1103; baseline 0 0"><span class='ocrx_word' id='word_1_329' title='bbox 0 0 17 1103; x_wconf 95' lang='lat' dir='ltr'> </span> 
     </span>
    </p>
   </div>
   <div class='ocr_carea' id='block_1_4' title="bbox 26 2659 704 2731">
    <p class='ocr_par' dir='ltr' id='par_1_4' title="bbox 26 2659 704 2731">
     <span class='ocr_line' id='line_1_35' title="bbox 26 2659 704 2731; baseline 0.001 -12"><span class='ocrx_word' id='word_1_330' title='bbox 26 2659 29 2730; x_wconf 73' lang='lat' dir='ltr'>l</span> <span class='ocrx_word' id='word_1_331' title='bbox 97 2693 106 2710; x_wconf 93' lang='lat'><em>¹</em></span> <span class='ocrx_word' id='word_1_332' title='bbox 123 2687 202 2720; x_wconf 72' lang='lat' dir='ltr'>Psal.</span> <span class='ocrx_word' id='word_1_333' title='bbox 228 2688 378 2729; x_wconf 76' lang='lat' dir='ltr'>cxxix‚8.</span> <span class='ocrx_word' id='word_1_334' title='bbox 404 2705 445 2710; x_wconf 77' lang='lat'>——-</span> <span class='ocrx_word' id='word_1_335' title='bbox 469 2696 481 2711; x_wconf 80' lang='lat'>²</span> <span class='ocrx_word' id='word_1_336' title='bbox 500 2692 628 2731; x_wconf 82' lang='lat' dir='ltr'>Jcr.1n‚</span> <span class='ocrx_word' id='word_1_337' title='bbox 651 2699 704 2721; x_wconf 74' lang='lat'>20.</span> 
     </span>
    </p>
   </div>
   <div class='ocr_carea' id='block_1_5' title="bbox 1207 2747 1269 2784">
    <p class='ocr_par' dir='ltr' id='par_1_5' title="bbox 1207 2747 1269 2784">
     <span class='ocr_line' id='line_1_36' title="bbox 1207 2747 1269 2784; baseline 0 -1"><span class='ocrx_word' id='word_1_338' title='bbox 1207 2747 1269 2784; x_wconf 70' lang='lat'>17,</span> 
     </span>
    </p>
   </div>
  </div>
 </body>
</html>
