1872 3267
408 172 424 207 1
439 170 489 208 12
827 179 861 205 s.
897 177 979 206 Ano
987 178 1125 207 us‘nm
1156 177 1337 206 museom

402 245 540 304 phora
562 242 617 287 ab
639 241 815 286 animali
836 241 893 286 ad
912 242 1169 301 inanimale,
1193 259 1283 288 non
1300 241 1415 287 enim
1434 250 1589 302 stuppa
1609 257 1779 288 sensum

403 315 535 360 habet
550 312 754 358 olfactus:
781 312 857 358 sed
873 313 932 357 ita
954 313 1119 359 dictum
1139 324 1218 370 est,
1239 331 1287 359 ac
1304 314 1338 359 si
1359 313 1599 358 diceretur:
1626 334 1645 356 «
1669 318 1781 361 Cum
1834 358 1836 367 Α

404 386 551 444 ignem
571 384 751 429 senserit
769 403 778 429 :
802 385 997 445 quamvis
1018 394 1062 429 et
1081 386 1165 431 hoc
1183 384 1303 446 quod
1325 383 1414 428 dixi
1435 403 1443 428 :
1475 404 1494 426 «
1522 386 1730 440 Senserit,
1758 404 1778 427 »
1834 404 1836 446 ξ

403 455 459 504 ad
472 455 669 501 eamdem
689 455 989 515 metaphoram
1010 456 1238 515 pertineat,
1263 454 1339 500 sed
1360 454 1415 499 ad
1436 454 1698 500 celeritatem
1716 456 1784 500 in-
1834 459 1836 475 '

407 525 684 586 telligendam
698 526 888 586 pertinet
902 525 1023 586 quod
1040 526 1205 571 dictum
1227 535 1312 583 est,
1339 545 1358 568 «
1380 524 1625 570 Olefecerit.
1642 546 1662 568 >›
1834 526 1836 536 '

463 615 575 658 LIV.
606 633 626 655 «
649 616 707 658 Et
736 613 932 657 extendit
958 628 1137 660 manum
1158 629 1281 659 suam
1297 649 1308 671 ,
1334 623 1377 658 et
1399 614 1565 675 accepit
1589 617 1730 673 eam²3
1759 635 1779 657 »
1834 606 1835 644 ἶ

404 684 483 729 etsi
511 699 602 729 non
624 682 814 728 diceret:
846 702 865 725 «
884 683 1091 728 Extendit
1110 700 1290 729 manum
1311 700 1431 730 suam
1447 720 1458 741 ,
1485 703 1506 727 »
1528 685 1680 746 utique
1711 701 1787 730 ex-
1834 703 1835 722 ι

408 763 524 799 tenta
544 769 677 798 manu
694 763 913 814 acceptam
930 753 1283 813 intelligeremus.

465 838 555 879 LV.
582 854 601 878 «
626 837 683 879 Et
704 835 955 880 nuntiatum
973 845 1037 881 est
1061 837 1243 894 Gazaeis,
1267 838 1516 883 dicentes2:
1539 856 1560 880 »
1586 853 1675 883 non
1698 837 1784 883 ait:
1834 838 1835 898 J

411 925 431 947 ι(
464 906 786 952 Nuntiaverunt
803 906 1011 964 dicentes,
1029 917 1104 952 aut
1115 909 1365 953 nuntiatum
1378 918 1441 954 est
1454 925 1477 953 a
1489 908 1783 954 dicentibus.»
1804 938 1811 945 ,
1833 907 1835 912 ’

467 979 578 1021 LVI.
605 995 625 1018 «
654 977 694 1022 Si
715 976 944 1035 ligaverint
966 993 1035 1022 me
1056 978 1102 1022 in
1118 987 1283 1038 septem
1300 979 1440 1024 nervis
1463 979 1654 1024 humidis
1676 995 1788 1024 non-

411 1066 432 1089 »
470 1046 577 1091 dum
601 1047 817 1092 siccatis³z
842 1066 861 1089 »
888 1063 977 1093 non
999 1048 1084 1094 ait:
1115 1067 1135 1091 ‹<
1158 1051 1333 1109 Septem
1353 1049 1495 1094 nervis
1510 1083 1521 1105 ,
1549 1068 1569 1091 »
1591 1048 1667 1094 sed
1692 1068 1711 1091 «
1737 1052 1788 1093 In

411 1137 433 1160 »
468 1128 633 1178 septem
656 1118 811 1163 nervis.
840 1137 859 1160 »

468 1204 602 1245 LVII.
628 1220 648 1243 «
671 1201 713 1246 Si
734 1201 961 1259 ligaverint
977 1216 1047 1245 me
1068 1201 1112 1245 in
1130 1209 1295 1261 septem
1311 1201 1452 1247 nervis
1467 1202 1659 1247 humidis
1679 1218 1791 1247 non-
1832 1195 1833 1208 ¹

414 1292 432 1312 n
469 1271 575 1316 dum
598 1271 786 1327 siccatis,
813 1272 1171 1317 etinfirmabor4:
1202 1291 1222 1314 »
1249 1271 1429 1332 plenum
1447 1282 1577 1329 esset,
1602 1272 1680 1317 etsi
1701 1288 1791 1318 non

410 1342 591 1387 haberet
608 1378 618 1398 ,
649 1362 668 1384 ((
693 1352 749 1387 Gt.
769 1361 788 1383 »
1832 1338 1833 1341 ’

471 1428 626 1469 LVIII.
657 1444 676 1467 «
701 1427 758 1469 Et
779 1424 947 1469 insidiae
976 1425 1015 1468 ei
1043 1423 1254 1469 sedebant
1273 1425 1318 1467 in
1346 1422 1548 1468 cubiculo
1565 1425 1604 1468 ⁵:
1626 1442 1646 1466 »
1672 1423 1793 1484 quod
1832 1455 1833 1463 κ

411 1494 609 1540 nonnulli
645 1495 915 1555 interpretati
943 1504 1067 1550 sunt,
1096 1515 1115 1537 α
1139 1494 1436 1548 Obsidebant,
1462 1514 1482 1535 »
1520 1494 1594 1538 sed
1629 1511 1792 1553 graecus

411 1575 540 1611 ἐκάθητό
569 1602 579 1621 ,
600 1568 682 1611 hoc
712 1576 789 1622 est,
821 1566 1022 1622 sedebat,
1053 1567 1154 1626 quia
1187 1565 1353 1610 insidiae
1376 1566 1582 1624 singulari
1610 1582 1793 1611 numero

338 1634 345 1640 ’
413 1654 550 1697 graece
584 1637 807 1692 dicuntur,
842 1652 920 1680 nec
952 1645 1094 1696 potest
1125 1636 1258 1680 latine
1292 1636 1376 1680 dici
1407 1635 1561 1680 insidia
1590 1656 1598 1680 :
1629 1637 1793 1681 locutio

411 1719 557 1754 autem
574 1707 765 1752 notanda
779 1717 884 1762 erat,
902 1708 1002 1767 quia
1014 1707 1179 1751 dictum
1194 1717 1271 1762 est,
1292 1726 1310 1748 «
1333 1706 1501 1750 Insidise
1523 1706 1733 1751 sedebant
1745 1729 1755 1765 3
1769 1726 1789 1748 »
1830 1710 1831 1735 ³

412 1795 488 1839 pro
510 1779 559 1823 iis
580 1779 656 1839 qui
677 1777 994 1822 insidiabantur
1017 1797 1023 1821 :
1051 1777 1129 1836 ipsi
1144 1778 1259 1821 enim
1285 1776 1509 1821 sedebant.

472 1864 586 1905 LIX.
618 1880 638 1902 «
653 1863 779 1906 Nunc
801 1875 903 1918 ergo
926 1858 1067 1903 indica
1081 1859 1189 1903 mihi
1210 1859 1254 1902 in
1277 1875 1365 1919 quo
1381 1859 1635 1918 ligaberis‘3:
1662 1879 1681 1900 »
1706 1875 1795 1904 non
1829 1875 1831 1908 J

414 1932 494 1987 ait,
524 1934 656 1984 «Quo
674 1930 875 1990 ligaberis
893 1965 903 1985 ,
929 1938 1004 1973 aut
1020 1928 1137 1973 unde
1159 1928 1377 1988 ligaberis.
1398 1947 1418 1970 >›

473 2016 564 2058 LX.
593 2032 613 2054 «
640 2011 683 2057 Si
704 2011 930 2070 ligaverint
950 2025 1020 2054 me
1041 2010 1087 2054 in
1108 2008 1288 2054 funibus
1310 2010 1482 2055 novis⁷:
1506 2028 1525 2051 »
1550 2025 1640 2056 non
1657 2010 1792 2055 dixit:

418 2104 439 2127 ι(
472 2083 686 2129 Funibus.
715 2100 736 2123 »

474 2157 588 2199 LXI.
622 2157 729 2198 Item
746 2187 757 2208 ,
789 2172 809 2194 «
838 2152 881 2197 Si
907 2150 1137 2211 ligaverint
1165 2165 1236 2195 me
1263 2150 1308 2194 in
1337 2149 1542 2195 funiculis
1575 2151 1720 2206 novis,
1750 2150 1797 2195 in
1828 2170 1853 2193 ι1

420 2246 441 2268 «
474 2225 634 2287 quibus
655 2238 745 2268 non
765 2231 828 2267 est
845 2221 1010 2267 sactum
1027 2237 1156 2281 opus,
1178 2229 1221 2265 et
1241 2221 1521 2267 infirmabor⁸
1542 2240 1552 2266 ε
1574 2239 1594 2262 »
1616 2220 1796 2281 plenum

416 2307 552 2352 esset,
576 2296 655 2341 etsi
675 2311 764 2340 non
786 2302 1128 2354 praeponeretur,
1157 2311 1176 2335 «
1202 2301 1259 2336 et.
1290 2310 1311 2333 »

477 2371 612 2413 LXII.
638 2386 658 2408 «
682 2368 739 2410 Et
759 2365 842 2408 hoc
863 2364 1042 2408 tertium
1063 2361 1253 2407 fefellisti
1280 2363 1407 2407 me⁹z
1433 2361 1612 2407 tertium
1629 2397 1641 2418 ,
1668 2380 1688 2403 »
1714 2377 1796 2422 po-
1826 2390 1828 2394 ι

469 2453 600 2485 wadio.
623 2462 678 2490 xv,
705 2449 755 2482 15.
775 2466 817 2471 -
841 2455 854 2471 2
879 2449 924 2480 m.
946 2459 1010 2488 w,
1033 2444 1240 2479 2.—-31bid.
1265 2457 1353 2489 7.—-
1373 2443 1389 2476 4
1407 2445 1488 2479 lbid.
1512 2463 1554 2469 -
1572 2444 1796 2488 51bid.9.—
1826 2433 1827 2468 ἓ

420 2512 434 2529 ¹·
455 2509 533 2542 und.
558 2518 608 2541 10.
628 2513 696 2539 —-7
723 2505 800 2537 ibn.
831 2516 880 2536 11.
906 2520 948 2526 -
972 2502 1270 2535 81bid.—9lbid.
1303 2501 1351 2534 ιε.
1826 2493 1827 2514 ³
