1872 3267
299 299 568 335 Qtrffis‘riomzs
601 299 645 326 IN
679 298 938 335 Lssvi‘rretrm,
974 297 1056 323 Lm.
1095 296 1159 322 ιιι.
1335 280 1418 320 405

33 372 111 417 est,
138 379 192 408 ne
209 364 291 410 hoe
316 365 460 410 animo
482 365 570 420 fiat,
597 372 644 409 ut
668 363 712 420 in
732 365 872 408 zelum
890 361 1045 409 sororis
1067 375 1186 407 soror
1204 357 1419 421 superdu-

32 443 168 479 catur.

525 545 761 597 QUAESTIO
793 546 928 586 wa.

97 668 117 691 «
136 651 201 694 ET
222 650 277 694 ad
296 650 522 695 mulierem
539 650 585 694 in
607 649 900 710 segregatione
918 646 1205 693 immunditiae
1222 648 1314 707 ejus
1335 661 1426 691 non

39 739 58 763 n
94 720 287 777 accedes,
306 721 496 767 revelare
515 721 827 782 turpitudinem
846 723 958 781 ejus¹
980 740 988 765 ε
1012 739 1031 762 >›
1051 718 1187 774 idest,
1207 718 1259 763 ad
1278 733 1425 762 mens-

37 801 221 837 truatam
256 793 485 837 mulierem
513 809 600 838 non
636 792 826 838 accedes.
864 792 1180 851 Segregahatur
1212 790 1324 834 enim
1357 805 1427 834 se·-

37 864 230 910 cundum
256 868 440 924 Legem,
466 875 644 926 propter
673 864 1012 909 immunditiam.
1048 866 1141 907 Hoc
1171 878 1272 906 eum
1295 877 1427 922 supe-

37 935 124 979 rius
152 935 251 979 satis
281 936 547 980 sufficienter
576 936 889 996 prohibuisset,
926 933 1033 995 quid
1065 933 1147 978 sibi
1180 932 1276 977 vult
1308 932 1428 993 quod

37 1005 167 1050 etiam
189 1006 259 1049 hic
273 1006 356 1050 hoc
372 1005 532 1050 eisdem
550 1007 776 1066 praeceptis
790 1005 927 1051 voluit
944 1005 1208 1066 adjungere?
1225 1007 1295 1047 An
1317 1002 1430 1047 forte

39 1077 80 1120 in
95 1077 388 1136 superioribus
407 1077 631 1138 quodjam
649 1078 814 1121 dictum
838 1086 917 1132 est,
936 1092 991 1120 ne
1009 1076 1193 1134 figurate
1216 1074 1431 1133 accipien-

40 1146 144 1191 dum
171 1157 410 1207 putaretur,
440 1150 566 1192 etiam
590 1148 661 1192 hic
682 1149 871 1207 positum
894 1156 971 1202 est,
994 1146 1072 1190 ubi
1093 1145 1192 1190 talia
1210 1145 1430 1205 prohibita

40 1229 154 1274 sunt,
174 1236 273 1280 quae
295 1221 425 1264 etiam
448 1230 644 1279 tempore
661 1221 770 1265 Novi
791 1219 1053 1263 Testamenti
1074 1227 1239 1262 remota
1254 1218 1433 1262 umbra-

41 1306 136 1336 rum
159 1301 355 1336 veterum
377 1293 692 1347 observatione,
719 1292 808 1335 sine
830 1291 967 1335 dubio
989 1289 1274 1335 custodienda
1302 1293 1434 1335 sunt?

42 1362 169 1416 Quod
205 1362 378 1406 videtur
412 1363 542 1406 etiam
573 1378 651 1422 per
688 1363 945 1422 prophetam
990 1360 1262 1405 Ezechielem
1297 1361 1433 1420 signi-

44 1433 212 1488 ficasse,
253 1434 328 1494 qui
360 1434 474 1477 inter
496 1433 569 1477 illa
589 1443 786 1493 peccata,
829 1449 928 1493 quse
963 1448 1053 1477 non
1094 1433 1316 1489 figuratse,
1358 1432 1434 1477 sed

0 1554 1 1561 ἵ
44 1503 283 1548 manifestae
301 1504 542 1565 iniquitatis
568 1513 691 1560 sunt,
722 1504 852 1548 etiam
873 1505 956 1548 hoc
984 1513 1298 1547 commemorat
1315 1507 1348 1558 ²,
1380 1503 1435 1547 ad

43 1575 269 1620 mulierem
296 1585 609 1620 menstruatam
637 1576 671 1620 si
705 1576 800 1636 quis
824 1575 1022 1630 accedat,
1055 1583 1098 1618 et
1120 1574 1232 1618 inter
1256 1575 1436 1635 justitiae

0 1662 1 1666 ¹
45 1647 196 1691 merita
218 1646 252 1690 si
278 1662 368 1691 non
391 1647 583 1691 accedat.
609 1649 705 1700 Qua
728 1646 773 1690 in
802 1661 847 1690 re
879 1661 969 1691 non
997 1655 1151 1690 natura
1178 1644 1434 1702 damnatur,

0 1731 2 1758 ὲ
45 1717 119 1764 sed
143 1717 441 1778 conciepindae
468 1717 575 1778 proli
597 1718 778 1763 noxium
801 1717 1072 1778 perhibetur.

551 1828 788 1879 QL'AESTIO
821 1830 939 1868 [ΧΥ.

111 1951 131 1974 «
165 1934 229 1976 ET
257 1931 313 1976 ad
349 1946 528 1975 uxorem
565 1931 749 1991 proximi
787 1930 852 1974 tui
884 1945 974 1975 non
1004 1929 1126 1975 dahis
1155 1930 1439 1975 concubitum

54 2021 74 2045 »
109 2003 281 2048 seminis
300 2003 379 2057 tui,
405 2002 623 2063 inquinari
647 2002 701 2046 ad
723 2018 818 2046 eam
839 2004 870 2045 3.
896 2020 916 2043 »
939 2005 1051 2046 Eece
1074 2001 1151 2045 ubi
1175 2018 1321 2046 rursus
1343 2018 1442 2062 pro-

7 2094 9 2098 ⁴
51 2075 172 2119 bibet
195 2073 456 2118 adulterium
474 2109 484 2128 ,
514 2072 637 2132 quod
659 2088 760 2117 eum
790 2072 930 2117 aliena
963 2089 1096 2117 uxore
1124 2073 1438 2128 committitur,

10 2178 11 2185 η
52 2147 170 2206 quod
198 2146 326 2189 etiam
349 2145 393 2188 in
418 2144 634 2202 Decalogo
658 2143 918 2204 prohibetur
951 2146 982 2187 4.
1014 2145 1138 2188 Unde
1167 2153 1345 2204 apparet
1370 2144 1443 2188 illa

54 2216 111 2261 ita
139 2217 378 2277 prohibita,
403 2226 454 2260 ut
486 2216 615 2260 etiam
643 2216 825 2260 mortuis
854 2215 955 2259 viris
983 2216 1069 2260 suis
1102 2231 1193 2259 non
1222 2215 1441 2259 ducantur

6 2287 13 2331 i
55 2303 221 2340 uxores,
242 2302 428 2348 quarum
451 2286 655 2347 prohibet
677 2286 997 2346 turpitudinem
1013 2285 1207 2332 revelari.

104 2392 110 2408 ¹
132 2385 235 2418 Lerit.
253 2397 346 2428 xvnr,
365 2397 415 2428 19.
441 2403 482 2408 --
503 2392 515 2407 ²
536 2385 651 2418 Ezcch.
672 2397 761 2427 xviii,
780 2385 814 2417 6.
831 2390 865 2418 et
883 2396 958 2424 xm,
983 2396 1085 2419 ῐο.-
1110 2382 1123 2407 3
1142 2384 1244 2416 Levit.
1273 2394 1362 2425 xvrn,
1383 2392 1438 2416 20,

10 2460 12 2462 -
59 2457 99 2464 —-
118 2440 134 2471 4
153 2442 249 2475 Exod.
274 2454 327 2484 xx,
347 2441 397 2483 ¹4·
