1872 3267
399 301 482 341 396
830 313 864 340 s.
899 310 1130 342 Aucus‘mm
1161 313 1344 341 EPISCOPl

398 388 486 434 tur,
504 378 551 421 id
573 386 650 433 est,
678 377 960 422 tabernaculo
981 378 1091 438 ipso,
1116 387 1159 422 et
1180 391 1472 439 quaecumque
1493 392 1540 421 m
1561 391 1619 421 eis
1637 386 1777 422 essent

396 448 659 493 sanctificata
688 447 901 492 Domino:
937 457 987 492 ut
1008 449 1091 493 hoc
1113 449 1188 504 sit,
1227 468 1246 510 ς(
1275 448 1483 493 Exorabit
1509 463 1588 507 pro
1621 447 1777 492 sanctis

398 539 419 561 »
455 519 510 563 ab
533 518 819 563 immunditiis
840 517 1029 563 filiorum
1049 518 1196 573 Israel,
1220 538 1239 561 »
1265 518 1518 579 propitiabit
1538 522 1677 563 Deum
1696 534 1777 578 pro

396 590 447 634 iis
469 605 568 650 quae
591 589 853 634 sanctificata
872 598 973 633 sunt
992 588 1192 646 Domino,
1209 590 1262 633 ab
1282 587 1568 633 immunditiis
1588 587 1777 632 filiorum

398 660 544 715 Israel,
566 660 668 719 quia
691 660 736 703 in
754 658 898 704 medio
915 675 1068 704 eorum
1090 669 1181 705 erat
1201 658 1549 705 tabernaculum.
1577 658 1644 703 Sic
1662 659 1778 705 enim

396 731 617 791 sequitur:
654 745 756 773 nam
786 745 887 773 cum
921 728 1118 786 dixisset,
1146 749 1167 773 «
1196 730 1404 775 Exorabit
1436 745 1516 789 pro
1546 729 1703 773 sanctis
1723 729 1779 773 ab

399 819 419 842 »
454 799 741 845 immunditiis
764 801 955 844 filiorum
979 799 1127 857 Israel,
1153 810 1197 845 et
1213 801 1268 845 ab
1290 800 1511 861 injustitiis
1533 814 1699 854 eorum,
1724 798 1780 843 de

398 889 418 913 »
455 871 657 916 omnibus
677 871 863 930 peccatis
886 885 1064 926 eorum,
1090 891 1107 913 »
1135 871 1345 915 continuo
1367 870 1573 930 subjecit,
1603 889 1622 912 «
1643 873 1700 914 Et
1721 870 1780 914 ita

398 961 418 984 »
455 941 582 986 faciet
600 941 880 986 tabernaculo
894 942 1143 998 testimonii,
1165 942 1285 1002 quod
1297 951 1492 987 creatum
1505 950 1568 985 est
1581 941 1627 984 in
1644 941 1719 996 eis,
1735 941 1780 985 in
1832 955 1833 958 ¹

398 1032 418 1055 »
453 1013 599 1058 medio
610 1013 900 1058 immunditiae
912 1029 1065 1058 eorum
1076 1015 1089 1039 ¹
1104 1033 1112 1058 :
1130 1031 1151 1055 »
1170 1022 1221 1057 ut
1233 1012 1288 1058 ad
1300 1014 1384 1058 hoc
1395 1011 1781 1057 necessariavidea-

397 1093 467 1128 tur
488 1083 562 1128 illa
583 1084 833 1143 propitiatio
855 1099 935 1143 pro
958 1084 1137 1139 sanctis,
1164 1083 1211 1128 id
1231 1092 1315 1139 est,
1337 1099 1417 1144 pro
1434 1082 1716 1128 tabernaculo
1737 1091 1780 1127 et

395 1153 598 1198 omnibus
612 1169 711 1214 quae
723 1153 769 1197 in
786 1168 837 1198 eo
855 1163 1003 1198 sancta
1019 1152 1243 1198 dicuntur.
1256 1156 1366 1199 Nam
1385 1163 1429 1198 et
1444 1152 1577 1213 paulo
1590 1153 1781 1212 posthoc

395 1223 501 1267 dicit
521 1222 576 1267 de
599 1223 743 1278 altari,
769 1222 890 1283 quod
911 1224 1154 1283 aspersione
1177 1224 1398 1283 sanguinis
1418 1223 1651 1267 mundaret
1669 1221 1781 1266 illud
1826 1257 1829 1275 ἲ

395 1292 612 1349 sacerdos,
632 1303 675 1339 et
691 1294 980 1339 sanctificaret
1001 1294 1056 1338 ab
1080 1294 1368 1339 immunditiis
1389 1294 1580 1340 filiorum
1603 1292 1775 1338 Israe12.

902 1405 1137 1455 QUAESTIO
1168 1406 1269 1445 LIV.

457 1527 478 1550 «
513 1509 577 1551 ET
609 1506 804 1566 perficiet
836 1521 1014 1552 exorans
1055 1509 1296 1552 sanetum3.
1338 1526 1358 1549 »
1396 1510 1553 1552 Utrum
1587 1508 1781 1568 perficiet

396 1586 624 1633 sanctum3
651 1592 706 1620 an
734 1592 912 1621 exorans
934 1587 1156 1633 sanctum,
1180 1577 1422 1622 secundum
1445 1578 1490 1622 id
1511 1577 1632 1638 quod
1652 1593 1780 1638 supra
1825 1605 1828 1615 ν

395 1650 582 1694 diximus
606 1668 615 1692 ι
642 1663 743 1691 nam
772 1657 816 1691 et
835 1648 906 1692 hic
928 1658 1085 1693 neutro
1112 1663 1267 1707 genere
1297 1664 1436 1708 graece
1467 1648 1635 1694 dictum
1656 1658 1721 1694 est
1747 1657 1781 1690 τὸ
1825 1672 1827 1679 ·

396 1727 491 1772 ἅγιον.
524 1722 678 1763 Utrum
717 1733 817 1776 ergo
851 1734 1030 1763 exorans
1064 1719 1298 1764 Dominum
1333 1719 1527 1779 perficiet
1558 1728 1778 1775 sanctum,
1824 1774 1827 1782 Δ

394 1788 441 1832 id
462 1799 545 1845 est,
579 1788 770 1849 perfecte
801 1790 1041 1835 sanctificat
1077 1789 1198 1851 quod
1230 1790 1469 1834 sanctificat
1492 1810 1500 1834 :
1527 1805 1583 1833 an
1609 1809 1629 1832 «
1650 1791 1782 1850 perfi-
1824 1783 1827 1802 ²

398 1878 418 1901 »
454 1860 557 1915 ciet,
587 1879 606 1902 »
643 1861 765 1920 quod
793 1861 873 1916 ait,
903 1880 923 1903 «
959 1876 1136 1904 exorans
1170 1869 1393 1914 sanctum,
1422 1878 1442 1901 »
1480 1860 1527 1904 id
1559 1869 1644 1916 est,
1670 1859 1779 1905 illud
1824 1907 1827 1918 ¹

394 1941 592 1976 sanctum
615 1930 736 1991 quod
752 1940 814 1974 est
826 1938 859 1970 τὸ
879 1942 1001 1982 πνεῦμα.
1016 1938 1049 1970 τὸ
1071 1938 1165 1984 ἅγιον.

908 2036 1143 2087 QUAESTIO
1176 2038 1258 2077 LV.

455 2142 518 2184 DE
537 2139 709 2184 duobus
728 2140 880 2196 hircis,
907 2156 996 2184 uno
1014 2139 1297 2195 immolando,
1324 2149 1368 2185 et
1387 2139 1471 2185 alio
1492 2140 1538 2184 in
1559 2139 1778 2185 desertum

395 2209 704 2266 dimittendo³‘,
729 2226 859 2270 quem
879 2217 1098 2261 ἀτεοπομπαῖω
1128 2220 1302 2266 vocant,
1323 2210 1431 2255 solct
1452 2226 1542 2255 esse
1563 2210 1778 2270 discepta-

398 2281 482 2326 tio:
506 2290 549 2324 et
571 2297 594 2325 a
617 2280 878 2341 quibusdam
901 2280 972 2325 ille
999 2280 1290 2325 immolandus
1320 2282 1367 2326 in
1399 2281 1516 2326 bono
1550 2282 1775 2341 accipitur,
1824 2311 1825 2319 κ

395 2352 466 2396 ille
489 2362 634 2396 autem
662 2351 945 2396 dimittendus
979 2353 1023 2396 in
1055 2352 1185 2396 malo.
1213 2355 1310 2398 Non
1344 2362 1490 2397 tamen
1520 2353 1600 2397 iste
1629 2368 1777 2397 sensus
1822 2374 1824 2380 >
1858 2344 1860 2353 ’

395 2423 493 2467 ideo
515 2422 838 2467 confirmandus
860 2431 941 2478 est,
968 2423 1069 2483 quia
1093 2424 1223 2467 homo
1245 2424 1291 2467 in
1313 2425 1436 2484 cujus
1458 2439 1592 2467 manu
1615 2424 1661 2467 in
1680 2438 1777 2467 ere-

396 2509 512 2536 mum
544 2494 687 2538 hircus
721 2493 975 2547 dimittitur,
1011 2509 1112 2537 cum
1145 2493 1339 2548 redierit,
1373 2493 1516 2538 lavare
1539 2495 1682 2553 jussus
1714 2503 1779 2538 est
1822 2538 1823 2541 ,
1860 2542 1861 2549 ¹

393 2564 647 2609 vestimenta
680 2580 756 2609 sua
791 2573 834 2607 ct
869 2580 1024 2623 corpus
1052 2579 1180 2608 suum
1210 2580 1343 2625 aqua,
1374 2574 1417 2608 et
1448 2564 1507 2608 sic
1529 2564 1698 2622 ingredi
1732 2565 1777 2607 in
1822 2595 1823 2602 η
1860 2557 1861 2588 ³

443 2666 450 2681 ¹
474 2660 575 2692 Lovir,
597 2671 662 2701 xV1,
684 2660 731 2691 ιθ.
755 2678 793 2682 -
814 2666 826 2681 '³
847 2659 927 2692 lbid.
953 2670 1000 2701 ις).
1022 2676 1062 2682 —-
1083 2658 1095 2680 3
1120 2659 1164 2690 Η.
1186 2670 1237 2697 xv,
1259 2667 1310 2690 20.
1333 2676 1372 2680 —
1392 2657 1405 2688 l,
1426 2659 1472 2690 Id.
1489 2669 1560 2700 xvi,
1576 2667 1617 2692 20
1637 2663 1668 2691 et
1693 2669 1744 2702 27.
