1872 3267
418 289 503 331 342
849 300 885 330 s.
919 299 1151 332 Aucusnm
1182 302 1365 331 muscom

417 366 644 428 separabat
672 366 785 411 inter
819 368 975 412 Sancta
995 383 1094 429 quae
1124 367 1364 414 lorinsecus
1396 377 1541 424 erant,
1564 377 1609 413 et
1642 371 1799 415 Sancta

418 446 665 484 sanctorum
698 436 878 482 interius
909 438 1062 497 posita.
1098 441 1151 483 In
1180 438 1264 484 hoc
1297 439 1445 499 itaque
1478 438 1623 485 medio
1661 440 1800 500 spatio

418 509 531 553 inter
546 508 626 553 ista
646 506 736 552 duo
753 506 864 563 vela,
888 523 1036 554 mensa
1052 518 1144 554 erat
1165 524 1309 564 aurea,
1334 524 1434 570 quae
1455 509 1646 554 habebat
1667 524 1801 570 panes

420 577 726 640 propositionis
750 578 796 622 in
817 586 939 638 parte
960 578 1213 640 Aquilonis3
1236 588 1280 624 et
1299 589 1450 624 contra
1476 594 1574 624 eam
1597 579 1803 625 candela-

420 649 552 695 brum
578 663 760 694 aureum
791 657 958 709 septem
986 648 1264 694 lucernarum
1285 649 1332 694 in
1357 658 1480 710 parte
1506 651 1668 696 Austri.
1704 652 1803 696 Huc

423 735 563 782 usque
583 718 783 765 secundis
805 718 1103 764 sacerdotibus
1122 719 1282 765 licebat
1302 720 1479 766 intrare.

482 793 584 837 XX.
610 790 799 837 Interius
820 799 988 847 autem,
1011 790 1057 836 id
1078 800 1156 849 est,
1178 792 1225 837 in
1249 794 1406 838 Sancto
1427 801 1677 837 sanctorum
1689 791 1807 837 ultra

423 862 574 909 velum
598 872 787 923 quatuor
818 861 1145 918 columnarum,
1164 878 1261 909 arca
1288 873 1380 908 erat
1410 863 1642 908 testimonii
1668 862 1806 908 deau-

426 943 534 989 rata,
558 934 604 978 in
620 948 708 994 qua
730 941 856 977 erant
884 931 1045 977 tabulae
1065 931 1249 993 lapideae
1270 933 1410 992 Legis,
1435 942 1481 978 et
1503 933 1623 992 virga
1641 936 1806 989 Aaron,

427 1014 472 1050 et
488 1020 599 1049 urna
617 1019 747 1049 aurea
768 1019 869 1049 cum
892 1019 1067 1059 manna,
1088 1013 1131 1049 et
1153 1005 1505 1065 Propitiatorium
1521 1003 1708 1064 desuper
1729 1020 1810 1048 au-

428 1090 568 1131 reum,
593 1074 671 1119 ubi
692 1074 866 1119 stabant
892 1073 982 1119 duo
1000 1074 1256 1131 Cherubim,
1275 1075 1350 1119 alis
1371 1074 1680 1120 obumbrantes
1703 1077 1812 1119 Pro-

428 1145 662 1207 piatorium
704 1154 747 1189 et
779 1145 997 1190 intuentes
1032 1143 1218 1190 invicem
1251 1155 1294 1190 et
1326 1146 1483 1206 ipsum.
1520 1148 1633 1190 Ante
1667 1159 1812 1190 arcam

427 1231 547 1270 vero,
572 1215 618 1260 id
645 1224 730 1270 est,
755 1215 868 1259 inter
895 1231 1039 1259 arcam
1070 1224 1114 1259 et
1135 1215 1306 1271 velum,
1332 1216 1523 1276 positum
1555 1224 1647 1260 erat
1678 1214 1813 1260 altare

430 1286 610 1341 incensi,
626 1284 747 1346 quod
760 1284 995 1347 aliquando
1013 1301 1193 1329 aureum
1207 1285 1313 1330 dicit
1327 1286 1563 1346 Scriptura,
1579 1284 1814 1346 aliquando

432 1356 714 1411 deauratum,
744 1371 925 1400 aureum
955 1356 1108 1415 utique
1135 1355 1357 1415 appellans
1391 1356 1494 1416 quia
1523 1365 1614 1400 erat
1640 1355 1817 1400 inaura·
1871 1353 1872 1370 ³

433 1437 545 1472 tum.
565 1426 635 1472 Ad
654 1427 749 1471 haec
769 1429 924 1472 Sancta
945 1435 1193 1471 sanctorum
1212 1427 1293 1470 nisi
1313 1442 1483 1471 summo
1497 1426 1709 1471 sacerdoti
1726 1441 1815 1471 non
1871 1432 1872 1435 ’

435 1497 595 1543 licebat
627 1498 788 1541 intrare
817 1496 1014 1558 quotidie
1047 1505 1224 1557 propter
1256 1495 1533 1541 inferendum
1563 1497 1813 1555 incensum3

435 1569 569 1615 semel
591 1577 738 1613 autem
763 1568 810 1611 in
836 1583 952 1612 anno
974 1583 1075 1612 cum
1097 1568 1304 1625 sanguine
1326 1567 1382 1611 ad
1402 1566 1725 1627 purificandum
1751 1566 1817 1620 al-

435 1650 543 1696 tare,
567 1639 667 1684 etsi
693 1637 872 1700 quando
901 1637 1013 1683 forte
1037 1638 1235 1697 exigebat
1269 1639 1497 1683 necessitas
1528 1653 1608 1698 pro
1640 1647 1822 1698 peccato

437 1710 689 1766 sacerdotis,
704 1719 780 1754 aut
791 1711 1003 1754 universae
1020 1712 1274 1767 Synagogae,
1291 1710 1402 1754 sicut
1422 1711 1468 1753 in
1485 1710 1676 1754 Levitico
1693 1710 1821 1769 scrip-

439 1793 535 1828 tum
567 1784 670 1827 cst¹.
698 1781 766 1826 Sic
788 1781 1033 1825 intrabatur
1063 1780 1395 1825 tabernaculum
1425 1782 1480 1826 ab
1502 1779 1753 1836 Occidente,
1778 1779 1820 1824 id

439 1862 524 1909 est,
550 1869 572 1897 a
599 1861 724 1913 porta
747 1852 843 1896 atrii
873 1867 1012 1912 usque
1041 1850 1096 1895 ad
1115 1850 1227 1895 latus
1255 1849 1475 1895 Orientale
1502 1851 1714 1895 introrsus
1745 1850 1820 1894 ubi

440 1933 533 1969 erat
553 1940 651 1968 arca
667 1922 918 1967 testimonii.
1822 1927 1826 1967 Ι

501 1995 624 2039 ΧΧΙ.
647 1996 741 2038 Hoc
764 2002 910 2037 autem
932 1992 1110 2036 interius
1135 1990 1482 2046 tabernaculum,
1502 1989 1623 2051 quod
1642 1990 1818 2050 incipie-

443 2065 519 2108 bat
550 2080 640 2109 non
671 2079 695 2108 a
727 2072 852 2123 porta
885 2062 1002 2117 atrii,
1031 2060 1106 2105 sed
1139 2061 1193 2105 ab
1226 2061 1335 2106 ostio
1369 2060 1491 2121 quod
1524 2058 1818 2120 appellabatur

443 2134 604 2179 ostium
627 2131 912 2188 tabernaculi,
937 2141 981 2177 et
1002 2132 1236 2176 finiebatur
1257 2131 1303 2174 in
1323 2130 1505 2190 longum
1527 2130 1660 2175 latere
1675 2118 1823 2179 Orien-l

444 2206 498 2250 tis
516 2205 592 2249 ubi
614 2213 705 2248 erat
726 2219 823 2248 arca
847 2202 1095 2257 testimonii,
1121 2201 1270 2245 decem
1294 2200 1440 2246 aulaeis
1462 2200 1816 2255 concludebatur,

445 2290 635 2336 quorum
668 2283 791 2318 erant
822 2272 990 2331 singula
1017 2272 1294 2330 viginti-octo
1327 2272 1599 2328 cubitorum,
1631 2271 1820 2331 quinque*

445 2347 548 2391 hinc
569 2355 613 2390 et
633 2345 828 2406 quinque
849 2343 967 2400 inde,
987 2343 1159 2388 sibimet
1179 2358 1370 2387 connexa
1393 2342 1550 2387 ansulis
1572 2351 1616 2386 et
1637 2339 1821 2391 circulis!
1857 2342 1861 2387 Ι

446 2427 564 2462 etex
595 2416 773 2461 adverso
803 2415 975 2459 sibimet
998 2414 1254 2471 constituta3
1284 2422 1327 2458 ct
1354 2413 1565 2458 columnis
1587 2412 1748 2458 vicenis
1779 2394 1820 2464 ir!
1858 2405 1861 2459 Ι

446 2488 652 2532 lateribus
691 2486 957 2544 longioribus
990 2484 1216 2545 Aquilonis
1250 2494 1379 2543 atque
1406 2483 1565 2537 Austri,
1587 2493 1629 2527 et
1656 2466 1820 2546 colum-l
1859 2469 1862 2529 l

446 2560 509 2601 nia·
528 2569 624 2602 octo
648 2576 669 2601 a
690 2557 818 2602 latere
840 2557 1100 2611 Occidentis,
1127 2572 1149 2600 a
1172 2557 1303 2600 latcrc
1326 2566 1469 2600 autem
1488 2555 1673 2600 Orientis
1692 2552 1819 2644 nullis?
1859 2556 1863 2601 Ι

499 2661 504 2674 ·
528 2657 601 2684 Leia
626 2665 687 2684 wi.
1815 2647 1817 2695 l
1861 2634 1863 2711 i
