1872 3267
349 264 617 304 QUAESTmeES
647 266 694 294 IN
727 265 931 303 ΕΧοουΜ,
966 265 1048 292 Lm.
1086 266 1133 291 11.
1356 254 1435 292 291

54 328 186 388 guine
196 328 291 383 lieri
304 339 570 390 praeceptum
585 338 662 374 est.
681 331 738 374 Et
750 329 942 389 posthoc
954 327 1151 389 adjungit
1167 346 1175 372 :
1194 346 1215 371 «
1233 329 1440 373 Sanctum

56 415 78 442 »
99 408 349 456 sanctorum
370 409 435 447 est
454 400 641 446 Domino
666 419 676 444 ι
704 418 725 442 >›
749 415 800 444 ac
821 415 899 460 per
926 400 1011 445 hoc
1033 400 1071 444 si
1089 408 1292 445 sanctum
1315 415 1442 445 sanc-

54 479 200 524 lormn
222 487 312 516 non
334 481 479 528 extra,
505 470 582 516 sed
601 471 715 516 intra
735 471 883 516 velum
910 480 1030 530 erat3
1053 470 1185 530 etiam
1205 469 1319 522 illud
1346 487 1443 532 pro-

54 539 171 587 fecto
193 540 346 594 altare,
369 542 426 588 de
454 558 544 603 quo
565 558 686 587 nunc
709 542 872 601 agitur,
890 541 1012 604 quod
1025 541 1132 603 poni
1141 542 1272 603 jussit
1291 551 1443 590 contra

54 610 201 658 velum
216 647 228 668 ,
253 613 515 671 intrinsecus
530 613 673 675 jussit.

507 721 745 772 QUAEsTlo
777 722 985 764 cxxxw.

113 826 229 884 Qum
238 834 305 872 est
314 825 437 886 quod
449 825 524 882 ait,
545 844 566 868 (ι
583 825 626 870 Si
638 825 852 885 acceperis
865 824 1239 886 computationem
1254 823 1442 870 filiorum

57 911 78 935 »
104 893 238 946 Israel
265 895 311 947 iu
331 895 574 940 visitatione
597 897 773 941 eorum¹
798 915 806 940 :
835 914 854 936 »
891 894 969 939 nisi
994 894 1096 955 quia
1111 894 1241 955 jubet
1265 911 1337 941 eos
1364 894 1446 939 ali-

55 957 232 1026 quando
256 965 419 1010 visitari
439 976 487 1012 et
508 966 779 1028 computari,
804 966 850 1010 id
873 975 952 1022 est,
979 967 1226 1012 numerari?
1247 966 1378 1020 Quod
1400 967 1445 1010 in

55 1036 193 1081 David
211 1046 440 1099 propterea
453 1037 724 1083 vindicatum
745 1035 1081 1096 intelligendum
1099 1045 1186 1092 est,
1205 1037 1307 1098 quia
1330 1040 1446 1083 Deus

53 1121 144 1152 non
150 1107 377 1168 jusserat2.

525 1204 764 1254 QUAESTIO
795 1203 966 1244 CXXXV
975 1234 983 1241 .

112 1308 449 1352 ADVEr-TENDUM
479 1316 542 1352 est
570 1307 700 1350 etiam
723 1315 766 1349 et
792 1305 1038 1349 notandum
1071 1304 1445 1366 quemadmodum

56 1387 282 1436 unguento
305 1378 545 1423 chrismatis
570 1377 717 1421 omnia
749 1376 874 1436 jussit
897 1376 1085 1436 unguiss,
1112 1377 1447 1423 tabernaculum

55 1447 216 1492 scilieet
245 1458 288 1494 et
309 1464 356 1493 ea
379 1464 480 1510 quae
510 1448 554 1492 in
581 1446 657 1492 illo
685 1456 833 1502 eiant,
870 1456 913 1491 et
945 1446 1104 1492 deinde
1134 1458 1262 1493 eiunt
1300 1459 1449 1494 saneta

20 1575 21 1578 Ἴ
49 1519 319 1564 'sanctomm.
339 1519 496 1563 Omnia
512 1518 674 1563 scilieet
689 1534 791 1563 cum
809 1517 973 1561 suerint
989 1527 1136 1574 uncta,
1159 1535 1205 1563 ei
1208 1529 1288 1564 unt
1300 1529 1449 1565 sancta

54 1583 318 1634 Sanctorum.
350 1588 469 1642 Quid
489 1589 622 1648 igitur
648 1587 828 1633 distabit
853 1589 944 1648 jam
977 1589 1090 1635 inter
1110 1554 1185 1633 illa
1213 1590 1444 1647 interiora,

53 1677 153 1721 quae
170 1659 266 1705 velo
285 1669 515 1721 teguntur,
538 1669 582 1704 et
599 1669 751 1704 caetera
767 1695 778 1714 ,
794 1660 827 1703 si
843 1659 989 1704 omnia
1006 1676 1107 1704 cum
1129 1670 1261 1706 uncta
1283 1661 1448 1707 fuerint

54 1741 184 1776 erunt
214 1740 364 1776 sancta
385 1739 658 1785 sanctorum,
691 1729 942 1788 diligentius
974 1731 1288 1792 requirendum
1316 1754 1324 1777 :
1352 1733 1448 1779 haec

58 1811 201 1846 tamen
218 1801 410 1845 notanda
424 1799 702 1845 credidimus.
719 1800 804 1844 Ubi
819 1801 948 1844 etiam
962 1801 1307 1859 meminerimus,
1325 1805 1448 1865 quod

54 1872 163 1917 sicut
184 1872 239 1916 (le
259 1871 335 1916 illo
367 1871 490 1915 altari
530 1871 868 1926 sacrificiorum,
909 1871 1031 1933 quod
1059 1882 1156 1932 post
1191 1875 1446 1920 unctionem

55 1942 262 2003 appellari
294 1942 434 1987 voluit
475 1944 679 1986 Sanctum
716 1942 878 1998 sancti,
906 1943 1117 1988 continuo
1154 1945 1320 1989 dictum
1355 1956 1442 2003 est,

59 2032 80 2055 «
103 2015 252 2058 Omnis
264 2014 340 2074 qui
364 2013 504 2072 tangit
520 2011 646 2068 illud,
663 2012 1003 2057 sanctificabitur
1022 2033 1029 2057 2
1058 2035 1075 2055 »
1092 2014 1151 2059 ita
1166 2014 1220 2059 de
1240 2017 1446 2062 omnibus

57 2094 223 2143 postea,
248 2100 348 2145 quae
370 2083 424 2127 de
444 2082 520 2127 illo
552 2092 780 2143 unguento
814 2092 973 2139 uncta,
1010 2083 1124 2130 dieta
1159 2096 1263 2131 sunt
1287 2090 1446 2134 Sancta

56 2165 304 2204 sanctorum
322 2190 333 2211 ,
355 2154 506 2199 eadem
526 2154 739 2199 sententia
762 2155 990 2200 subsecuta
1012 2165 1101 2212 est,
1128 2166 1177 2201 ut
1198 2157 1417 2204 diceretur
1432 2196 1443 2215 ‚

0 2234 4 2286 J
60 2243 77 2265 «
104 2225 255 2270 Omnis
288 2225 364 2290 qui
393 2224 532 2282 tangit
562 2240 610 2269 ea
642 2225 998 2270 sanctificabitur.
1037 2244 1058 2267 υ
1099 2227 1231 2280 Quod
1271 2228 1445 2275 duobus

2 2351 3 2361 ἵ
55 2297 192 2342 modis
213 2296 397 2356 intelligi
419 2305 583 2357 potest,
606 2297 694 2342 sive
716 2296 938 2356 tangendo
964 2298 1331 2358 sanctificabitur,
1357 2303 1445 2348 sive

0 2403 3 2430 ,ἱ
55 2366 393 2413 sanctificabitur
419 2376 469 2411 ut
486 2367 525 2411 ei
546 2367 673 2412 liceat
694 2376 872 2427 tangere
899 2387 908 2413 :
933 2367 967 2413 si
992 2377 1140 2413 tamen
1170 2386 1260 2415 non
1286 2371 1446 2418 licebat

58 2445 231 2497 tangere
261 2437 426 2498 populo
458 2436 816 2494 tabernaculum,
857 2437 1036 2499 quando
1067 2439 1308 2486 afferebant
1340 2443 1445 2488 hos-

57 2506 156 2563 tias,
180 2507 249 2553 vel
269 2523 562 2569 quaecumque
579 2508 634 2552 ab
656 2507 715 2552 eis
737 2507 866 2554 allata
888 2509 1190 2555 offerebantur
1210 2514 1317 2557 Dec.
1334 2515 1443 2561 Nam

104 2610 112 2626 ¹
136 2604 236 2636 Exod.
259 2615 332 2646 xxx,
362 2614 412 2637 1¹2.
433 2621 474 2628 -
498 2603 547 2646 ²4
572 2607 648 2646 fleg.
669 2615 751 2637 xxiv.
774 2622 815 2627 —
837 2603 850 2628 3
867 2606 967 2638 Exod.
988 2617 1065 2648 xxx,
1082 2608 1135 2640 26.

1242 2664 1305 2701 19.
