1872 3267
345 230 609 266 QUAESTIONES
642 230 686 256 ΙΝ
719 228 941 267 NUMEROS,
976 230 1059 256 Lm.
1096 229 1156 256 1v.
1359 216 1437 256 451

63 311 83 336 »
103 293 168 338 dit
184 307 234 338 ea
255 293 684 354 circumpositionem
704 291 871 349 altaris,
897 291 1148 338 memoriale
1164 290 1262 337 filiis
1286 291 1441 349 Israel,

62 382 82 407 »
106 373 156 409 ut
177 379 268 410 non
289 363 465 410 accedat
481 364 712 426 quisquam
735 363 995 424 alienigena,
1014 364 1198 426 quinon
1220 372 1284 408 est
1300 362 1355 408 de
1376 379 1445 408 se-

60 452 82 478 »
107 435 225 480 mine
257 439 421 493 Aaron,
449 435 673 495 imponere
703 434 929 479 incensum
961 443 1061 480 ante
1090 434 1327 479 Dominum
1362 454 1371 480 ε
1402 443 1446 480 et

61 525 83 549 »
109 523 200 552 non
219 507 300 552 erit
321 508 433 553 sicut
454 507 596 553 Chore
617 516 660 552 et
677 507 789 552 sicut
814 507 1075 567 conspiratio
1098 507 1189 567 ejus
1206 541 1217 563 ,
1241 507 1354 552 sicut
1374 506 1443 552 lo-

62 595 83 620 »
108 586 233 623 cutus
262 587 326 623 est
349 577 559 624 Dominus
580 578 626 622 in
647 593 782 622 manu
808 581 990 637 Moysi¹.
1019 596 1039 620 »
1066 580 1160 623 Hoc
1182 593 1285 638 ergo
1313 577 1445 623 modo

58 649 198 695 voluit
225 665 302 710 per
328 649 584 695 Eleazarum
611 654 724 695 Deus
749 666 839 696 non
862 649 1178 707 sacerdotium,
1211 649 1333 711 quod
1355 651 1446 710 jam

60 730 151 766 erat
186 722 232 765 in
253 724 425 777 Aaron,
452 721 528 766 sed
565 723 843 767 successionis
885 720 1160 767 sacerdotalis
1196 722 1450 782 progeniem

0 796 7 855 ‚¹
60 794 382 838 commendare.
408 792 538 848 Quod
565 810 668 839 vero
686 795 769 839 ait:
806 814 826 836 «
850 797 908 839 Et
943 794 1091 854 ignem
1119 793 1310 838 alienum
1331 795 1451 839 hunc

0 867 3 876 “
64 883 84 907 »
110 865 272 910 semina
290 865 368 921 ihi,
383 885 402 907 »
416 881 582 926 sparge,
597 865 929 925 intelligendum
948 875 1026 910 est.
1045 869 1101 910 Et
1116 866 1236 927 quod
1251 865 1420 910 addidit
1438 885 1447 910 :

0 941 1 945 ’
65 955 85 979 «
111 937 222 990 Quia
244 937 623 982 sanctificaverunt
655 937 878 981 thuribula
912 946 1191 996 peccatorum
1224 937 1383 981 horum
1404 937 1450 981 in

0 1039 13 1070 *—
63 1027 83 1050 »
110 1008 336 1054 animabus
358 1009 471 1065 suis,
512 1027 530 1051 »
556 1009 778 1054 locutione
809 1007 988 1070 quidem
1018 1008 1225 1052 inusitata
1254 1024 1450 1068 expressa

11 1123 13 1126 .
61 1081 273 1126 sententia
295 1091 359 1126 est
377 1101 386 1126 z
412 1081 486 1126 sed
508 1080 752 1126 notandum
772 1096 886 1125 novo
905 1079 1037 1125 modo
1054 1079 1168 1124 dicta
1186 1081 1452 1125 sanctificata

61 1169 190 1214 poena
211 1169 379 1209 corum,
399 1170 421 1198 a
444 1153 603 1214 quibus
620 1154 703 1198 hoc
718 1162 946 1213 peccatum
963 1153 1106 1198 fuerat
1123 1159 1420 1213 perpetratum
1438 1174 1450 1212 3

61 1225 162 1286 quia
179 1241 256 1285 per
277 1240 348 1269 eos
371 1224 619 1284 exemplum
642 1223 795 1269 datum
817 1233 880 1268 est
898 1224 1086 1280 caeteris,
1115 1240 1204 1284 quo
1228 1224 1449 1269 timerent.

61 1297 501 1356 circumpositionem
522 1306 668 1342 autem
690 1295 814 1341 altari
835 1312 913 1341 cur
934 1312 984 1340 ex
1009 1296 1066 1340 eis
1089 1296 1182 1340 fieri
1199 1295 1362 1352 voluit,
1380 1296 1451 1341 ad-

62 1365 194 1423 didit,
221 1366 388 1423 dicens,
419 1387 438 1409 «
464 1367 682 1421 Quoniam
707 1366 853 1412 oblata
876 1375 979 1411 sunt
1002 1376 1101 1410 ante
1122 1367 1357 1412 Dominum
1373 1402 1383 1422 ,
1410 1376 1454 1413 et

1 1462 15 1502 4·
64 1455 86 1480 »
111 1439 372 1484 sanctificata
396 1438 510 1484 facta
532 1439 691 1483 suntin
708 1438 878 1497 signum
899 1437 998 1481 filiis
1016 1437 1148 1482 Isra'e‘l
1175 1457 1183 1483 :
1204 1457 1223 1479 »
1242 1454 1332 1482 non
1348 1454 1451 1497 ergo

0 1510 6 1523 ‘
61 1509 109 1555 in
130 1511 190 1555 eis
216 1511 436 1571 reprobari
458 1510 621 1566 voluit,
658 1509 779 1571 quod
801 1527 825 1554 a
856 1509 1012 1554 talibus
1044 1510 1191 1554 oblata
1219 1520 1344 1569 sunt,
1377 1510 1452 1556 sed

3 1618 18 1654 ι.
63 1581 146 1628 hoc
164 1583 308 1643 potius
330 1583 511 1641 cogitari
530 1592 573 1627 et
601 1581 787 1638 attendi,
820 1591 920 1626 ante
943 1597 1074 1642 quem
1105 1580 1251 1627 oblata
1275 1583 1382 1638 sint,
1407 1582 1453 1627 id

3 1668 10 1680 ’
63 1663 127 1700 est
143 1654 244 1714 quia
262 1664 362 1698 ante
384 1654 618 1699 Dominum
636 1690 646 1710 ,
673 1663 722 1698 ut
743 1653 841 1714 plus
861 1655 906 1698 in
928 1655 986 1699 eis
1009 1654 1172 1700 valeret
1192 1671 1353 1701 nomen
1367 1659 1455 1701 Do-

65 1726 198 1781 mini,
224 1734 324 1769 ante
342 1740 474 1785 quem
497 1725 643 1769 oblata
672 1733 796 1780 sunt,
822 1741 956 1786 quam
979 1726 1212 1785 pessimum
1248 1727 1454 1771 meritum

66 1812 238 1852 eorum,
265 1813 288 1840 a
304 1795 465 1856 quibus
487 1796 633 1841 oblata
655 1805 772 1840 sunt.
789 1799 882 1840 Hoc
901 1805 1046 1840 autem
1064 1798 1154 1857 jam
1173 1807 1215 1842 et
1235 1797 1280 1841 in
1303 1799 1456 1843 Exodo

2 1884 11 1913 ί
66 1877 481 1913 commemoraverat
526 1868 762 1927 Scriptura,
800 1866 978 1927 quando
1018 1867 1152 1912 altare
1194 1867 1455 1913 fabricatum

68 1937 196 1984 dicit'2
223 1958 232 1983 :
257 1937 376 1982 unde
389 1937 646 1996 intelligitur
660 1952 814 1996 genera
834 1953 979 1982 rerum
995 1947 1210 1997 gestarum
1222 1939 1457 1984 distributa

68 2023 156 2054 esse
177 2025 254 2070 per
274 2009 408 2053 libros
424 2044 435 2064 ,
456 2024 547 2053 non
561 2017 807 2068 temporum
825 2008 932 2053 ordo
954 2018 1196 2054 contextus.
1215 2012 1325 2055 Nam
1347 2009 1457 2054 etde

0 2089 2 2098 '
66 2079 185 2140 virga
202 2084 370 2137 Aaron,
395 2079 618 2141 quomodo
641 2096 706 2124 res
725 2090 842 2140 gesta
858 2080 939 2135 sit,
962 2090 1012 2125 ut
1039 2089 1083 2125 et
1105 2080 1264 2126 florens
1289 2090 1333 2125 et
1354 2096 1452 2140 ger-

67 2151 236 2196 minans
258 2151 514 2196 electionem
537 2150 765 2196 sacerdotii
786 2152 876 2212 ejus
899 2150 1105 2196 divinitus
1134 2151 1391 2207 indicaret3,
1411 2152 1458 2196 in

0 2234 2 2238 ’
69 2221 151 2267 hoc
178 2222 293 2268 libro
330 2223 551 2283 Scriptura
583 2222 792 2277 narravit,
819 2232 860 2266 et
898 2231 1043 2266 tamen
1081 2223 1136 2267 de
1161 2223 1253 2282 ipsa
1268 2222 1387 2280 virga
1414 2223 1460 2267 in

70 2293 220 2340 Exodo
237 2294 413 2350 dicitur,
431 2303 481 2338 ut
494 2295 539 2338 in
556 2294 722 2339 Sanctis
739 2303 988 2338 sanctorum
1006 2310 1107 2338 cum
1124 2310 1283 2338 manna
1298 2295 1344 2338 in
1357 2310 1456 2339 arca

0 2363 5 2381 ³
70 2366 340 2424 poneretur⁴²
356 2365 535 2426 quando
548 2364 799 2425 praecipitur
808 2364 862 2408 de
875 2365 1051 2408 taberna
1059 2363 1158 2409 culo
1171 2362 1428 2410 fabricando
1446 2385 1455 2410 :

101 2435 190 2481 uod
214 2437 366 2498 utique
390 2435 521 2496 longe
543 2444 644 2480 ante
665 2445 935 2495 praeceptum
959 2444 1048 2490 est,
1074 2451 1207 2495 quam
1233 2435 1371 2495 ipsam
1393 2445 1461 2481 ta-

121 2543 130 2558 ¹
161 2538 255 2568 Num.
283 2547 360 2578 xvi,
393 2536 454 2578 39,
483 2534 536 2577 4ο.
568 2551 610 2556 -
643 2540 655 2557 ²
685 2534 782 2566 Exod.
813 2544 918 2575 xxvii,
946 2542 977 2566 2.
1012 2550 1053 2556 —-
1084 2531 1096 2556 3
1123 2534 1216 2566 Num.
1245 2545 1331 2574 xvii,
1357 2537 1389 2567 8.
1423 2552 1465 2558 —

40 2610 43 2617 ι
77 2589 202 2624 liEde.
224 2603 332 2624 xxviii.

40 2621 43 2643 i

40 2649 44 2722 ἵ

1269 2645 1334 2684 ΞΟ.
