1872 3267
389 260 644 290 LOCUTIONES
677 261 730 289 m:
764 261 931 299 ΕΧουο,
968 263 1049 288 Lm.
1088 262 1133 287 11.
1395 247 1443 287 41

60 345 185 376 voces
197 331 275 375 nei
296 330 425 374 etiam
448 328 616 379 Pharao
630 327 827 387 superius
844 327 1077 387 appellavit
1095 324 1266 371 dicens:
1286 344 1305 367 «
1320 326 1451 369 Orate

63 421 84 444 »
121 417 198 463 pro
234 417 303 446 me
332 399 387 444 ad
422 400 680 454 Dominum,
705 408 755 443 ut
777 398 977 444 desinant
1006 398 1096 443 fieri
1125 412 1252 442 voces
1276 397 1402 441 Dei¹z
1429 418 1446 437 »

61 474 138 519 ubi
160 483 204 518 et
225 472 297 517 illa
312 471 475 516 locutio
505 481 568 516 est
587 469 708 531 quod
727 470 853 526 dixit,
884 489 903 512 «
931 470 1131 518 desinant
1151 469 1244 512 fieri
1261 483 1403 512 voces.
1429 488 1447 508 υ

112 546 268 589 XLIX.
292 562 310 584 «
327 543 631 588 Utnarretisin
653 558 776 586 aures
798 541 894 585 filiis
915 541 1065 586 vestris
1083 550 1126 584 ct
1148 538 1245 583 filiis
1264 539 1453 583 filiorum

70 637 89 657 η
127 625 367 660 vestrorum
397 630 686 675 quaecumque
716 613 831 657 illusi
864 612 1126 672 AEgyptiis‘sst
1152 632 1168 652 »
1214 611 1456 654 notandum

64 687 435 748 quemadmodum
460 686 629 729 dicatur
653 706 670 725 ι(
700 685 834 739 illusi,
861 705 878 725 »
905 701 960 728 nc
981 684 1089 729 forte
1105 684 1163 726 ita
1186 683 1239 726 sit
1261 682 1425 726 dicium
1447 702 1454 726 ·.

70 781 85 800 «
128 765 259 803 Draco
283 759 352 802 liic
375 773 507 818 quem
538 758 695 801 finxisti
719 758 774 802 :ul
797 756 1072 801 illudendum
1097 755 1133 798 ci
1155 758 1168 778 ²¹
1198 775 1205 798 2
1233 774 1249 794 »
1279 764 1321 797 et
1350 752 1454 797 illud

66 832 108 874 iu
131 831 236 874 loli:
263 850 279 869 «
309 833 400 873 illoc
425 839 487 872 cst
512 829 679 872 initium
715 828 903 885 {ignienti
937 827 1104 870 Domini
1133 824 1252 885 quod
1281 824 1372 867 fecit
1404 826 1453 867 ad

73 922 87 940 »ι
126 900 401 945 illudendum
425 900 478 943 al)
502 898 675 958 Angelis
693 900 781 958 ejus
799 903 829 941 ⁴.
859 920 874 938 »

123 975 170 1015 1„
199 991 216 1012 «
240 975 353 1015 ‘Ecce
377 970 631 1029 cgoinduco
650 970 762 1014 lianc
776 971 929 1013 horam
949 969 1135 1012 crastino
1159 966 1229 1010 die
1247 967 1457 1009 locustam

58 1063 87 1102 y»
124 1042 305 1087 multam
321 1046 351 1086 ⁵.
374 1062 393 1085 η
412 1046 525 1087 Ecce
544 1040 918 1102 quemadmodum
942 1040 1137 1099 superius
1156 1038 1265 1082 dixit
1284 1053 1433 1082 ranam
1449 1072 1459 1088 ,

66 1115 141 1158 ubi
162 1113 347 1158 diximus
373 1113 634 1174 plerumque
660 1111 757 1171 plus
782 1110 964 1169 intelligi
987 1126 1088 1154 cum
1111 1108 1289 1169 aliquod
1308 1109 1462 1168 hujus-

66 1183 186 1227 modi
200 1182 472 1240 singulariter
490 1181 663 1236 dicitur‚
677 1196 810 1241 quam
824 1181 857 1224 si
876 1179 1102 1240 pluraliter
1116 1179 1349 1223 diceretur.
1369 1181 1463 1222 Ma-

66 1252 271 1298 nifestum
302 1263 364 1297 est
397 1254 514 1296 enim
542 1253 640 1312 plus
677 1267 855 1306 sonare,
898 1271 916 1293 ι(
954 1251 1166 1296 locustam
1195 1248 1401 1305 multam,
1441 1268 1460 1289 »

68 1340 200 1385 quam
219 1325 251 1368 si
267 1323 458 1380 diceret,
479 1323 666 1368 locustas
689 1323 864 1367 multas.

125 1399 196 1441 LI.
229 1417 247 1437 «
272 1396 356 1449 Qui
380 1405 525 1440 autem
545 1406 588 1440 et
609 1397 684 1456 qui
705 1404 806 1440 sunt
827 1394 903 1456 qui
921 1394 1098 1438 ibuntssz
1128 1413 1147 1435 »
1175 1391 1372 1454 quotidie
1395 1391 1465 1435 di-

68 1470 206 1514 cimus
227 1467 546 1513 consuetudine
567 1466 871 1522 familiariore,
896 1482 1028 1527 quam
1052 1466 1127 1526 qui
1151 1475 1193 1509 et
1220 1464 1296 1525 qui
1320 1464 1464 1508 ibunt.

128 1542 220 1583 LII.
248 1558 267 1580 «
287 1541 384 1584 Non
403 1547 466 1582 est
481 1538 683 1582 relictum
702 1537 841 1581 viride
864 1536 972 1580 nihil
996 1537 1041 1579 in
1064 1536 1220 1593 lignis⁷
1239 1556 1246 1578 :
1272 1554 1290 1574 >i
1318 1533 1468 1578 dicen-

70 1610 175 1655 dum
198 1609 284 1653 fuit
303 1625 423 1654 more
445 1608 678 1653 locutionis
700 1616 860 1653 nostrae
878 1627 885 1651 ;
902 1609 1001 1653 Non
1024 1615 1088 1650 est
1111 1605 1311 1649 relictum
1328 1605 1467 1649 viride

70 1679 236 1741 aliquid
258 1670 303 1723 i‘n
325 1680 467 1737 lignis.

142 1755 254 1796 LIII.
300 1753 468 1796 Pharao
513 1750 569 1796 ad
598 1754 802 1809 Moysen,
843 1770 861 1791 «
892 1750 1073 1794 Peccavi
1103 1758 1203 1792 ante
1231 1749 1468 1793 Dominum

74 1843 93 1865 n
130 1827 270 1868 Deum
304 1833 496 1868 vestrum
538 1832 580 1867 et
618 1823 663 1866 in
698 1822 847 1880 vobis3
875 1821 1078 1880 suscipite
1120 1836 1223 1879 ergo
1261 1819 1467 1863 delictum

76 1914 111 1945 υ,
132 1895 305 1938 meum8
327 1915 334 1938 ;
359 1913 378 1935 η
404 1895 486 1937 hac
508 1893 732 1938 locutione
765 1902 807 1936 ct
834 1892 889 1936 ad
912 1892 1073 1951 Joseph
1103 1892 1169 1935 usi
1191 1900 1293 1935 sunt
1322 1890 1472 1934 fratres

73 1967 161 2025 ejus
178 1966 258 2009 ubi
276 1966 501 2008 dixerunt:
532 1982 551 2004 «
569 1963 728 2022 Accipe
745 1964 1023 2022 iniquitatem
1046 1977 1270 2005 servorum
1290 1963 1364 2005 Dei
1391 1978 1472 2021 pa-

78 2056 96 2077 »
140 2036 214 2079 tris
234 2036 342 2079 tui9.
369 2054 388 2075 )›

134 2109 243 2151 LIV.
280 2105 412 2159 Quod
443 2105 566 2149 latini
597 2105 787 2159 habent,
832 2124 850 2145 ι(
888 2107 943 2148 Et
986 2120 1116 2148 nemo
1149 2102 1258 2147 vidit
1293 2103 1471 2148 fratrem

79 2197 98 2219 n
135 2192 261 2221 suum
280 2176 419 2220 tribus
447 2175 644 2219 diebus¹⁰
667 2192 674 2216 :
706 2195 722 2215 η
758 2190 921 2234 graecus
945 2174 1099 2229 habet,
1133 2194 1152 2215 α
1177 2177 1232 2218 Et
1255 2190 1344 2218 nou
1361 2175 1472 2218 vidit

79 2267 98 2288 n
136 2263 262 2291 nemo
279 2246 455 2291 fratrem
468 2263 595 2290 suum
614 2267 620 2290 :
642 2266 659 2286 »
685 2245 930 2290 notandum
943 2245 1074 2289 ctiam
1092 2243 1268 2289 fratrem
1282 2246 1472 2290 hominis

77 2319 319 2380 quemlibet
339 2319 562 2363 hominem
582 2317 684 2362 dici.

136 2392 222 2433 LV.
246 2391 411 2434 Pharao
434 2389 540 2434 dicit
564 2388 619 2433 ad
643 2391 825 2446 Moysen
854 2398 897 2432 ct
920 2391 1089 2442 Aaron,
1118 2407 1136 2429 «
1159 2391 1223 2431 Ite
1247 2397 1289 2431 et
1312 2388 1469 2432 servite

128 2511 136 2526 ¹
158 2504 259 2535 Exoil.
280 2515 322 2545 ix,
342 2513 374 2535 2.
399 2522 440 2526 --
465 2511 476 2525 ²
502 2504 549 2535 Id.
572 2515 603 2544 x,
627 2513 657 2535 2.
687 2521 722 2526 —
752 2502 764 2525 3
784 2503 865 2534 Psal.
884 2514 950 2543 cin,
980 2501 1036 2533 26.
1071 2520 1112 2524 —
1135 2501 1150 2530 4
1169 2502 1242 2533 Job.
1268 2513 1321 2543 xt,
1348 2501 1396 2543 isi.
1430 2518 1471 2524 —·

81 2557 95 2581 ⁵
121 2559 326 2601 13<0‹1.x‚4.
349 2577 388 2581 -
406 2558 420 2580 ⁶
440 2559 520 2592 lbid.
549 2559 580 2591 S.
609 2576 649 2582 -
669 2559 920 2592 711›i‹l.1;'›.-
943 2557 957 2581 3
974 2558 1057 2590 Iliid.
1083 2557 1122 2590 16
1145 2563 1177 2590 ct
1211 2569 1260 2599 ¹7·
1283 2575 1324 2580 —-
1353 2565 1367 2590 9
1386 2560 1467 2591 Gen.

83 2626 113 2652 1,,
137 2625 185 2656 ¹7·
213 2632 253 2638 ——-
275 2622 304 2638 ¹⁰
325 2615 423 2648 Exod,
443 2627 476 2656 x,
502 2615 558 2647 23.
