1872 3267
10 1593 13 1742 ἑ

11 1747 14 1814 1

11 1816 14 1867 ἰ

357 283 622 319 QuAEsnonEs
654 283 698 311 m
731 285 946 322 GENE81M‚
984 288 1064 313 tiu.
1102 288 1130 313 1.
1359 280 1438 317 189

55 348 164 392 Nam
195 347 254 392 ita
280 347 485 392 inebriari
517 356 567 391 ut
593 347 864 392 inebriantur
887 348 1064 406 ebriosi,
1095 366 1175 396 nec
1204 352 1283 412 ipsi
1314 362 1438 398 terrae

53 416 162 461 utile
191 426 278 472 est,
302 418 509 480 quoniam
532 419 692 478 majore
718 435 852 480 quam
871 421 1054 466 satietati
1071 423 1232 467 suflicit
1253 424 1438 470 humore

51 489 347 550 corrumpitur
367 511 377 549 3
402 489 515 535 sicut
535 490 620 536 vita
643 490 912 537 ebriosorum
929 528 940 548 ,
966 493 1043 554 qui
1064 509 1154 540 non
1176 495 1372 541 satietate
1394 512 1440 541 se

53 560 224 620 replent
238 596 249 617 ,
270 560 346 606 sed
362 570 568 621 mergunt
585 561 766 607 diluvio.

531 657 768 708 QUAESTIO
800 659 947 700 cxliv.

110 761 236 814 Quoi)
257 759 317 804 ait
339 758 546 805 fratribus
569 760 655 805 suis
684 762 868 822 Joseph,
899 781 919 805 «
943 762 1207 808 Nesciebatis
1230 763 1332 824 quia
1355 780 1436 809 au-

55 849 75 872 »
109 830 233 889 gurio
262 840 502 890 auguratur
523 832 656 876 homo
675 831 814 893 qualis
836 847 914 892 ego
932 835 943 859 ¹
965 854 976 891 3
1015 852 1034 874 »
1071 832 1126 878 de
1148 834 1232 879 hoc
1255 836 1438 894 augurio

51 900 179 946 etiam
201 901 426 947 mandavit
448 902 507 947 eis
537 901 772 947 dicendum
794 918 872 963 per
893 903 1116 949 hominem
1139 921 1267 949 suum
1289 925 1297 951 :
1328 905 1436 967 quid

51 971 130 1016 sibi
150 970 276 1028 velit,
302 973 441 1033 quaeri
464 972 596 1031 solet,
612 989 668 1017 an
685 973 788 1034 quia
809 989 899 1019 non
917 974 1026 1019 serio
1038 1009 1049 1030 ,
1065 974 1141 1019 sed
1152 976 1254 1036 joco
1271 976 1438 1021 dictum

50 1050 132 1097 est,
163 1050 213 1086 ut
246 1042 384 1087 exitus
411 1042 587 1099 docuit,
628 1059 718 1088 non
751 1052 815 1088 est
848 1044 1101 1089 habendum
1124 1045 1438 1091 mendacium?

50 1111 277 1157 Mendacia
306 1113 421 1158 enim
449 1129 473 1158 a
504 1112 785 1158 mendacibus
814 1113 925 1159 serio
949 1123 1166 1174 aguntur,
1195 1132 1285 1161 non
1302 1118 1436 1178 joco:

50 1199 149 1228 cum
171 1193 317 1228 autem
350 1201 449 1245 quae
479 1201 570 1230 non
591 1195 716 1240 sunt,
750 1194 959 1246 tanquam
970 1187 1071 1246 joco
1092 1186 1324 1244 dicuntur,
1348 1205 1438 1234 non

49 1253 316 1315 deputantur
337 1256 578 1301 mendacia.
596 1257 680 1301 Sed
695 1257 829 1315 magis
847 1266 993 1302 movet
1014 1257 1122 1318 quid
1139 1258 1220 1303 sibi
1235 1259 1339 1304 velit
1358 1260 1438 1305 ista

50 1325 159 1370 actio
193 1327 382 1386 Joseph,
414 1343 501 1387 qua
532 1326 685 1371 fratres
718 1343 842 1383 suos,
876 1327 1016 1373 donee
1046 1329 1104 1373 eis
1136 1330 1321 1390 aperiret
1342 1331 1439 1392 quis

49 1406 177 1453 esset,
203 1397 329 1442 toties
348 1397 592 1442 ludificavit
610 1433 620 1453 ,
648 1407 690 1441 et
721 1407 839 1443 tanta
860 1400 1158 1459 expectatione
1180 1401 1406 1461 suspendit
1426 1421 1436 1447 t

47 1467 290 1529 quodlicet
312 1478 434 1514 tanto
467 1471 520 1513 sit
552 1469 724 1514 suavius
746 1486 848 1515 cum
875 1469 1052 1530 legitur,
1078 1482 1244 1532 quanto
1272 1472 1354 1518 illis
1390 1474 1440 1518 fit

46 1539 312 1600 inopinatius
335 1555 435 1584 cum
449 1541 608 1601 quibus
632 1541 789 1600 agitur,
807 1551 955 1586 tamen
967 1543 1190 1602 sapientiae
1208 1543 1323 1588 illius
1347 1560 1439 1603 gra-

46 1609 201 1666 vitate,
226 1610 309 1655 nisi
331 1626 540 1669 magnum
562 1611 728 1671 aliquid
761 1612 842 1657 isto
877 1613 1000 1673 quasi
1031 1613 1138 1658 ludo
1172 1615 1438 1674 significare-

45 1688 134 1735 tur,
160 1696 241 1726 nec
264 1681 319 1725 ab
346 1681 422 1726 illo
442 1682 590 1737 fieret,
616 1697 696 1726 nec
719 1698 767 1727 ea
798 1684 1020 1743 Scriptura
1053 1685 1366 1742 contineretur,
1391 1688 1438 1731 in

47 1767 132 1812 qua
165 1760 229 1795 est
263 1760 383 1796 tanta
415 1752 651 1797 sanctitatis
685 1754 917 1798 auctoritas
951 1764 995 1799 et
1032 1757 1436 1816 prophetandorum

48 1830 167 1866 tanta
188 1821 374 1866 intentio
397 1820 648 1867 futurorum
669 1842 677 1867 :
704 1839 837 1883 quam
852 1825 984 1870 modo
1003 1827 1159 1886 exequi
1179 1828 1437 1887 exponendo

12 1887 14 1937 ἒ
48 1907 137 1936 non
169 1892 457 1952 suscepimus,
488 1892 565 1937 sed
595 1892 828 1938 admonere
856 1903 1029 1939 tantum
1052 1895 1294 1953 voluimus,
1330 1897 1438 1958 quid

13 1980 15 2025 ᾗ
48 1962 116 2008 hic
138 1972 336 2022 oporteat
357 1963 533 2024 inquiri.
555 1966 665 2009 Nam
687 1979 767 2009 nec
785 1964 896 2010 illud
913 1982 1066 2011 vacare
1088 1967 1290 2024 arbitror,
1316 1969 1435 2029 quod

49 2048 135 2078 non
157 2032 240 2089 ait,
271 2052 290 2076 α
310 2036 516 2093 Auguror
535 2049 632 2093 ego,
662 2053 682 2075 n
700 2035 792 2090 sed,
820 2055 840 2078 «
865 2039 1118 2095 Auguratur
1139 2038 1271 2084 homo
1294 2039 1435 2100 qualis

48 2118 177 2162 ego.»
201 2103 330 2156 Quod
351 2104 386 2149 si
407 2103 641 2150 locutionis
665 2121 801 2164 genus
823 2116 908 2163 est,
929 2107 975 2152 in
998 2108 1232 2168 Scripturae
1255 2125 1436 2171 corpore

14 2184 16 2189 '
47 2173 183 2219 simile
199 2173 365 2236 aliquid
386 2174 696 2235 reperiendum
715 2185 793 2221 est.

525 2286 760 2336 QUAESTIO
793 2287 961 2327 CXLVI.

105 2387 197 2432 NoN
219 2385 491 2446 negligenter
513 2387 877 2433 considerandum
894 2397 1018 2449 puto,
1036 2398 1202 2435 tantam
1220 2392 1434 2437 miseriam

15 2443 18 2464 ἶ
50 2454 94 2499 in
127 2456 207 2501 hac
233 2457 563 2516 perturbatione
598 2457 784 2503 fratrum
816 2475 992 2504 suorum
1028 2461 1251 2521 quomodo
1273 2463 1434 2523 ,Ioseph

49 2526 241 2586 quandiu
262 2526 403 2573 voluit
421 2529 586 2585 tenuit,
612 2538 656 2573 et
682 2538 845 2589 quanta
870 2529 1010 2576 voluit
1028 2546 1146 2576 mora
1173 2532 1432 2591 produxit2:

97 2630 105 2648 ¹
129 2627 208 2659 Gen.
233 2637 318 2669 μιν,
340 2625 390 2659 ι5.
407 2644 448 2652 -
470 2633 483 2650 ²
502 2627 583 2661 lbid.
606 2638 663 2671 per
682 2630 800 2661 totum.
