1872 3267
329 203 595 244 QUAESTlONES
628 206 671 232 ιΝ
705 204 934 243 NUMEROS,
970 206 1052 231 ΜΒ.
1090 206 1148 231 iv.
1348 191 1426 231 431

4 288 5 295 ¹
45 292 64 314 η
101 273 296 316 restituet
320 270 531 315 delictum
555 289 563 315 :
585 278 778 329 caputet
800 270 974 330 quintas
1000 270 1090 330 ejus
1112 267 1285 330 adjiciet
1307 284 1435 329 super

4 333 6 387 {
45 363 65 386 »
101 343 232 399 illud,
270 352 313 387 ct
346 341 499 387 reddet
536 342 607 387 cui
639 340 824 402 deliquit
862 341 915 385 ei.
957 341 1000 386 Si
1023 350 1170 385 autem
1193 357 1282 385 non
1304 340 1438 386 fucrit

5 405 7 442 ³
44 435 64 458 n
99 415 265 460 homini
288 414 523 475 proximus,
555 414 614 458 ita
635 423 686 457 ut
703 412 858 457 reddat
874 412 937 457 illi
955 412 1166 457 delictum
1188 412 1244 457 ad
1261 413 1434 472 ipsum3

7 488 8 491 ’
44 507 65 530 »
100 485 312 531 delictum
330 485 452 546 quod
473 484 671 529 redditur
694 485 896 540 Domino,
915 483 1128 529 sacerdoti
1145 484 1239 540 erit,
1256 494 1437 545 excepto

7 551 9 558 ⁴
45 577 66 601 »
101 559 234 603 ariete
256 557 574 618 propitiationis
595 572 673 616 per
693 572 827 617 quem
847 555 1040 601 exorabit
1053 555 1100 599 in
1111 554 1187 600 illo
1202 571 1282 615 pro
1299 572 1351 600 eo
1366 558 1396 600 1.
1413 575 1434 597 »

46 629 126 675 Hic
149 645 198 674 ea
229 638 407 689 peccata
435 627 722 687 intelligenda
760 637 884 684 sunt,
910 643 1100 688 quorum
1135 627 1180 671 in
1204 627 1270 672 his
1308 628 1440 672 rebus

8 708 9 712 ’
42 700 306 761 perpetratio
331 709 416 756 est,
442 716 541 760 quae
565 700 750 760 pecunia
778 699 944 744 restitui
973 708 1171 759 possunt.
1203 702 1302 745 Non
1322 700 1438 744 enim

42 770 165 817 aliter
192 771 356 817 diceret
384 771 608 833 quomodo
642 771 908 816 restituenda
932 771 1042 826 sint,
1070 771 1153 815 nisi
1176 769 1336 816 damna
1359 787 1437 831 pe—

43 843 237 889 cuniaria
272 843 470 888 fuissent.
504 843 640 887 Jubet
668 845 784 887 enim
814 843 981 887 restitui
1010 852 1142 902 caput
1176 852 1219 887 et
1239 844 1436 903 quintas,

43 914 85 959 id
108 924 187 969 est,
205 923 347 959 totum
369 913 479 958 illud
505 913 722 975 quidquid
746 923 826 969 est,
853 923 896 957 et
918 913 1117 974 quintam
1141 915 1233 974 ejus
1251 924 1437 974 partem,

44 995 224 1045 excepto
247 985 378 1029 ariete
396 986 472 1046 qui
496 983 639 1029 fuerat
661 984 912 1030 offerendus
938 985 983 1027 in
1006 984 1265 1028 sacrificium
1289 985 1341 1030 ad
1370 1001 1443 1029 ex-

14 1059 15 1062 ’
45 1055 255 1116 piandum
290 1055 515 1099 delictum.
554 1055 690 1100 Jubet
723 1064 869 1099 autem
908 1053 1020 1098 illud
1054 1055 1174 1115 quod
1197 1055 1443 1100 restituitur

46 1118 279 1173 sacerdotis
311 1143 400 1171 esse
416 1163 426 1182 ,
458 1127 503 1171 id
533 1137 596 1171 est
612 1163 622 1183 ,
661 1127 802 1187 ipsum
825 1136 956 1186 caput
978 1135 1021 1170 et
1044 1127 1267 1187 quintam,
1294 1128 1328 1171 si
1351 1144 1441 1172 non

18 1257 19 1261 Ἰ
46 1208 110 1245 est
132 1199 354 1258 proximus
377 1199 441 1253 ei,
468 1198 513 1242 in
535 1214 666 1259 quem
690 1198 967 1242 commissum
992 1207 1070 1242 est.
1100 1199 1182 1242 Ubi
1206 1200 1357 1260 utique
1378 1199 1442 1243 in-

49 1270 256 1329 telligitur
290 1280 396 1315 tuuc
430 1271 617 1315 Domino
647 1268 923 1315 reddendum
952 1269 1072 1330 quod
1100 1270 1154 1314 sit
1175 1270 1408 1315 sacerdotis
1427 1307 1438 1327 ,

47 1341 81 1386 si
101 1342 234 1386 homo
256 1341 348 1402 ipse
371 1357 460 1386 non
482 1341 668 1401 supersit
704 1341 780 1401 qui
812 1340 1022 1385 damnum
1060 1357 1208 1401 passus
1244 1351 1332 1397 cst,
1360 1359 1440 1387 nec

0 1414 2 1440 ⁵
48 1413 268 1473 proximus
284 1414 391 1473 ejus,
407 1428 537 1473 quem
557 1421 666 1473 puto
687 1411 907 1456 haeredem
928 1410 1113 1471 intelligi
1135 1412 1337 1458 voluisse.
1358 1414 1444 1459 Sed

0 1493 3 1516 ³
49 1484 102 1530 dc
132 1484 223 1544 ipso
250 1485 428 1529 homine
458 1484 567 1528 nihil
594 1484 700 1528 dixit
726 1484 947 1543 Scriptura
975 1504 984 1529 2
1012 1494 1316 1530 verumtamen
1340 1502 1442 1532 cum

49 1554 184 1600 dicit:
223 1575 242 1597 «
279 1556 432 1600 Sinon
464 1555 503 1598 ci
527 1554 658 1599 fuerit
688 1554 931 1614 proximus,
960 1574 979 1595 »
1005 1555 1086 1599 sub
1122 1556 1204 1600 hac
1231 1557 1442 1601 brevitate

47 1626 260 1681 insinuat,
286 1636 392 1671 tunc
420 1626 559 1687 queeri
583 1625 830 1686 proximum
854 1627 973 1686 ejus,
1007 1627 1041 1670 si
1063 1627 1154 1687 ipse
1178 1643 1269 1672 non
1292 1627 1438 1672 fuerit.

2 1702 5 1709 ’
52 1697 95 1744 Si
118 1707 262 1742 autem
287 1713 368 1741 nec
396 1698 616 1758 proximus
647 1697 750 1752 erit,
776 1697 962 1742 Domino
985 1698 1253 1755 restituetur,
1279 1715 1334 1743 ne
1364 1699 1444 1744 im-

28 1783 30 1785 *
50 1768 256 1828 punitum
280 1777 502 1812 remaneat
519 1767 640 1828 quod
657 1766 892 1812 admissum
917 1777 980 1812 est
1001 1788 1009 1812 :
1039 1768 1161 1829 quod
1183 1779 1330 1814 tamen
1352 1786 1444 1815 non

1 1851 10 1858 ·
52 1838 177 1884 cedat
208 1838 255 1882 in
285 1839 564 1894 sacrificium,
600 1838 676 1882 sed
713 1839 766 1883 sit
794 1839 1044 1883 sacerdotis.
1084 1841 1152 1885 Sic
1189 1856 1291 1885 sane
1314 1841 1444 1886 verba

54 1910 287 1970 Scripturae
309 1908 619 1969 distinguenda
641 1919 757 1954 sunt.
789 1929 809 1951 ‹<
843 1910 886 1955 Si
909 1920 1057 1954 autem
1085 1927 1175 1956 non
1198 1911 1331 1957 fuerit
1361 1913 1445 1958 ho-

24 1978 28 2036 ]
55 1998 75 2022 >›
109 1981 216 2024 mini
237 1980 480 2041 proximus,
505 1981 563 2025 ita
588 1989 639 2025 ut
655 1980 808 2025 reddat
830 1980 893 2025 illi
916 1980 1127 2026 delictum
1148 1982 1203 2027 ad
1224 1983 1366 2043 ipsum
1389 2004 1397 2029 :
1421 2003 1441 2025 »

5 2065 14 2086 ²
55 2053 305 2098 Locutionis
326 2062 390 2097 est
412 2052 529 2097 enim
552 2051 671 2113 quod
694 2051 884 2108 addidit,
913 2073 932 2095 «
953 2052 1009 2097 ad
1028 2054 1169 2114 ipsum
1189 2074 1208 2096 >›
1236 2065 1311 2100 aut
1332 2056 1446 2101 forte

59 2141 80 2165 «
114 2123 364 2184 adipsum»
391 2123 516 2179 dixit,
544 2123 665 2184 quod
683 2122 738 2168 ad
759 2122 902 2184 ipsum
925 2125 1166 2184 pertineat,
1193 2125 1237 2170 id
1257 2136 1335 2182 est,
1356 2127 1446 2186 ipse

29 2191 285 2255 possideat.
322 2193 491 2239 Deinde
528 2194 750 2255 sequitur,
791 2214 810 2237 «
842 2194 1060 2240 Delictum
1095 2197 1218 2257 quod
1250 2198 1448 2243 redditur

60 2283 80 2306 n
115 2266 304 2310 Domino
322 2301 332 2321 ,
357 2265 568 2310 sacerdoti
598 2266 692 2309 erit.
721 2284 740 2306 υ
772 2265 990 2311 Delictum
1022 2277 1168 2312 autem
1191 2267 1319 2324 dicit,
1345 2284 1448 2313 cum

0 2330 39 2381 ³²¹..
59 2336 256 2382 redditur
277 2353 326 2382 ea
349 2353 437 2394 res,
463 2354 562 2398 quae
584 2352 663 2397 per
685 2336 894 2382 delictum
918 2338 1062 2384 ablata
1085 2348 1163 2384 est.

107 2441 117 2457 ¹
137 2436 231 2467 Num.
250 2446 282 2476 v,
301 2434 374 2468 6-8.
