1872 3267
373 237 639 274 QoAEsnoMJs
673 238 717 264 ιΝ
750 235 943 277 municas,
981 238 1061 264 Lus.
1101 237 1175 263 vn.
1380 224 1458 261 621

589 352 827 402 QUAESTIO
859 354 940 392 LV.

138 455 255 507 Quin
278 463 343 498 est
363 453 486 515 quod
504 454 671 499 dictum
688 463 766 510 est,
783 454 903 515 quod
928 474 948 498 «
975 455 1190 500 Percussit
1204 452 1467 512 alienigenas

81 543 102 566 »
141 527 321 570 Samson
344 525 496 570 tibiam
510 541 639 586 super
661 525 854 571 femur²P
874 546 894 568 »
914 527 1020 581 Quis
1037 525 1299 570 enimhabet
1316 524 1464 569 tibiam

76 611 205 656 super
239 595 406 653 lemur,
433 612 535 642 cum
567 597 675 642 tibia
703 596 907 642 deorsum
941 613 1088 643 versus
1116 612 1206 642 non
1237 595 1314 651 sit,
1340 595 1422 640 nisi
1444 611 1468 639 a

77 682 192 725 genu
219 683 358 728 usque
388 668 443 712 ad
466 667 634 712 talum?
657 668 822 713 Deinde
851 669 886 713 si
907 667 1054 714 locum
1076 667 1268 728 corporis
1301 666 1469 726 signifi-

77 747 217 794 caret,
238 739 316 783 ubi
338 754 409 784 eos
428 738 696 794 vulneravit,
720 738 1039 800 numquidnam
1067 754 1216 784 omnes
1238 753 1348 798 quos
1366 752 1467 797 per-

76 809 230 865 cussit,
262 810 306 854 in
334 810 646 870 unocorporis
674 808 772 855 loco
801 809 976 855 fuerant
1007 809 1256 855 vulnerati?
1278 807 1408 862 Quod
1436 807 1470 852 si

77 889 187 925 esset
207 879 431 937 credibile,
453 896 676 941 possemus
697 881 881 926 forsitan
903 881 1109 942 suspicari
1131 895 1231 925 eum
1254 893 1470 940 pugnasse

80 951 183 996 tibia
216 950 398 1012 alicujus
427 952 624 996 animalis
659 961 867 1013 tanquam
899 951 1036 1008 fuste,
1056 962 1100 997 et
1133 968 1182 996 ea
1212 950 1309 996 illos
1341 965 1471 1010 super

77 1021 220 1068 femur
242 1025 497 1083 percussisse
523 1043 532 1068 :
562 1024 674 1068 sicut
706 1024 761 1068 de
792 1023 867 1068 illo
901 1024 1111 1084 scriptum
1136 1031 1214 1078 est,
1234 1020 1357 1083 quod
1377 1037 1470 1065 ma-

76 1092 176 1138 xilla
199 1095 305 1139 asini
322 1095 442 1139 mille
464 1095 711 1140 occide1·it².
742 1094 827 1140 Sed
848 1111 991 1156 neque
1013 1094 1145 1150 illud,
1166 1104 1217 1139 ut
1238 1093 1324 1138 dixi
1343 1136 1348 1140 .
1374 1108 1471 1137 cre-

78 1164 213 1209 dibile
244 1176 328 1222 est,
359 1166 479 1227 quod
505 1182 704 1227 pugnans
725 1182 863 1211 unum
892 1175 1065 1211 tantum
1090 1165 1234 1210 locum
1268 1165 1473 1209 observa-

78 1236 187 1280 verit
205 1236 281 1280 ubi
301 1253 374 1281 eos
396 1247 669 1296 percuteret:
691 1246 734 1281 et
753 1252 842 1282 non
862 1237 920 1281 ait
946 1237 1168 1296 Scriptura
1186 1256 1194 1280 2
1218 1255 1237 1278 «
1258 1235 1473 1280 Percussit

82 1324 102 1347 »
138 1322 210 1351 eos
234 1307 341 1351 tibia
358 1323 488 1367 super
509 1308 674 1363 femur,
704 1326 724 1348 »
746 1306 844 1361 scd,
875 1327 894 1348 «
917 1307 1084 1351 Tibiam
1108 1322 1238 1366 super
1259 1306 1418 1349 femur.
1449 1323 1468 1345 >›

79 1377 294 1422 Nimirum
329 1394 432 1438 ergo
468 1379 670 1423 inusitata
708 1378 872 1423 locutio
907 1377 1012 1423 facit
1047 1378 1368 1423 obscuritatem.
1408 1380 1474 1421 lta

81 1450 196 1493 enim
221 1450 386 1494 dictum
409 1460 488 1505 est,
511 1466 559 1495 ac
582 1451 615 1494 si
633 1450 866 1505 diceretur,
889 1450 1135 1495 «Percussit
1154 1465 1226 1494 eos
1243 1447 1369 1493 valde
1386 1447 1472 1492 mi-

82 1520 298 1576 rabiliter,
334 1520 380 1564 id
413 1529 476 1564 est
483 1557 500 1577 ,
529 1530 580 1565 ut
612 1519 868 1566 admirando
904 1530 1127 1581 stupentes
1160 1520 1312 1564 tibiam
1345 1534 1475 1579 super

83 1590 230 1635 femur
249 1600 482 1652 ponerent:
504 1591 689 1635 »tibiam
711 1591 871 1636 scilicet
893 1592 1023 1636 unius
1041 1591 1161 1652 pedis
1184 1607 1313 1651 super
1330 1589 1474 1635 femur

82 1663 279 1719 alterius,
301 1664 412 1708 sicut
442 1663 583 1708 solent
605 1662 777 1719 sedere,
803 1663 880 1724 qui
913 1662 1114 1707 mirando
1145 1672 1336 1722 stupent.
1361 1664 1475 1705 Tan-

81 1750 217 1795 quam
237 1734 271 1778 si
294 1733 526 1789 diceretur,
546 1753 565 1775 «
582 1735 796 1778 Percussit
817 1749 888 1778 eos
908 1749 1089 1778 manum
1109 1732 1164 1777 ad
1181 1732 1413 1787 maxillam,
1430 1730 1475 1775 id

82 1815 162 1861 est,
183 1815 304 1850 tanta
326 1804 461 1861 caede,
478 1815 527 1850 ut
548 1821 726 1849 manum
744 1805 799 1850 ad
821 1804 1039 1850 maxillam
1063 1804 1171 1849 tristi
1189 1803 1475 1848 admiratione

82 1886 314 1937 ponerent.
354 1895 373 1917 »
406 1878 536 1921 Hunc
569 1892 744 1920 sensum
768 1876 827 1920 ita
856 1891 899 1920 se
931 1876 1092 1920 habere
1125 1875 1254 1919 etiam
1283 1874 1475 1934 interpre

87 1948 206 2003 tatio,
233 1963 332 2008 quse
356 1955 420 1992 est
443 1963 495 1991 ex
523 1946 721 2002 hebraeo,
751 1947 851 1991 satis
875 1946 1042 1991 edocet.
1072 1948 1182 1991 Nam
1214 1945 1272 1989 ita
1298 1944 1471 2003 legitur,

89 2038 108 2059 «
144 2018 359 2063 Percussit
381 2033 453 2062 eos
477 2017 643 2075 ingenti
663 2017 812 2077 plaga,
834 2018 893 2061 ita
915 2027 965 2062 ut
987 2025 1208 2078 stupentes
1236 2031 1379 2060 suram
1408 2014 1475 2060 fe-

88 2108 107 2129 »
147 2089 257 2133 mori
272 2089 590 2148 imponerent3.
621 2109 638 2128 »
664 2086 765 2131 Tale
786 2096 849 2132 est
870 2088 1007 2143 enim,
1028 2103 1076 2131 ac
1097 2088 1131 2132 si
1150 2087 1338 2132 diceret:
1366 2105 1386 2128 «
1406 2085 1477 2129 Ti-

88 2159 204 2203 biam
218 2158 373 2204 femori
392 2159 669 2219 imponerent
686 2177 695 2204 ε
712 2177 732 2200 )>
750 2158 959 2220 quoniam
982 2174 1078 2203 sura
1097 2159 1249 2219 utique
1267 2166 1478 2202 retrorsus

85 2246 187 2274 cum
211 2230 317 2275 tibia
339 2239 417 2274 est.

596 2326 834 2376 QtssAEsrlo
866 2329 963 2366 Lw.

146 2431 263 2481 Qum
287 2435 351 2472 est
373 2425 495 2488 quod
512 2426 572 2471 ait
596 2427 775 2470 Samson
793 2425 893 2471 viris
912 2424 1025 2470 Juda
1047 2444 1055 2469 2
1081 2444 1099 2466 «
1120 2428 1270 2469 Jurate
1293 2426 1398 2470 mihi
1422 2441 1477 2469 ne

91 2517 112 2541 »
148 2498 416 2543 interficiatis
446 2514 515 2542 me
537 2513 635 2553 vos,
662 2507 704 2542 et
727 2497 882 2541 tradite
909 2513 978 2541 me
997 2497 1078 2552 eis,
1104 2513 1159 2541 ne
1188 2496 1298 2541 forte
1320 2513 1476 2542 occur-

132 2601 140 2618 ¹
163 2595 266 2627 Judic.
289 2606 345 2636 xv,
368 2596 400 2627 ὃ.
422 2612 462 2617 —
480 2600 491 2616 ⁹
512 2593 592 2626 lbid.
622 2592 672 2624 15.
690 2610 730 2615 --
751 2591 764 2616 3
784 2594 835 2625 Sic
855 2592 952 2625 habet
971 2593 1102 2635 Vulgata
1124 2597 1242 2625 nostra.
