1872 3267
389 273 442 310 10
824 278 858 307 S.
893 277 1124 308 AUGUSTINI
1155 280 1336 308 EPISCOPI

389 366 411 389 »
445 361 564 406 reges
590 346 788 406 quicum
815 346 922 403 e013
945 363 965 386 »
991 344 1274 401 subauditur,
1299 354 1422 391 erant
1443 365 1452 391 ε
1477 345 1596 391 unde
1619 361 1643 391 a
1668 347 1769 408 qui-

384 417 571 462 busdam
592 415 737 461 latinis
758 417 888 460 etiam
909 415 1106 461 additum
1128 426 1207 461 est.

447 488 582 531 XLV.
622 489 713 531 «Et
731 486 957 532 Chorraeos
974 487 1050 547 qui
1071 488 1117 532 in
1139 487 1362 532 montibus
1387 488 1506 533 Seir²
1527 508 1538 546 3
1563 505 1584 529 »
1604 488 1770 533 subau-

388 559 523 613 ditur,
550 566 690 602 erant.
1025 556 1029 579 ⁴

441 631 599 674 XLVI.
639 647 659 669 «
682 625 929 672 Adveniens
956 635 1102 671 autem
1125 643 1277 673 eorum
1306 626 1384 689 qui
1414 637 1644 673 evaserunt
1671 629 1772 689 qui-

389 716 410 741 »
445 698 562 754 dam,
583 698 803 742 nuntiavit
813 697 977 742 Abram
999 699 1298 754 transfluviali,
1323 699 1413 758 ipse
1432 707 1579 743 autem
1598 699 1773 744 habita-

389 787 411 811 »
446 769 524 814 bat
551 768 608 813 ad
632 783 845 830 quercum
866 768 1063 813 Mambre
1079 803 1090 824 ,
1119 770 1342 814 Amorrhis
1363 769 1508 814 fratris
1525 769 1704 825 Eschol‚
1729 779 1774 814 et

388 857 410 882 ³)
446 839 589 884 fratris
611 843 795 897 Aunan,
820 840 896 899 qui
918 849 1042 884 erant
1068 842 1281 901 conjurati
1300 841 1490 885 Abram3
1516 861 1526 886 ς
1557 859 1577 881 »
1615 841 1775 886 obscu-
1830 852 1832 855 '

385 926 486 955 rum
507 910 784 970 hyperbaton
805 929 814 955 :
841 909 949 954 ordo
971 919 1035 954 est
1053 911 1168 955 enim
1186 931 1195 957 ι
1225 911 1505 957 «Adveniens
1528 926 1678 956 eorum
1696 912 1773 973 qui

385 990 616 1028 evaserunt
631 981 812 1042 quidam
823 981 1046 1026 Amorrhis
1060 979 1202 1026 fratris
1218 982 1376 1027 Eschol
1385 991 1428 1026 et
1439 981 1583 1026 fratris
1594 985 1771 1038 Aunan,

384 1053 462 1114 qui
489 1063 613 1098 erant
640 1052 874 1113 conjurati,
910 1052 1127 1097 nuntiavit
1148 1052 1312 1097 Abram
1341 1052 1652 1107 transfluviali,
1683 1053 1776 1112 ipse

385 1133 534 1170 autem
547 1124 775 1168 habitabat
792 1123 847 1168 ad
860 1139 1085 1184 quercum.
1110 1143 1129 1166 <c
1143 1126 1237 1168 Hoc
1253 1124 1530 1183 hyperbaton
1547 1124 1774 1169 obscurius

385 1197 435 1241 fit
459 1196 590 1241 etiam
612 1211 690 1255 per
712 1194 882 1254 ellipsin
897 1230 908 1250 ,
937 1210 1040 1239 cum
1062 1195 1180 1238 enim
1197 1194 1366 1239 dictum
1383 1204 1514 1251 esset,
1544 1214 1564 1238 «
1584 1195 1774 1248 Quidam

388 1284 409 1308 n
444 1266 668 1311 Amorrhis
686 1264 829 1310 fratris
844 1268 1002 1309 Aunan
1019 1285 1030 1321 3
1053 1283 1073 1306 »
1100 1280 1190 1309 non
1208 1266 1376 1309 dictum
1393 1275 1472 1320 est,
1493 1265 1601 1326 quid
1610 1264 1770 1321 fratris,

385 1335 462 1381 sed
482 1336 740 1395 intelligitur
754 1371 765 1391 ,
785 1335 899 1380 filius
920 1355 929 1380 :
950 1336 1061 1379 sicut
1079 1351 1180 1379 eum
1197 1334 1357 1380 dicitur
1376 1336 1566 1380 jacobus
1584 1335 1770 1395 Alphaei,

385 1407 581 1468 quamvis
614 1423 704 1451 non
736 1407 907 1451 dicatur
944 1405 1087 1462 filius,
1119 1405 1229 1450 nihil
1264 1404 1384 1449 aliud
1414 1405 1697 1464 intelligitur3
1730 1415 1774 1451 et

384 1478 535 1523 multae
552 1488 654 1523 sunt
676 1478 783 1524 tales
804 1478 1045 1522 locutiones
1075 1477 1398 1537 Scripturarum
1425 1477 1504 1521 ubi
1524 1476 1638 1521 filius
1662 1487 1774 1522 tace-

385 1559 457 1595 tur
479 1559 522 1594 et
542 1549 817 1608 intelligitur.

441 1622 622 1664 XLVII.
644 1618 774 1672 Quod
795 1618 962 1662 habent
985 1616 1166 1677 quidam
1191 1616 1315 1661 latini
1333 1617 1525 1672 codices,
1555 1637 1575 1660 «
1592 1620 1649 1663 Et
1666 1617 1774 1664 dixit

386 1709 407 1733 »
442 1691 607 1736 Abram
623 1688 676 1734 ad
700 1705 845 1748 regem
872 1688 1161 1733 Sodomorum
1183 1708 1193 1732 2
1218 1688 1420 1733 Extendo
1435 1704 1613 1733 manum
1631 1705 1775 1734 meam

387 1780 409 1803 »
443 1761 500 1806 ad
522 1764 662 1805 Deum
692 1758 971 1814 altissimum,
997 1759 1074 1818 qui
1095 1759 1256 1803 creavit
1278 1757 1444 1803 coelum
1465 1768 1509 1803 et
1530 1768 1714 1814 terram,
1738 1760 1771 1804 si
1822 1758 1824 1768 '

385 1849 408 1872 η
442 1847 466 1876 a
501 1840 646 1890 sparto
674 1845 813 1890 usque
839 1828 895 1873 ad
931 1829 1161 1888 corrigiam
1193 1828 1501 1872 calceameuti4
1527 1849 1535 1874 :
1564 1847 1584 1870 ³>
1617 1828 1774 1874 fefellit
1820 1880 1822 1894 δ

381 1901 685 1960 interpretem,
706 1899 828 1960 quod
844 1899 1153 1958 graecushabet
1165 1906 1314 1952 σπαρτίου
1329 1934 1339 1953 ,
1352 1899 1473 1959 quod
1492 1898 1625 1943 latine
1646 1900 1772 1944 filum
1819 1927 1821 1941 =
1857 1909 1859 1946 ἑ

380 1970 661 2028 intelligitur,
686 1979 736 2014 ut
758 1971 837 2014 ista
864 1969 1187 2028 Scripturaruin
1214 1969 1379 2018 locutio
1400 1969 1454 2013 sit
1480 1988 1489 2014 z
1524 1988 1544 2012 «
1569 1970 1772 2014 Extendo

382 2059 403 2082 »
430 2055 611 2085 manum
634 2055 776 2084 meam
793 2038 849 2083 ad
870 2042 1009 2083 Deum
1033 2038 1303 2094 altissimum,
1329 2040 1407 2099 qui
1426 2039 1586 2083 creavit
1607 2039 1768 2083 coelum
1816 2037 1818 2077 ἕ

381 2130 404 2153 »
438 2121 482 2156 et
503 2121 683 2166 terram,
709 2111 743 2156 si
775 2110 985 2170 accipiam
1007 2109 1062 2154 de
1088 2110 1292 2155 omnibus
1312 2111 1396 2154 tuis
1419 2129 1428 2155 ι
1455 2128 1475 2151 »
1497 2110 1530 2154 si
1552 2111 1667 2156 enim
1689 2127 1768 2170 pro
1814 2163 1816 2166 ¹

379 2198 430 2227 co
453 2182 563 2226 dixit
578 2218 589 2238 ,
618 2202 638 2224 «
658 2181 859 2226 Extendo
876 2196 1057 2225 manum
1078 2196 1221 2225 meam
1248 2181 1304 2225 ad
1321 2184 1461 2225 Deum
1483 2180 1736 2225 altissimum
1753 2216 1764 2237 ,

378 2269 427 2298 ac
450 2253 484 2297 si
506 2252 669 2296 diceret
691 2272 699 2296 :
719 2255 873 2306 «Juro,
892 2260 1089 2295 »nonest
1110 2252 1155 2294 in
1169 2250 1304 2295 latino
1320 2251 1476 2296 usitata
1493 2250 1765 2305 locutio,nisi
1811 2295 1813 2311 1

376 2324 435 2368 ita
454 2322 624 2367 dicatur
643 2342 653 2368 ;
671 2342 690 2364 «
703 2321 904 2366 Exteudo
917 2337 1096 2365 manum
1114 2337 1255 2366 meam
1273 2321 1327 2367 ad
1338 2325 1475 2366 Deum
1489 2321 1760 2377 altissimum,
1810 2315 1813 2368 s

376 2410 445 2438 me
464 2410 553 2438 nou
576 2394 769 2453 accipere
787 2392 842 2438 de
861 2393 1063 2437 omnibus
1086 2393 1186 2436 tuis.
1218 2412 1236 2433 »

435 2468 638 2509 XLVIII.
669 2483 689 2507 «
713 2463 897 2509 Sciendo
929 2464 1034 2507 scies
1063 2464 1164 2523 quia
1195 2463 1474 2522 peregrinum
1503 2464 1584 2506 erit
1615 2478 1762 2508 semen
1808 2469 1810 2514 ί

379 2554 399 2576 »
437 2535 620 2579 tuumin
638 2544 747 2579 terra
762 2537 776 2559 ⁵
802 2554 812 2578 ·.
839 2552 858 2574 »
878 2533 1038 2577 locutio
1051 2533 1228 2593 quidem
1247 2533 1564 2592 Scripturarum
1588 2542 1650 2577 cst
1672 2535 1760 2577 usi-
1805 2543 1808 2608 s

425 2622 529 2650 ¹(“.‹¹n.
557 2631 622 2659 xiv,
644 2619 673 2650 Γ).
697 2637 737 2641 -
765 2626 776 2641 ²
796 2619 876 2649 HM.
895 2618 925 2650 6,
951 2617 1015 2640 ——3
1041 2618 1122 2649 thid.
1148 2618 1247 2649 ΚΣ,-
1264 2616 1275 2646 »ἰ
1301 2618 1508 2650 1!›i·l.c›.1.—
1528 2616 1540 2638 f·
1559 2619 1601 2649 M.
1628 2629 1680 2659 xv,
1704 2619 1754 2649 1'3.
1804 2631 1806 2659 ρ
