1872 3267
386 241 653 279 QcffisTmNEs
686 244 731 270 nv
764 244 913 271 somer:
941 262 950 281 ,
988 245 1074 272 mn.
1114 246 1189 271 vii.
1404 232 1487 271 605

163 310 266 352 XII.
311 307 353 352 Si
388 308 485 368 quis
516 318 662 353 autem
693 308 820 364 dicit,
857 310 1002 354 onmia
1034 311 1238 354 scientem
1266 309 1416 354 fecisse
1445 319 1490 354 et

95 379 248 423 dixisse
263 378 442 424 Gedcon
459 395 510 423 ex
524 379 785 425 revelatione
798 381 1067 440 prophetica,
1084 390 1135 424 ut
1150 396 1228 440 per
1250 396 1350 424 eum
1369 381 1489 439 signa

93 448 196 493 talia
222 459 592 509 monstrarentur,
619 466 699 495 nec
721 450 964 496 defecissea
986 451 1099 507 fide,
1126 460 1169 496 et
1196 450 1317 511 quod
1345 452 1383 495 ei
1397 453 1489 512 jam

93 520 349 580 promiserat
368 521 577 566 Dominus
599 521 859 580 credidisse,
884 523 958 567 sed
977 523 1146 567 actione
1168 523 1422 582 prophetica
1443 523 1490 566 in

93 590 253 636 vellere
273 592 461 638 voluisse
484 602 665 648 tentare,
691 603 822 655 atque
840 594 896 638 ita
917 594 1032 639 illius
1055 594 1340 638 tentationem
1357 592 1488 638 fuisse

92 661 403 723 inculpabilem
420 699 431 719 ,
454 665 565 709 sicut
587 663 739 709 dolum
754 665 891 709 Jacob
910 667 920 690 ¹
941 684 948 709 :
976 675 1018 709 et
1036 664 1146 709 illud
1163 663 1283 725 quod
1301 665 1488 709 Domino

94 733 176 791 ait3
212 736 352 779 «Non
380 735 590 780 irascatur
612 735 854 794 indignatio
883 745 958 780 tua
986 735 1032 780 in
1061 739 1183 790 me2,
1215 753 1235 776 »
1273 751 1364 780 non
1390 734 1488 780 ideo

93 803 246 849 dixisse
269 804 391 865 quod
412 806 520 850 iram
544 807 634 866 ejus
657 806 853 862 timeret,
879 806 955 851 sed
976 806 1097 867 quod
1125 821 1225 850 eum
1249 805 1489 851 confideret

93 890 184 920 non
201 875 346 931 irasci,
383 891 485 920 cum
518 892 566 920 ca
585 875 768 932 faceret,
789 893 888 938 quae
909 877 1070 937 Spiritu
1096 878 1189 937 ejus
1207 876 1398 921 dictante
1423 875 1489 921 fa-

93 944 246 989 cienda
268 961 358 990 esse
376 955 587 1007 tanquam
613 948 826 1007 propheta
842 948 1035 992 sentiret.
1058 948 1180 992 Dicat
1208 956 1260 991 ut
1284 947 1459 992 videtur
1474 983 1485 1003 ,

93 1015 334 1061 dummodo
353 1015 466 1060 illud
489 1016 611 1077 quod
639 1016 693 1061 de
722 1016 837 1062 sacto
856 1018 1019 1078 Ephud
1039 1019 1260 1078 Scriptura
1281 1018 1372 1078 ipsa
1393 1017 1489 1062 cul-

92 1086 234 1146 pavit,
261 1086 382 1148 quod
408 1086 517 1131 libet
545 1088 780 1146 significet,
816 1104 906 1133 non
935 1088 1094 1133 audeat
1115 1104 1318 1133 excusare
1335 1104 1358 1132 a
1384 1104 1488 1148 pec-

93 1167 204 1202 cato.
245 1161 354 1204 Nam
394 1168 437 1203 et
466 1157 578 1202 illud
606 1159 726 1219 quod
756 1160 939 1204 trecenti
960 1160 1041 1204 viri
1070 1159 1126 1204 ad
1147 1160 1319 1218 signum
1347 1160 1487 1204 crucis

92 1231 186 1290 ipso
218 1246 402 1275 numero
431 1231 697 1290 pertinentes
711 1233 743 1287 3,
788 1231 965 1289 hydrias
1008 1230 1162 1276 fictiles
1195 1241 1484 1291 acceperunt,

92 1302 241 1362 eisque
270 1300 471 1345 ardentes
489 1300 654 1345 faculas
676 1302 964 1356 incluserunt,
992 1303 1152 1362 quibus
1180 1302 1346 1359 hydriis
1374 1301 1489 1347 frac-

92 1373 166 1428 tis,
200 1382 377 1431 repente
409 1371 577 1416 lumina
600 1386 830 1415 numerose
869 1371 1073 1416 micantia
1107 1381 1273 1416 tantam
1296 1371 1486 1417 hostium

91 1443 425 1488 multitudinem
448 1451 720 1497 terruerunt,
748 1452 958 1503 tanquam
982 1458 1032 1486 ex
1054 1459 1132 1487 suo
1162 1443 1340 1488 arbitrio
1361 1444 1486 1488 vide-

92 1525 165 1560 tur
194 1515 345 1560 fecisse
378 1513 586 1568 Gedeonq
612 1529 702 1558 non
731 1515 847 1558 enim
878 1516 1098 1575 Scriptura
1120 1514 1226 1559 dicit
1249 1517 1486 1560 Dominum

93 1587 368 1632 admonuisse
391 1595 442 1630 ut
458 1587 542 1631 hoc
566 1584 728 1630 faceret
754 1602 763 1627 ε
790 1595 833 1630 et
850 1595 997 1630 tamen
1019 1595 1108 1630 tam
1131 1585 1293 1645 grande
1313 1587 1488 1646 signum

92 1659 188 1720 quis
220 1660 311 1720 ejus
333 1658 478 1702 animo
503 1667 634 1718 atque
657 1657 836 1702 consilio
859 1657 1112 1702 faciendum
1130 1693 1140 1712 ,
1172 1658 1252 1701 nisi
1275 1659 1487 1702 Dominus

92 1731 349 1790 inspiravit?
367 1731 453 1784 Qui
472 1730 767 1790 praefiguravit
781 1739 951 1774 sanctos
969 1745 1067 1774 suos
1090 1730 1340 1773 thesaurum
1362 1745 1487 1774 evan-

94 1801 219 1861 gelici
246 1801 422 1847 luminis
448 1801 495 1845 in
515 1801 626 1846 vasis
649 1800 856 1845 fictilibus
884 1801 1134 1856 habituros,
1165 1801 1277 1845 sicut
1300 1803 1488 1860 Aposto-

92 1870 160 1916 lus
175 1871 304 1923 dicit;
333 1890 353 1912 «
380 1871 603 1915 Habemus
627 1881 774 1916 autem
796 1873 1050 1916 thesaurum
1068 1872 1199 1916 istum
1218 1871 1263 1915 in
1284 1872 1392 1915 vasis
1406 1872 1486 1916 fic-

95 1961 116 1985 »
143 1942 336 1997 tilibus4,
355 1960 375 1982 »
402 1940 562 2001 quibus
579 1942 623 1984 in
645 1943 840 2001 passione
855 1943 1051 2001 martyrii
1070 1953 1280 2003 tanquam
1302 1942 1487 1987 vasculis

94 2012 240 2058 fractis
257 2048 267 2067 ,
298 2013 437 2072 major
460 2027 612 2055 eorum
635 2011 783 2070 gloriae
806 2012 951 2070 fulgor
973 2013 1179 2068 emicuit,
1208 2029 1307 2073 quae
1329 2013 1486 2072 impios

95 2084 357 2144 evangelicae
389 2082 710 2143 praedicationis
730 2083 928 2128 inimicos
956 2084 1181 2144 inopinata
1217 2083 1300 2128 illis
1326 2084 1487 2129 Christi

94 2156 288 2201 claritate
314 2155 547 2215 superavit.

157 2229 283 2271 XIII.
313 2229 398 2271 Seu
420 2241 522 2285 ergo
544 2240 622 2285 per
636 2224 816 2269 scientes
832 2260 842 2280 ,
867 2241 943 2270 seu
964 2240 1041 2285 per
1059 2225 1313 2279 nescientes,
1341 2226 1486 2284 praefi-

97 2297 371 2356 gurationem
386 2295 830 2357 praedicationemque
845 2296 1095 2341 futurorum
1113 2296 1294 2356 Spiritus
1313 2295 1487 2339 Domini

96 2369 364 2429 propheticis
406 2367 676 2428 temporibus
711 2376 912 2427 operatus
942 2377 1006 2412 est
1039 2387 1046 2411 :
1080 2382 1160 2411 nec
1189 2366 1288 2411 ideo
1311 2376 1487 2426 peccata

97 2456 251 2485 eorum
265 2439 501 2484 dicendum
520 2447 583 2483 est
600 2454 687 2483 non
705 2438 835 2482 fuisse
858 2448 1056 2498 peccata,
1078 2437 1179 2498 quia
1203 2446 1246 2481 et
1259 2440 1389 2492 Deus,
1411 2438 1487 2497 qui

97 2521 140 2556 et
180 2511 301 2556 malis
335 2511 491 2556 nostris
524 2510 637 2554 bene
665 2510 727 2553 uti
763 2511 884 2554 novit
912 2509 1042 2554 etiam
1070 2509 1170 2569 ipsis
1207 2524 1358 2553 eorum
1389 2524 1486 2568 pec-

145 2604 150 2618 ¹
175 2599 253 2628 (Len.
281 2607 379 2637 xxvu,
405 2595 454 2627 15.
478 2612 517 2617 ——-
546 2602 557 2616 ²
577 2595 679 2627 Judic.
707 2605 748 2633 vt,
767 2595 817 2635 30.
842 2612 882 2617 *-
904 2592 916 2617 3
938 2594 982 2626 ld.
1014 2605 1067 2635 vn,
1093 2594 1140 2625 16.
1173 2610 1208 2615 -
1231 2591 1245 2618 4
1272 2593 1372 2625 iCor.
1396 2605 1435 2634 iv,
1454 2604 1482 2634 ς.
