1872 3267
449 205 529 244 158
878 215 911 243 s.
947 213 1177 245 Aueusnm
1209 217 1390 245 EPISCOPI

895 330 1132 379 QUAESTIO
1164 333 1370 372 LXXXVI.

498 434 624 485 QUOD
647 431 766 475 venit
782 431 947 475 Rachel
961 448 1061 476 cum
1079 434 1232 477 ovibus
1249 433 1381 493 patris
1398 432 1478 486 sui,
1495 440 1538 475 et
1551 430 1656 476 dicit
1680 433 1823 491 Scrip-

436 512 554 557 tura,
581 500 701 561 quod
732 516 833 544 cum
863 501 1040 545 vidisset
1058 504 1193 547 Jacob
1216 502 1380 547 Rachel
1401 501 1533 545 filiam
1558 502 1708 546 Laban
1737 500 1825 546 fra-

388 572 393 579 “
434 573 510 618 tris
533 572 680 616 matris
697 587 808 626 suae,
829 573 1003 616 accessit
1018 581 1061 616 et
1077 572 1459 632 revolvitlapidem
1480 573 1535 616 ab
1557 587 1630 616 ore
1653 572 1821 632 putei¹3

433 643 569 702 magis
607 642 850 686 notandum
886 651 949 686 est
989 642 1154 703 aliquid
1193 644 1457 703 Scripturam
1495 643 1824 702 praetermittere

433 713 557 774 quod
586 712 825 770 intelligere
859 713 1096 769 debemus,
1127 730 1260 774 quam
1297 713 1386 758 ulla
1414 714 1597 774 quaestio
1627 729 1824 758 commo-

432 783 589 827 venda.
619 783 884 842 Intelligitur
906 784 1022 828 enim
1047 784 1168 844 quod
1190 784 1273 840 illi,
1300 801 1398 828 cum
1423 785 1581 844 quibus
1599 785 1738 844 primo
1758 783 1826 828 lo-

432 854 652 914 quebatur
673 853 834 909 Jacob,
858 853 1109 912 interrogati
1129 871 1228 915 quae
1248 864 1358 899 esset
1381 871 1480 915 quae
1502 854 1705 899 veniebat
1723 869 1825 898 cum

432 924 602 979 ovibus,
624 924 705 983 ipsi
718 923 922 968 dixerunt
935 940 1025 970 esse
1037 925 1172 969 filiam
1187 926 1354 981 Laban,
1371 941 1503 986 quam
1521 925 1674 986 utique
1687 924 1825 969 Jacob

433 1011 521 1039 non
543 1004 745 1048 noverat,
771 995 848 1039 sed
876 996 991 1039 illius
1009 996 1394 1056 interrogationem
1415 996 1825 1056 responsionemque

435 1065 626 1121 illorum,
655 1066 874 1125 Scriptura
897 1067 1255 1125 praetermittens,
1281 1065 1465 1126 intelligi
1485 1066 1638 1111 voluit.

881 1176 1116 1225 QUAESTIO
1148 1179 1374 1216 LXXXVII.

493 1279 619 1329 Quon
641 1276 851 1335 scriptum
872 1285 957 1332 est,
999 1296 1019 1319 «
1045 1276 1274 1321 Osculatus
1297 1286 1362 1320 est
1394 1276 1529 1321 Jacob
1558 1276 1746 1332 Rachel,
1782 1286 1826 1321 et

435 1364 456 1387 »
492 1346 735 1391 exclamans
767 1362 873 1391 voce
895 1363 971 1390 sua
995 1347 1140 1404 ssevit3
1163 1356 1206 1390 et
1228 1346 1437 1391 indicavit
1468 1348 1528 1400 ei,
1564 1347 1664 1406 quia
1692 1346 1840 1412 frater1

437 1434 457 1457 »
493 1426 556 1460 est
585 1418 698 1477 ejus,
735 1426 778 1461 et
798 1418 899 1477 quia
922 1417 1036 1461 filius
1059 1418 1269 1462 Rebeccae
1294 1422 1401 1461 est2.
1432 1435 1452 1458 »
1487 1417 1842 1462 Consuetudinis'

433 1486 612 1546 quidem
643 1485 725 1531 fuit
742 1522 752 1542 ‚
777 1487 961 1531 maxime
982 1488 1028 1530 in
1053 1487 1125 1531 illa
1148 1487 1422 1547 simplicitate
1445 1488 1724 1547 antiquorum
1741 1522 1751 1541 ‚
1775 1496 1842 1533 ut,

432 1558 668 1617 propinqui
698 1558 966 1617 propinquas
997 1556 1314 1613 oscularentur,
1345 1566 1390 1601 et
1416 1558 1500 1601 hoc
1535 1557 1665 1602 hodie
1697 1558 1747 1601 fit
1778 1559 1826 1602 in

432 1626 581 1671 multis
603 1626 706 1671 locis
729 1647 737 1671 ε
762 1627 837 1671 sed
856 1629 993 1687 quaeri
1010 1638 1167 1688 potest,
1193 1629 1417 1689 quomodo
1435 1628 1490 1672 ab
1512 1628 1732 1686 incognito
1750 1627 1825 1672 illa

434 1697 633 1742 osculum
656 1698 885 1757 acceperit⁷
911 1699 945 1742 si
968 1708 1115 1758 postea
1136 1698 1345 1743 indicavit
1362 1699 1498 1742 Jacob
1517 1699 1837 1772 p1·opinquita-f

432 1777 522 1812 tem
539 1783 676 1812 suam.
702 1771 818 1827 Ergo
835 1767 1166 1826 intelligendum
1189 1778 1266 1823 est,
1288 1779 1363 1812 aut
1385 1768 1508 1812 illum
1532 1769 1607 1826 qui
1623 1770 1715 1826 jam
1737 1781 1833 1833 ειη-ι

433 1837 573 1882 dierat
593 1855 692 1899 quae
707 1838 781 1882 illa
799 1848 923 1892 esset,
942 1839 1127 1882 fidenter
1139 1839 1184 1878 in
1206 1840 1296 1895 ejus
1317 1834 1515 1880 osculum
1528 1836 1699 1880 irruisse
1717 1858 1734 1894 3v
1748 1847 1823 1883 aut

433 1917 582 1967 postea
623 1909 889 1965 Scripturam
922 1921 1115 1949 narrasse
1150 1921 1227 1965 per
1258 1905 1662 1965 recapitulationem
1703 1908 1824 1967 quod

432 1977 574 2035 primo
609 1975 775 2020 factum
790 1984 907 2029 erat,
937 1975 983 2019 id
1013 1985 1100 2031 est,
1137 1975 1259 2036 quod
1285 1976 1540 2020 indicaverit
1568 1977 1703 2021 Jacob
1727 1978 1823 2038 quis

433 2056 558 2090 esset.
589 2047 708 2091 Sicut
744 2045 799 2090 de
831 2045 1029 2105 paradiso
1061 2055 1209 2105 postea
1239 2046 1411 2102 dicitur7
1453 2046 1677 2106 quomodo
1708 2050 1822 2091 Deus

433 2132 533 2160 eum
561 2116 817 2170 instituerit,
855 2131 956 2160 cum
978 2116 1069 2175 jam
1103 2115 1270 2159 dictum
1299 2126 1434 2171 esset,
1469 2115 1588 2175 quod
1611 2115 1820 2175 plantavit

433 2190 547 2232 Deus
569 2186 834 2247 paradisum,
858 2196 902 2230 et
920 2186 1210 2246 posueritillic
1227 2187 1449 2230 hominem
1467 2201 1598 2246 quem
1614 2187 1817 2232 finxerat:

434 2266 478 2301 et
497 2257 635 2302 multa
652 2256 734 2301 alia
755 2272 832 2316 per
849 2256 1250 2316 recapitulationem
1270 2256 1386 2301 dicta
1407 2255 1728 2315 intelliguntur.

1824 2032 1829 2071 1

483 2361 491 2377 ¹
513 2356 593 2387 Gen.
613 2365 695 2386 xxix.
719 2365 767 2387 ιο.
786 2369 828 2376 —
846 2353 960 2386 21bid.
981 2364 1030 2385 11.
