1872 3267
391 186 474 225 582
810 197 844 226 S.
879 197 1109 227 Auens'rim
1141 200 1321 227 EPlscom

868 301 1103 351 QU.‹³EsT10
1135 303 1256 342 xxx.

444 406 595 457 QUAEm
629 412 792 463 potest,
833 404 1055 464 quomodo
1091 404 1257 450 dictum
1286 406 1374 450 sit:
1409 424 1430 448 «
1453 405 1693 466 Elegerunt
1718 417 1770 452 ut
1867 424 1872 434 ‘

387 493 408 518 »
433 491 589 534 panem
613 475 903 520 hordeaceum
927 475 1029 520 deos
1050 479 1209 521 novos1
1239 496 1247 522 :
1277 495 1296 518 »
1323 492 1421 521 cum
1446 479 1566 537 panis
1588 477 1770 523 hordea-

382 563 483 591 ceus
501 547 695 608 quamvis
710 548 764 591 sit
780 548 825 591 in
839 548 1162 607 comparatione
1176 549 1329 593 triticei
1343 549 1463 608 panis
1481 548 1765 610 adjiciendus,

381 629 528 664 tamen
549 619 677 663 etiam
701 620 789 679 ipse
806 629 976 678 pascat,
1004 629 1046 663 et
1066 620 1198 664 vitale
1221 620 1476 665 alimentum
1500 622 1554 664 sit
1575 640 1584 665 :
1608 620 1668 664 dii
1687 638 1767 666 au-

384 700 474 735 tem
496 690 618 745 novi,
643 707 752 750 quos
788 689 994 735 dicuntur
1016 690 1212 749 elegisse,
1248 693 1321 752 qui
1356 691 1611 736 defecerunt
1633 709 1656 736 a
1678 696 1768 738 Deo

382 761 482 805 vivo
498 795 509 815 ,
535 777 624 804 non
643 771 825 820 possunt
840 761 884 804 in
904 760 1116 805 alimentis
1131 762 1286 805 animae
1299 761 1514 821 deputari,
1533 761 1608 806 sed
1626 763 1768 822 potius

380 831 428 876 in
447 832 639 876 venenis.
666 836 734 876 An
756 833 967 877 hactenus
989 833 1240 892 accipienda
1261 842 1325 877 est
1360 833 1597 878 similitudo
1614 869 1625 889 ,
1655 849 1767 894 qua-

382 912 510 947 tenus
532 903 647 948 valet
660 913 709 948 ut
725 914 903 964 proptor
925 906 1007 949 hoo
1029 904 1170 948 solum
1188 905 1353 949 dictum
1367 904 1650 964 intelligatur,
1666 906 1768 966 quia

378 973 488 1017 sieut
507 973 766 1035 plerumque
788 973 963 1018 fastidio
985 975 1056 1029 fit,
1077 984 1128 1019 ut
1150 973 1346 1032 eligenda
1368 975 1603 1034 rejiciatur,
1637 985 1679 1019 et
1700 991 1769 1020 as-

379 1044 602 1103 pernanda
633 1045 874 1101 delectent,
898 1046 957 1089 ita
989 1046 1093 1090 vitio
1126 1062 1270 1105 pravae
1302 1044 1536 1089 voluntatis
1559 1055 1767 1106 tanquam

375 1113 589 1173 languore
611 1114 799 1169 fastidii,
827 1132 927 1159 cum
955 1125 1064 1159 esset
1088 1119 1201 1159 Deus
1222 1131 1373 1159 eorum
1397 1131 1523 1159 verus
1543 1151 1553 1170 ,
1585 1116 1631 1159 in
1653 1115 1768 1160 falsis

376 1186 602 1243 elegerunt
626 1186 733 1230 nihil
756 1187 874 1230 aliud
896 1203 1027 1247 quam
1049 1187 1287 1231 novitatem
1310 1196 1452 1246 spreta
1475 1188 1681 1244 veritate3
1702 1198 1768 1232 at-

379 1272 465 1317 que
494 1257 552 1300 ita
580 1257 728 1300 cibum
758 1257 1030 1301 mortiferum
1062 1267 1271 1317 tanquam
1300 1273 1456 1317 panem
1475 1257 1767 1302 hordeaceum

377 1326 605 1385 elegerunt
622 1362 632 1381 ,
658 1342 749 1371 non
781 1342 824 1370 se
848 1327 1102 1370 arbitrantes
1133 1326 1236 1370 inde
1268 1327 1507 1385 perituros,
1541 1327 1617 1371 sed
1638 1329 1767 1372 etiam

376 1396 479 1442 inde
502 1400 633 1441 vitam
653 1397 774 1441 velut
796 1413 889 1441 esca
908 1398 1081 1442 innoxia
1103 1398 1205 1441 licet
1226 1397 1375 1442 viliore
1397 1407 1661 1458 sumpturos.
1692 1401 1768 1443 Se-

375 1469 570 1513 cundum
605 1469 857 1528 opinionem
896 1485 996 1527 ergo
1038 1484 1190 1513 eorum
1227 1468 1465 1514 similitudo
1500 1471 1638 1529 posita
1677 1480 1762 1526 est,

374 1539 595 1599 animique
620 1539 876 1598 languorem
892 1575 902 1595 ,
934 1555 1023 1584 non
1045 1538 1286 1583 seeundum
1306 1540 1548 1584 veritatem.
1574 1543 1684 1587 Nam
1705 1541 1763 1585 dii

374 1609 439 1654 illi
461 1611 560 1655 novi
580 1610 711 1654 nullis
732 1620 833 1655 sunt
854 1610 960 1654 cibis
980 1610 1183 1654 vitalibus
1199 1609 1496 1670 comparandi.

885 1720 1121 1768 QUAESTIO
1152 1720 1292 1758 xxxr.

438 1839 457 1862 «
477 1823 541 1864 Er
559 1819 723 1864 factum
739 1829 826 1875 est,
847 1819 1024 1880 quando
1042 1820 1339 1864 clamaverunt
1358 1819 1434 1862 filii
1454 1819 1585 1863 Isra'e'l
1602 1820 1658 1864 ad
1671 1823 1761 1865 Do-

375 1911 396 1934 »
419 1892 589 1935 minum
607 1900 783 1950 propter
808 1891 1013 1949 Madia113
1038 1901 1081 1935 et·
1102 1891 1218 1935 misit
1243 1891 1453 1935 Dominus
1481 1892 1622 1936 virum
1653 1896 1761 1937 Pro-

375 1980 395 2004 »
421 1962 597 2022 phetam
617 1950 670 2004 ad
694 1961 803 2006 filios
828 1961 979 2016 Isra'e'l,
1005 1971 1048 2005 et
1064 1961 1171 2005 dixit
1193 1962 1251 2005 eis
1266 1965 1297 2005 ¹2.
1330 1980 1349 2002 »
1371 1964 1460 2006 Cur
1481 1977 1570 2006 non
1595 1961 1763 2008 dicatur

370 2047 533 2076 nomen
555 2032 683 2090 hujus
708 2032 952 2090 Prophetae,
979 2031 1098 2092 quod
1116 2030 1242 2075 valde
1259 2032 1488 2091 Scripturis
1505 2031 1761 2077 inusitatum

370 2111 455 2155 est,
481 2101 618 2145 latens
640 2117 766 2145 causa
789 2111 873 2158 est,
895 2118 982 2145 non
1008 2111 1153 2145 tamen
1174 2101 1338 2145 nullam
1352 2118 1440 2145 esse
1458 2102 1658 2147 arbitror.
1678 2103 1763 2149 Sed

369 2173 471 2234 quia
488 2181 582 2232 post
596 2172 727 2216 verba
746 2172 903 2232 quibus
923 2173 1201 2231 exprobravit
1221 2172 1559 2216 inobedientiam
1576 2173 1757 2233 populo,

367 2244 566 2304 sequitur
597 2243 816 2302 Scriptura
845 2243 1018 2297 dicens,
1053 2263 1072 2285 «
1100 2246 1156 2286 Et
1184 2244 1303 2287 venit
1336 2242 1524 2301 Angelus
1559 2244 1754 2300 Domini,

369 2332 391 2356 >›
418 2324 460 2358 et
474 2313 583 2358 sedit
601 2315 682 2357 sub
706 2330 885 2374 quercu,
903 2330 1000 2373 quse
1020 2324 1111 2357 erat
1131 2314 1173 2357 in
1189 2315 1359 2373 Ephra3
1387 2334 1394 2358 :
1423 2333 1440 2356 »
1463 2330 1551 2358 non
1570 2316 1756 2359 absurde

366 2383 624 2442 intelligitur
640 2385 716 2427 iste
730 2383 919 2441 Angelus
938 2384 1202 2441 significatus
1222 2385 1396 2428 nomine
1415 2385 1508 2445 viri,
1528 2395 1575 2428 ut
1590 2395 1756 2444 postea-

364 2470 496 2514 quam
516 2455 606 2497 haee
628 2454 759 2498 verba
782 2454 912 2507 dixit,
942 2454 1108 2497 venerit
1127 2453 1182 2497 ad
1204 2469 1412 2514 quercum
1439 2465 1723 2499 memoratam
1739 2490 1750 2511 ,

415 2557 424 2573 ¹
444 2551 548 2581 Jndic.
570 2562 600 2587 v,
621 2551 651 2581 S.
673 2567 713 2572 -—
741 2558 752 2572 ²·
777 2551 821 2581 Id.
840 2561 882 2591 vi,
903 2551 934 2581 S.
957 2568 997 2571 -—
1023 2549 1137 2582 3llrid.
1166 2562 1214 2582 ιι.
