1872 3267
367 343 632 384 QUAESTIONES
663 345 709 372 nv
740 341 952 382 cnunsm,
988 344 1070 371 un.
1108 344 1137 369 1.
1362 329 1445 369 203

64 425 254 457 sessurus
272 420 419 469 gentes
441 410 521 455 diis
545 418 712 467 patrum
737 423 915 453 suorum
937 408 1236 454 renuntiantes
1250 442 1263 463 ,
1287 415 1331 452 et
1351 421 1447 452 cre-

64 483 214 527 dentes
232 483 276 526 in
292 497 408 526 eum.

507 588 743 639 QUAESTIO
775 588 976 629 CLXVIII.

123 696 365 739 VIDENDUM
399 690 622 753 quomodo
653 690 802 735 dicant
838 690 1096 749 Scripturae,
1129 686 1252 748 quod
1284 687 1453 732 assidue

66 765 218 811 dicunt
238 764 294 809 de
314 764 495 808 mortuis
518 783 526 808 ε
556 782 576 806 «
601 765 659 807 Et
678 761 897 821 appositus
921 769 985 805 est
1006 759 1061 804 ad
1082 768 1225 819 patres
1251 761 1377 803 suos1
1396 794 1406 812 ,
1428 777 1450 799 »

65 835 154 891 vel,
189 854 209 878 «
233 835 468 894 Appositus
501 842 566 878 est
596 832 652 876 ad
674 832 887 892 populum
910 846 1053 876 suum.
1073 849 1093 872 n
1130 833 1245 875 Ecce
1264 830 1380 873 enim
1398 829 1454 874 de

66 907 201 952 Jacob
222 905 397 961 dicitur,
417 907 505 966 jam
528 904 706 966 quidem
730 913 920 958 mortuo,
941 902 1017 947 sed
1034 901 1234 947 nondum
1256 901 1451 962 sepulto:

66 987 109 1023 et
134 976 189 1022 ad
211 992 342 1036 quem
370 974 585 1036 populum
609 984 869 1034 apponatur,
894 989 984 1018 non
1006 973 1050 1017 in
1071 981 1280 1033 promptu
1303 980 1366 1015 est
1387 972 1455 1015 vi-

67 1048 182 1093 dere.
215 1050 281 1092 Ex
301 1046 378 1091 illo
407 1047 521 1091 enim
541 1045 729 1106 populus
748 1045 866 1105 prior
886 1044 1078 1088 nascitur
1092 1079 1102 1099 ,
1130 1043 1207 1103 qui
1229 1043 1370 1086 dictus
1393 1050 1458 1086 est

66 1118 253 1181 populus
267 1118 398 1163 lsrael
414 1139 422 1163 :
442 1119 634 1179 quivero
646 1134 744 1162 eum
757 1125 1086 1177 praecesserunt,
1102 1124 1192 1159 tam
1205 1115 1332 1174 pauci
1350 1115 1457 1176 justi

66 1191 364 1245 nominantur,
389 1199 441 1233 ut
463 1205 535 1233 eos
557 1188 771 1249 populum
799 1186 1018 1247 appellare
1046 1195 1320 1231 cunctemur.
1345 1188 1457 1230 Nam

66 1262 100 1306 si
120 1261 287 1305 dictum
315 1269 424 1305 esset
454 1280 462 1304 :
493 1280 512 1302 «
538 1260 773 1319 Appositus
798 1267 862 1302 est
888 1257 943 1302 ad
973 1266 1116 1317 patres
1138 1272 1262 1312 suos,
1287 1275 1307 1297 »
1335 1255 1456 1300 nulla

67 1332 246 1393 quaestio
268 1332 406 1375 fieret.
433 1334 502 1375 An
520 1328 632 1374 sorte
654 1329 843 1389 populus
861 1337 938 1383 est,
956 1344 1047 1372 non
1063 1327 1205 1371 solum
1227 1328 1458 1372 hominum

67 1412 330 1457 sanctorum,
354 1417 507 1446 verum
531 1410 574 1445 et
595 1400 885 1460 Angelorum,
910 1398 1099 1459 populus
1117 1398 1300 1442 civitatis
1322 1397 1454 1452 illius,

67 1473 184 1518 unde
215 1473 375 1518 dicitur
398 1474 453 1517 ad
485 1473 692 1517 Hebraeos
719 1492 727 1516 ·.
768 1490 786 1514 α
816 1470 899 1516 Sed
922 1469 1154 1515 accessistis
1186 1469 1242 1513 acl
1262 1479 1458 1514 montem

70 1563 90 1587 »
129 1545 233 1589 Sion
250 1580 261 1599 ,
293 1553 336 1588 et
359 1544 414 1587 ad
445 1544 662 1587 civitatem
685 1543 762 1587 Dei
780 1541 1043 1595 Jerusalem,
1069 1550 1112 1584 et
1135 1540 1188 1584 ad
1211 1539 1347 1584 millia
1365 1543 1457 1584 An·-

68 1633 89 1657 »
126 1614 323 1674 gelorum
346 1614 696 1658 exultantium‘2?
717 1631 736 1653 »
759 1612 870 1656 Huic
894 1611 1058 1672 populo
1081 1620 1366 1670 apponuntur
1383 1611 1458 1671 qui

64 1687 177 1731 hanc
200 1687 334 1730 vitam
356 1686 575 1746 placentes
613 1688 702 1729 Deo
736 1684 911 1728 finiunt.
948 1686 1069 1727 Tunc
1099 1682 1215 1727 enim
1251 1682 1460 1726 dicuntur

68 1758 255 1817 apponi,
287 1756 464 1817 quando
492 1755 612 1799 nulla
642 1757 733 1815 jam
755 1763 951 1798 remanet
972 1752 1219 1798 sollicitudo
1250 1754 1458 1798 tentatio-

68 1842 174 1871 num
189 1863 199 1883 ,
224 1835 266 1871 et
289 1825 535 1887 periculum
560 1834 856 1885 peccatorum.
883 1823 1011 1878 Quod
1035 1825 1208 1868 intuens
1231 1824 1289 1867 ait
1313 1825 1459 1884 Scrip-

70 1907 166 1942 tura
188 1917 196 1943 :
227 1900 376 1942 «Ante
397 1905 583 1942 mortem
606 1912 661 1940 ne
683 1895 834 1940 laudes
858 1896 1082 1939 hominem
1103 1897 1413 1956 quemquam3.
1435 1913 1455 1937 »

538 2005 774 2056 QUAEsrlo
807 2005 973 2046 chlx.

127 2111 443 2164 QcAnnAGmTA
465 2108 556 2151 dies
578 2107 815 2166 sepulturae
828 2143 839 2162 ,
858 2122 967 2167 quos
982 2115 1294 2152 commemorat
1314 2107 1460 2167 Scrip-

71 2189 188 2235 tura,
223 2181 336 2225 forte
364 2180 610 2239 significant
639 2178 803 2238 aliquid
834 2179 1131 2238 poenitentiae,
1170 2195 1257 2240 qua
1283 2188 1461 2238 peccata

71 2252 338 2312 sepeliuntur
353 2253 384 2295 ⁴.
412 2254 510 2296 Non
542 2250 658 2294 enim
686 2249 844 2294 frustra
879 2250 1008 2294 etiam
1048 2249 1338 2311 quadraginta
1371 2251 1461 2295 dies

67 2323 333 2384 jejuniorum
352 2331 453 2365 sunt
470 2321 714 2375 constituti,
735 2321 895 2380 quibus
908 2324 1080 2378 Moyses
1096 2330 1139 2365 et
1160 2320 1292 2376 Elias,
1309 2331 1353 2365 et
1370 2322 1461 2381 ipse

73 2395 279 2439 Dominus
286 2393 502 2454 jejunavit
512 2395 525 2418 ⁵
546 2412 554 2436 :
573 2402 615 2436 et
628 2392 819 2436 Ecclesia
833 2393 1099 2451 pi'aecipuam
1115 2393 1460 2437 observationem

67 2465 329 2526 jejuniorum
353 2463 738 2522 Quadragesimam
766 2472 908 2507 vocat.
937 2462 1061 2507 Unde
1078 2472 1122 2507 et·
1142 2464 1188 2506 in
1210 2464 1388 2507 hebraeo
1406 2461 1462 2506 de

72 2535 268 2580 Ninivitis
311 2534 429 2594 apud
465 2536 623 2578 Jonam
656 2534 916 2593 prophetam
957 2534 1166 2594 scriptum
1189 2534 1422 2594 perhibent
1449 2553 1458 2578 :

121 2639 128 2654 ¹
154 2634 231 2664 Gen.
255 2643 338 2671 xm,
359 2631 413 2663 32.
434 2648 476 2653 —-
496 2638 508 2652 2
530 2630 629 2662 Ichr.
652 2642 704 2662 xn.
727 2639 779 2662 29..
811 2647 852 2652 —
873 2628 886 2652 3
904 2630 1003 2662 Eccli.
1028 2643 1079 2673 xi,
1101 2631 1155 2664 30.
1180 2648 1222 2653 —
1243 2629 1259 2659 4
1278 2633 1356 2663 Gen.
1377 2641 1407 2672 L,
1428 2630 1457 2662 3.

23 2679 25 2734 Ξ
77 2703 116 2710 -—-
134 2685 148 2709 5
168 2687 264 2719 Exod.
286 2698 399 2728 xxuv,
415 2686 479 2726 283
497 2686 514 2718 3
532 2688 609 2727 Reg.
631 2697 698 2727 xix,
718 2685 752 2726 8,
772 2690 804 2718 ct
818 2685 932 2718 Matth.
960 2698 1008 2727 lv,
1033 2695 1066 2718 2.
