1872 3267
343 171 608 207 QUAESTtONES
642 172 683 196 m
717 170 940 208 NuMEltOs‘,
976 170 1058 197 Lux.
1095 169 1152 198 [v.
1357 159 1434 199 435

13 237 15 241 ⁸
58 236 188 282 etiam
220 236 266 281 in
292 235 436 281 latinis
455 235 750 282 locutionibus
780 235 1003 281 infinitum
1024 236 1208 281 verbum
1230 237 1335 297 poni
1362 251 1433 298 pru

57 307 196 354 finito.

571 403 808 454 QUAESTIO
840 406 908 444 XV
917 434 926 444 .

114 509 217 552 CUM
240 507 416 551 Paschae
438 516 634 566 tempore
654 505 850 566 quidam,
866 506 942 567 qui
962 506 1178 551 immundi
1200 506 1304 552 facti
1321 518 1444 554 erant

55 593 185 638 super
208 577 397 622 animam
418 577 649 633 hominis¹,
673 576 720 621 id
741 586 805 621 est
822 613 832 633 ,
858 593 985 637 super
1002 588 1225 622 mortuum
1239 615 1249 634 ,
1271 596 1443 640 quaere-

55 658 152 693 rent
172 647 395 709 quomodo
414 648 574 692 Pascha
597 646 789 692 facerent
804 669 814 706 3
832 650 1038 709 quoniam
1056 649 1287 708 oportebat
1300 666 1371 695 eos
1389 651 1444 696 ab

55 719 344 764 immunditiis
377 728 543 779 septem
569 718 723 762 diebus
753 719 971 778 purificari
995 719 1237 764 secundum
1271 721 1411 780 legem
1433 742 1442 766 ι

54 790 274 837 consuluit
296 791 532 835 Dominum
553 793 725 849 Moyses
742 827 752 846 ,
780 800 823 835 et
848 806 1104 851 responsum
1135 792 1322 852 accepit,
1348 793 1444 838 cui-

53 877 243 924 cumque
264 862 350 906 tale
375 861 541 923 aliquid
563 861 808 917 accidisset,
833 861 903 906 vel
929 872 1014 906 tam
1040 863 1085 906 in
1105 862 1350 924 longinquo
1372 864 1445 909 iti-

54 949 156 978 nere
174 934 437 979 constitutus
452 943 578 989 esset,
593 943 645 977 ut
661 949 751 978 non
773 943 918 993 posset
935 949 1180 989 occurrere,
1199 935 1283 979 alio
1301 951 1447 980 mense

53 1021 154 1049 eum
175 1004 319 1050 facere
341 1004 501 1049 debere
524 1006 703 1060 Pascha,
719 1014 896 1065 propter
909 1004 1024 1048 diem
1037 1006 1194 1049 mensis
1218 1016 1448 1066 quartum-

53 1075 300 1132 decimum,
324 1076 402 1121 ubi
423 1075 540 1120 lunae
572 1092 782 1120 numerus
804 1075 1133 1121 observabatur.
1164 1076 1248 1121 Sed
1270 1078 1304 1121 si
1325 1095 1449 1139 quae-

53 1157 172 1193 ratur
203 1148 311 1209 quid
344 1147 565 1203 facerent,
600 1148 635 1192 si
655 1147 771 1192 forte
795 1147 890 1192 talis
910 1147 1188 1192 immunditia
1226 1149 1356 1194 etiam
1393 1151 1449 1195 ad

51 1218 295 1264 secundum
330 1234 524 1263 mensem
548 1228 797 1264 occurreret
819 1238 827 1263 :
855 1219 1041 1263 arbitror
1060 1219 1107 1263 id
1134 1220 1256 1281 quod
1280 1220 1447 1266 dictum

51 1300 116 1336 est
142 1289 197 1335 de
229 1291 423 1335 secundo
456 1305 604 1335 mense
621 1325 632 1345 ,
665 1299 878 1351 tanquam
909 1290 1167 1351 regulariter
1190 1291 1320 1337 fuisse
1343 1294 1447 1339 reti-

15 1349 17 1417 ᾗ
52 1361 269 1418 nendum,
291 1372 343 1407 ut
366 1362 494 1407 tertio
515 1377 664 1407 mense
700 1362 1007 1419 observarent,
1034 1373 1110 1408 aut
1140 1373 1256 1409 certe
1284 1366 1447 1412 Pascha

15 1489 18 1494 Ι
51 1448 141 1479 non
159 1433 296 1493 egisse
317 1432 394 1478 tali
410 1433 688 1489 necessitate,
710 1432 766 1478 ad
788 1433 964 1494 culpam
986 1450 1077 1480 non
1099 1436 1352 1495 pertineret.

552 1542 790 1591 QuAEsrlo
826 1544 930 1582 xvi.

0 1643 18 1655 ⁸
43 1678 46 1681 «
111 1649 145 1690 l.
184 1664 205 1687 «
222 1647 286 1689 ET
299 1643 371 1688 die
387 1659 473 1704 qua
491 1652 703 1688 statutum
726 1653 790 1688 est
810 1645 1162 1703 tabernaculum,
1179 1648 1289 1694 texit
1304 1649 1445 1696 nubes

52 1734 74 1760 -»
108 1714 439 1761 tabernaculum
455 1751 465 1769 ,
491 1714 670 1759 domum
700 1716 964 1774 testimonii,
989 1727 1033 1762 et
1053 1734 1232 1779 vespere
1254 1731 1346 1766 erat
1366 1738 1442 1766 su-

16 1790 21 1840 }‚
53 1806 74 1829 »
106 1803 185 1848 per
211 1785 543 1832 tabernaculum
571 1785 694 1830 velut
721 1787 882 1846 species
904 1787 1014 1846 ignis
1041 1805 1181 1850 usque
1208 1806 1350 1837 mane.
1379 1796 1443 1838 Ita

56 1877 75 1900 »
107 1858 240 1903 fiebat
261 1873 451 1918 semper,
475 1857 615 1901 nubes
636 1856 812 1916 tegebat
834 1856 945 1902 illud
968 1858 1060 1915 die,
1086 1870 1130 1904 et
1150 1863 1312 1921 species
1333 1863 1444 1923 ignis

16 1932 23 1983 ζ
56 1949 74 1972 »
107 1939 249 1975 nocte.
281 1932 338 1973 Et
374 1944 474 1973 cum
515 1928 773 1972 ascendisset
809 1928 951 1974 nubes
982 1946 1005 1974 a
1035 1931 1321 1979 tabernaculo
1343 1971 1353 1990 ,
1399 1945 1444 1980 et

17 1988 21 1998 ⁴
53 2017 75 2042 ι)
107 2010 256 2061 postea
278 1998 597 2060 promovebant
618 1997 693 2042 filii
718 1999 849 2043 Israel
870 2020 878 2045 z
906 2010 950 2045 et
973 2002 1018 2045 in
1043 2002 1140 2048 loco
1173 2004 1441 2068 ubicumque

53 2089 74 2114 n
107 2081 284 2117 steterat
316 2071 478 2125 nubes,
506 2070 569 2114 ibi
603 2079 741 2115 castra
777 2070 1052 2118 collocabant
1073 2074 1150 2118 filii
1177 2077 1322 2121 Israel.
1362 2082 1443 2123 Per

6 2141 8 2148 ⁸
52 2161 73 2186 n
107 2152 376 2204 praeceptum
403 2141 577 2187 Domini
613 2151 749 2186 castra
783 2142 1061 2189 collocabant
1096 2145 1174 2190 filii
1210 2148 1362 2204 Israel,
1398 2159 1442 2194 et

52 2230 74 2255 η
107 2229 183 2274 per
208 2222 479 2274 praeceptum
511 2211 686 2256 Domini
714 2214 1046 2272 promovebant.
1073 2217 1235 2261 Omnes
1257 2217 1370 2274 dies,
1394 2220 1441 2264 in

0 2326 2 2331 .
52 2302 74 2327 n
106 2285 266 2346 quibus
289 2283 527 2328 obumbrat
548 2282 686 2326 nubes
704 2299 833 2344 super
854 2284 1206 2342 tabernaculum,
1226 2288 1271 2332 in
1293 2291 1442 2336 castris

53 2373 74 2397 »
106 2365 236 2400 erunt
265 2354 343 2399 filii
375 2352 534 2411 Israel,
567 2362 610 2397 et
637 2353 814 2414 quando
847 2357 1108 2415 protraxerit
1140 2359 1277 2403 nubes
1309 2376 1439 2422 super

18 2442 23 2489 ⁴,
52 2444 75 2469 »
106 2425 439 2472 tabernaculum
461 2424 552 2470 dies
579 2423 726 2484 plures
748 2434 793 2470 et
815 2426 1065 2473 custodient
1086 2428 1164 2473 filii
1186 2431 1318 2476 Israel
1338 2449 1438 2480 cus-

97 2530 105 2547 ¹
122 2525 214 2556 Num.
231 2534 281 2565 ix,
295 2523 329 2555 6.
