1872 3267
342 195 609 234 QUAESTIONES
640 195 686 222 m
717 193 933 231 αεΝΕεῑΜ,
969 193 1051 219 LIB.
1088 193 1118 218 1.
1344 176 1426 218 123

539 309 776 361 QUAESTIO
806 311 910 348 xlx.

97 406 336 457 Quffimnn
359 402 467 463 quid
487 402 563 457 sit,
599 404 691 446 «Et
712 401 858 445 Heber
872 400 961 445 nati
977 407 1079 444 sunt
1099 398 1177 442 filii
1207 396 1318 453 duo,
1343 411 1426 441 no-

41 492 62 517 »
98 489 200 518 men
241 474 368 518 unius
402 472 590 518 Phalech
613 507 624 527 ‚
662 472 765 532 quia
796 472 842 514 in
876 470 1028 515 diebus
1061 469 1151 529 ejus
1189 467 1323 513 divisa
1366 476 1428 511 cst

43 565 63 587 »
100 547 236 590 terra¹
257 565 266 590 ε
295 564 313 585 »
340 545 421 589 nisi
440 543 552 588 forte
568 544 614 587 in
636 542 791 587 diebus
812 543 902 602 ejus
917 540 1167 601 linguarum
1185 537 1257 583 illa
1282 538 1427 583 diver-

41 617 140 662 sitas
174 616 388 671 extiterit,
420 630 497 675 per
529 629 662 675 quam
689 612 857 659 factum
885 621 974 668 est,
1003 620 1053 656 ut
1077 619 1226 670 gentes
1257 608 1427 654 divide-

41 696 206 732 rentur.

556 796 794 846 QUAESTIO
825 797 895 835 XX
904 826 912 834 .

104 920 124 943 α
140 903 198 946 Et
218 909 310 945 erat
334 900 477 945 omnis
498 908 610 944 terra
632 898 800 943 labium
824 900 993 942 unum2
1014 914 1024 940 z
1053 914 1074 937 »
1105 893 1329 956 quomodo
1346 893 1430 937 hoc

40 981 184 1034 potest
212 971 417 1030 intelligi,
441 970 620 1032 quando
646 970 842 1030 superius
881 967 1048 1012 dictum
1078 975 1168 1022 est,
1207 963 1329 1026 quod
1353 963 1431 1007 filii

39 1046 131 1090 Noe
146 1079 156 1099 ,
182 1042 249 1087 vcl
271 1041 461 1087 filiorum
479 1043 569 1102 ejus
592 1040 813 1085 distributi
837 1048 978 1084 essent
998 1053 1075 1098 per
1096 1047 1257 1082 terram
1280 1051 1432 1081 secun-

41 1114 147 1158 dum
187 1113 323 1158 tribus
352 1123 396 1157 et
430 1112 672 1157 secundum
707 1121 879 1169 gentes,
911 1119 955 1153 et
986 1107 1228 1153 secundum
1262 1107 1431 1166 linguas

42 1200 138 1230 suas
153 1221 163 1240 ,
189 1184 269 1228 nisi
295 1184 397 1243 quia
420 1199 496 1243 per
519 1181 924 1242 recapitulationem
947 1189 1096 1240 postea
1118 1188 1432 1224 commemorat

40 1255 161 1316 quod
188 1254 307 1314 prius
338 1262 430 1297 erat
453 1273 462 1297 :
488 1252 563 1297 sed
586 1253 895 1297 obscuritatem
928 1250 1032 1296 facit
1059 1250 1180 1312 quod
1201 1266 1252 1294 eo
1275 1265 1432 1309 genere

39 1325 272 1371 locutionis
295 1325 374 1369 ista
396 1325 608 1380 contexit,
635 1324 758 1385 quasi
786 1323 974 1368 narratio
1003 1322 1058 1367 de
1080 1323 1130 1367 iis
1162 1338 1261 1383 quae
1284 1331 1432 1382 postea

41 1396 155 1442 facta
172 1406 298 1453 sunt,
325 1405 632 1456 consequatur.

546 1503 784 1554 QUAESTIO
816 1505 920 1542 XXI.

105 1627 125 1649 «
150 1609 319 1651 Vnam-E
343 1604 608 1650 aedificemus
635 1604 762 1650 nobis
791 1605 1035 1659 civitatem,
1066 1613 1110 1648 et
1131 1603 1288 1648 turrim
1311 1605 1433 1664 cujus

43 1697 62 1721 n
99 1687 230 1738 caput
260 1678 341 1722 erit
361 1692 500 1738 usque
523 1678 569 1720 in
591 1675 806 1721 eoelumss.
831 1694 850 1716 »
880 1675 923 1720 Si
959 1676 1043 1719 hoc
1065 1690 1111 1719 se
1140 1690 1264 1734 posse
1290 1673 1432 1718 credi-

43 1748 223 1805 derunt,
253 1749 435 1792 nimium
461 1746 593 1792 stulta
620 1746 799 1791 audacia
833 1755 876 1790 et
904 1746 1100 1806 impietas
1138 1745 1453 1805 deprehendi-·

45 1829 129 1865 tur.
156 1822 212 1863 Et
239 1819 341 1879 quia
371 1819 427 1863 ob
453 1819 536 1862 hoc
567 1819 644 1862 Dei
674 1816 866 1862 vindicta
901 1826 1047 1862 secuta
1075 1827 1161 1872 est,
1200 1826 1251 1861 ut
1281 1832 1432 1861 eorum
1458 1812 1462 1815 ’

0 1913 9 1950 3
43 1889 204 1950 linguae
236 1889 534 1935 dividerentur
558 1924 569 1945 ‚
615 1904 706 1933 non
742 1887 930 1932 absurde
966 1888 1050 1932 hoc
1083 1888 1293 1947 cogitasse
1336 1903 1431 1932 ere-

0 1953 3 2009 1
44 1960 223 2006 duntur.

545 2069 784 2120 QUAESTIO
814 2070 937 2109 XXII.

116 2193 136 2217 (ι
169 2176 337 2219 VENITE
368 2173 681 2218 descendamus
716 2182 760 2217 et
793 2171 1115 2217 confundamus
1149 2173 1211 2217 ibi
1235 2172 1433 2232 linguam

50 2265 70 2288 »
104 2261 277 2302 eorum,
315 2261 371 2290 ne
399 2244 547 2290 audiat
580 2245 881 2305 unusquisque
916 2261 1070 2289 vocem
1112 2245 1329 2305 proximi⁴
1358 2265 1367 2289 :
1409 2263 1427 2284 n

47 2327 193 2362 utrum
222 2317 278 2362 ad
310 2317 498 2376 Angelos
526 2316 735 2361 Dominus
764 2317 848 2360 hoc
873 2315 1024 2360 dixisse
1059 2316 1338 2374 intelligitur,
1377 2331 1432 2360 an

48 2388 284 2433 secundum
318 2388 428 2432 illud
456 2387 759 2448 accipiendum
790 2396 876 2442 est,
902 2387 1023 2447 quod
1055 2388 1101 2430 in
1126 2387 1303 2431 exordio
1326 2386 1424 2430 libri

48 2458 203 2518 legitur
221 2479 228 2503 :
260 2479 279 2500 «
305 2459 528 2503 Faciamus
550 2458 772 2502 hominem
791 2457 846 2502 ad
867 2458 1099 2517 imaginem
1120 2467 1163 2502 et
1181 2457 1429 2502 similitudi-

15 2549 20 2776 1
102 2561 107 2576 ¹
133 2557 212 2609 Gen:
236 2565 268 2595 x,
287 2553 341 2585 23.
362 2571 403 2576 —-
423 2561 435 2575 2
462 2555 506 2586 Id.
530 2565 572 2595 xi,
598 2566 624 2586 1.
651 2572 693 2576 —
713 2552 820 2586 3Ibid.
840 2552 871 2595 4.
899 2552 1067 2585 -41bi‹l.
1089 2564 1118 2595 7.

17 2834 22 3013 ¹

0 3020 25 3267 ,l
