1872 3267
406 240 487 280 468
844 252 877 278 S.
904 252 1132 280 Aucus‘rim
1158 254 1337 280 firi-seori

402 315 575 360 nullum
597 315 728 359 habet
744 315 921 360 omnino
953 325 1180 375 peceatum
1199 332 1210 359 .·
1235 315 1310 360 sed
1332 315 1454 376 quod
1480 317 1676 377 sequitur
1697 332 1786 360 nou

401 395 465 430 est
486 385 577 430 sine
600 385 718 443 gravi
740 395 936 445 peccato.
963 389 1059 430 Jam
1081 387 1198 430 enim
1218 395 1419 431 constans
1438 402 1527 430 esse
1545 386 1696 431 debuit
1718 401 1786 430 se-

403 455 491 500 mel
513 454 684 511 audito,
721 454 842 516 quod
863 455 902 499 ei
940 455 1105 500 dixerat
1136 456 1367 512 Dominus,
1398 475 1418 499 «
1448 459 1546 502 Non
1577 456 1657 500 ibis
1687 471 1788 502 cum

403 545 425 568 »
449 526 508 570 eis
524 561 534 581 ,
551 541 694 586 neque
712 524 941 569 maledices
958 525 1172 586 populum
1194 546 1203 571 ;
1223 536 1287 571 est
1309 526 1425 570 enim
1438 526 1711 571 benedictus¹
1738 546 1746 571 :
1765 544 1784 569 »

403 612 484 641 nec
506 596 566 640 eis
584 595 735 640 ulllam
751 611 871 656 spem
885 594 986 640 dare
998 631 1009 652 ‚
1029 596 1150 657 quod
1167 606 1310 657 posset
1327 597 1536 642 Dominus
1549 632 1560 653 ,
1581 607 1789 659 tanquam

402 669 491 730 ipse
529 667 703 713 Balaam
736 668 993 712 muneribus
1031 677 1075 712 et
1113 669 1352 713 honoribus
1389 669 1546 724 flexus,
1587 668 1790 714 adversus

403 738 619 800 populum
651 755 802 795 suum,
839 754 972 799 quem
1005 738 1288 783 benedictum
1320 755 1410 783 esse
1453 738 1646 795 dixerat⁷
1670 755 1790 784 suam

401 820 572 855 mutare
591 810 864 854 sententiam.
885 809 968 855 Sed
981 809 1043 853 ibi
1064 825 1108 853 se
1130 810 1297 854 vietum
1318 808 1556 869 cupiditate
1573 819 1790 855 monstra-

403 881 486 937 vit,
512 881 590 925 ubi
608 880 730 942 loqui
749 880 831 924 sibi
861 879 1098 925 Dominum
1120 879 1174 923 de
1211 880 1292 924 hac
1316 896 1361 924 re
1388 880 1547 924 iterum
1577 880 1717 926 voluit
1737 881 1793 926 de

402 968 490 1013 qua
507 953 597 1012 ejus
607 952 699 1012 jam
720 959 983 1009 cognoverat
1003 949 1290 995 voluntatem.
1309 949 1424 1003 Quid
1442 950 1559 994 enim
1577 966 1685 1011 opus
1703 960 1794 996 erat

403 1040 502 1084 quae
524 1032 767 1083 sequuntur
789 1022 1050 1082 adjungere?
1075 1042 1095 1064 «
1121 1025 1178 1066 Et
1199 1037 1316 1066 nune
1340 1022 1547 1066 sustinete
1567 1022 1631 1066 ibi
1658 1032 1702 1067 et
1718 1039 1793 1068 vos

405 1113 425 1135 >›
447 1104 577 1139 nocte
590 1095 687 1148 hae,
707 1103 750 1137 et
771 1092 899 1137 sciam
917 1091 1025 1153 quid
1039 1091 1210 1152 adjiciet
1227 1092 1437 1136 Dominus
1454 1092 1575 1153 loqui
1588 1092 1643 1137 ad
1655 1095 1790 1137 me2.»

405 1164 594 1210 Proinde
616 1163 826 1209 Dominus
849 1162 999 1207 videns
1019 1164 1110 1224 ejus
1139 1162 1424 1223 cupiditatem
1446 1173 1616 1223 captam
1649 1163 1795 1209 devic-

409 1246 585 1297 tamque
618 1235 895 1291 muneribus»,
920 1235 1114 1295 permisit
1141 1251 1242 1278 eum
1264 1235 1324 1278 ire
1340 1270 1350 1289 ‚
1376 1244 1425 1279 ut
1446 1251 1522 1295 per
1543 1236 1794 1295 jumentum

406 1324 495 1369 quo
523 1307 764 1351 vehebatur
796 1308 886 1366 ejus
916 1307 1136 1350 avaritiam
1167 1310 1384 1351 coerceret
1415 1326 1423 1350 ;
1451 1308 1535 1351 hoe
1563 1307 1656 1367 ipso
1689 1323 1797 1352 con-

406 1379 596 1424 fundens
631 1378 750 1422 illam
783 1377 1067 1433 dementiam,
1100 1378 1220 1438 quod
1251 1378 1590 1437 prohibitionem
1624 1379 1796 1424 Domini

406 1520 479 1566 ille
501 1520 740 1581 cupiditate
765 1518 1003 1578 transgredi
1032 1528 1287 1574 conaretur,
1320 1519 1516 1580 quamvis
1541 1519 1692 1563 eadem
1716 1535 1796 1564 cu-

410 1590 637 1652 piditatem
674 1591 829 1634 timore
864 1590 1168 1648 supprimeret.
1212 1609 1232 1631 «
1273 1590 1404 1633 Venit
1443 1590 1557 1633 enim
1591 1592 1704 1634 Deus
1742 1590 1797 1635 ad

413 1683 433 1705 >›
459 1662 634 1708 Balaam
656 1671 801 1717 nocte,
818 1669 861 1705 et
874 1660 934 1704 ait
954 1659 1017 1704 illi
1037 1680 1046 1704 :
1067 1661 1109 1705 Si
1126 1676 1280 1705 vocare
1300 1669 1340 1704 te
1352 1669 1568 1705 venerunt
1582 1661 1793 1716 homines,

412 1753 432 1775 n
459 1749 669 1793 exurgens
686 1747 865 1792 sequere
893 1747 980 1785 eos,
1003 1729 1079 1774 sed
1091 1731 1275 1775 verbum
1295 1731 1606 1792 quodcumque
1625 1730 1798 1775 locutus

413 1825 433 1847 )›
461 1803 585 1849 fuero
608 1803 663 1848 ad
686 1812 729 1846 te
745 1838 755 1858 ,
781 1803 865 1846 hoc
882 1801 1026 1846 facies.
1043 1804 1100 1845 Et
1126 1816 1335 1859 exurgens
1353 1800 1527 1844 Balaam
1545 1817 1672 1846 mane
1694 1810 1799 1846 stra-

413 1895 433 1917 »
459 1876 523 1920 vit
536 1875 699 1919 asinam
721 1888 859 1928 suam,
883 1881 926 1915 et
940 1871 1045 1915 abiit
1061 1887 1161 1915 eum
1180 1871 1447 1931 principibus
1460 1871 1632 1916 Moab&
1663 1890 1682 1913 »
1709 1874 1798 1918 Cur

410 1955 509 2006 post
533 1945 658 1995 istam
688 1942 1012 2004 permissionem
1035 1945 1174 1986 Deum
1195 1941 1354 1984 iterum
1375 1957 1464 1985 non
1486 1941 1730 1998 consuluit,
1755 1951 1798 1987 et

411 2027 507 2078 post
538 2015 657 2061 illam
691 2013 1031 2074 prohibitionem
1065 2013 1223 2057 iterum
1255 2012 1572 2056 consulendum
1604 2014 1795 2072 putavit,

413 2088 493 2131 nisi
511 2087 613 2147 quia
628 2087 717 2146 ejus
732 2084 919 2143 maligna
933 2083 1146 2142 cupiditas
1164 2083 1414 2142 apparebat,
1432 2083 1628 2143 quamvis
1644 2083 1798 2128 timore

414 2156 587 2203 Domini
626 2156 926 2216 premeretur?
962 2153 1157 2213 Denique
1187 2153 1406 2212 ,Scriptura
1441 2153 1655 2213 sequitur,
1698 2174 1716 2195 «
1742 2156 1799 2215 Et

417 2248 437 2269 »
464 2228 598 2272 iratus
620 2236 683 2272 est
701 2224 962 2269 animatione
986 2227 1099 2268 Deus
1115 2228 1130 2279 ,'
1145 2223 1249 2283 quia
1270 2223 1362 2267 ibat
1383 2224 1473 2283 ipse
1501 2243 1508 2267 :
1533 2233 1576 2267 et
1605 2224 1795 2268 insurre-

416 2318 436 2341 »
457 2300 520 2343 xit
542 2297 732 2357 Angelus
755 2297 852 2352 Dei,
882 2306 932 2339 ut
954 2312 1042 2340 non
1065 2295 1334 2355 permitteret
1355 2310 1455 2338 eum
1483 2295 1528 2339 in
1548 2296 1616 2340 via
1631 2298 1670 2351 ⁵,
1704 2314 1724 2337 »
1756 2303 1799 2340 et

415 2379 571 2415 caetera
591 2385 689 2429 quae
711 2376 970 2428 sequuntur,
1005 2365 1144 2410 donec
1167 2365 1282 2409 asina
1296 2366 1561 2426 loqueretur.
1583 2365 1700 2411 Nihil
1728 2365 1797 2410 hic

413 2457 515 2486 sane
533 2439 770 2484 mirabilius
786 2437 972 2493 videtur,
992 2452 1125 2500 quam
1138 2436 1259 2498 quod
1273 2435 1480 2498 loquente
1495 2438 1611 2482 asina
1624 2437 1801 2483 territus

465 2546 472 2561 ¹
501 2541 593 2570 Num.
615 2548 698 2579 xxii,
722 2546 770 2568 12.
802 2552 841 2558 --
867 2534 980 2567 ²1bid.
1010 2546 1061 2576 19.
1088 2551 1129 2556 —
1150 2532 1163 2556 3
1181 2533 1263 2566 ibid.
1292 2533 1346 2566 28.
1369 2551 1409 2557 --
1435 2532 1451 2563 4
1480 2533 1560 2567 lbid.
1582 2544 1644 2576 20,
1670 2542 1726 2566 21.
1756 2548 1796 2557 -·

417 2592 432 2617 5
450 2594 531 2626 Ibid.
552 2603 606 2626 22.
1666 2589 1669 2592 i

1803 2491 1806 2513 ὅ
1851 2456 1872 2499 nis
