1872 3267
374 264 642 303 Quffis'morms
674 266 719 293 m
751 264 955 303 nxoomvt,
991 266 1073 292 Lm.
1110 266 1158 292 11.
1370 253 1454 292 213

71 348 91 371 η
117 338 160 373 et
190 340 409 391 assumpto
446 332 667 392 Sepphora
684 328 877 385 calculo,
899 329 1173 375 circumcidit
1192 329 1457 390 praeputium

71 419 90 441 »
117 400 192 444 filii
206 401 271 445 sui
297 421 306 446 ε
332 411 375 445 et
392 401 577 461 procidit
595 401 650 446 ad
664 400 796 461 pedes
811 402 917 460 ejus,
936 410 979 445 et
991 400 1120 445 dixit:
1140 401 1266 446 Stetit
1287 400 1459 459 sanguis

70 490 90 513 »
117 472 456 518 circumcisionis
487 472 665 517 infantis
687 472 789 517 mei.
823 475 879 516 Et
901 472 1074 517 recessit
1097 471 1152 515 ab
1174 487 1246 527 eo,
1282 481 1461 532 propter

69 562 88 584 »
116 545 236 604 quod
265 543 375 588 dixit
405 565 414 590 ι
446 545 580 590 Desiit
597 545 769 604 sanguis
799 544 1177 589 circumcisionis¹.
1213 563 1231 583 >1
1263 545 1458 588 Primum

65 615 297 674 quaeritur,
316 630 448 674 quem
464 615 639 660 volebat
653 614 845 674 Angelus
865 613 1076 669 occidere,
1094 623 1244 657 utrum
1257 616 1456 671 Moysen,

66 687 165 746 quia
187 686 352 730 dictum
371 697 434 730 est
452 723 462 742 ,
498 707 516 728 «
535 688 734 732 Occurrit
756 687 793 729 ei
812 686 1027 745 Angelus,
1054 694 1096 728 et
1110 685 1336 745 quaerebat
1357 700 1458 729 eum

70 776 88 798 »
115 756 325 801 occidere.
352 777 369 797 υ
391 760 500 803 Nam
534 758 604 801 cui
638 757 866 816 putabitur
900 756 1160 811 occurrisse,
1186 756 1265 800 nisi
1300 754 1361 799 illi
1384 756 1460 815 qui

68 829 271 872 universo
292 844 470 873 suorum
494 829 719 873 comitatui
739 826 986 887 praefuit,et
1007 843 1029 871 a
1053 842 1141 886 quo
1165 826 1308 871 caeteri
1325 825 1460 870 duce-

70 899 257 942 bantur?
274 902 341 942 An
355 915 538 958 puerum
555 898 779 959 qurereliat
794 897 1010 952 occidere,
1028 898 1097 942 cui
1117 906 1256 941 mater
1270 897 1459 941 circum-

0 955 5 970 ³
65 968 251 1013 cidendo
269 970 472 1014 subvenit
491 990 498 1013 :
520 979 569 1013 ut
592 971 648 1014 01)
665 971 746 1013 1100
770 968 1035 1026 intelligatur
1057 967 1254 1012 occidere
1274 967 1461 1012 voluisse

0 1094 8 1116 r
66 1039 303 1096 infantem,
328 1042 430 1101 quia
468 1057 557 1086 non
594 1050 683 1085 erat
707 1041 1006 1095 circumcisus,
1050 1049 1182 1099 atque
1203 1039 1262 1083 ita
1297 1039 1461 1083 sancire

65 1121 333 1171 praeceptum
368 1113 703 1157 circumcisionis
720 1147 730 1166 ,
756 1111 982 1156 severitate
1015 1109 1250 1154 vindictaeP
1271 1109 1402 1163 Quod
1427 1110 1461 1154 si

0 1182 5 1191 “
65 1183 124 1226 ita
148 1192 226 1245 est,
253 1183 466 1227 incertum
483 1192 547 1227 est
558 1183 674 1240 prius
689 1182 843 1242 dequo
866 1180 1037 1236 dixerit,
1068 1201 1086 1222 ‹<
1104 1181 1339 1234 Quaerebat
1357 1196 1460 1224 eum

71 1273 88 1295 »
111 1253 330 1311 occidere,
349 1274 367 1295 »
387 1255 488 1314 quia
507 1255 730 1312 ignoratur
749 1269 897 1314 quem,
924 1253 1005 1297 nisi
1023 1268 1074 1296 ex
1091 1252 1463 1313 consequentibus

68 1326 308 1385 reperiatur
335 1346 342 1370 ;
364 1325 471 1370 mira
491 1341 592 1369 sane
612 1325 835 1370 locutione
859 1334 902 1369 et
923 1324 1127 1369 inusitata
1145 1360 1155 1379 ‚
1187 1333 1237 1368 ut
1258 1324 1377 1384 prius
1395 1323 1463 1368 dj-

0 1411 11 1443 :2
65 1405 203 1451 ceret,
235 1416 254 1437 «
280 1396 485 1440 Occurrit
506 1396 560 1451 ei,
589 1405 632 1439 et
646 1396 870 1456 quaerebat
892 1410 992 1439 eum
1012 1394 1225 1449 occidere,
1251 1414 1269 1435 »
1296 1394 1350 1438 de
1373 1410 1462 1454 quo

0 1482 5 1512 J
65 1467 172 1512 nihil
190 1477 315 1511 antea
333 1467 512 1511 dixerat.
535 1466 619 1511 Sed
636 1466 732 1510 talis
746 1467 871 1510 estin
885 1465 1056 1511 Psalmo
1079 1486 1086 1511 :
1119 1485 1137 1508 α
1156 1466 1463 1510 Fundamenta

0 1559 7 1579 t«
70 1557 88 1579 »
113 1540 204 1598 ejus
225 1538 270 1581 in
292 1538 514 1582 montibus
528 1538 684 1582 sanctis
707 1557 714 1581 ε
736 1535 874 1594 diligit
888 1537 1097 1581 Dominus
1112 1546 1257 1596 portas
1275 1536 1418 1581 Si0n2.
1439 1555 1458 1576 »

10 1630 11 1646 ³
65 1609 176 1654 Inde
198 1610 314 1653 enim
338 1609 532 1654 Psalmus
553 1608 728 1668 incipit,
756 1624 835 1652 nec
860 1607 1023 1669 aliquid
1047 1609 1101 1652 de
1124 1607 1199 1652 illo
1221 1607 1291 1652 vel
1313 1607 1367 1652 de
1389 1607 1464 1652 illa

68 1680 250 1736 dixerat,
267 1682 392 1741 cujus
410 1680 696 1725 fundamenta
710 1679 893 1739 intelligi
916 1679 1078 1735 voluit,
1095 1680 1243 1724 dicens
1270 1700 1277 1723 :
1309 1699 1328 1720 «
1345 1683 1464 1723 Fun-

70 1771 88 1793 »
115 1751 320 1796 damenta
342 1754 434 1813 ejus
456 1752 502 1794 in
519 1751 744 1796 montibus
758 1750 930 1795 sanctis.
960 1769 979 1791 »
1004 1750 1084 1794 Sed
1110 1751 1211 1808 quia
1234 1750 1430 1810 sequitur
1450 1771 1458 1795 :

70 1842 90 1864 «
124 1821 270 1880 Diligit
294 1822 505 1867 Dominus
528 1831 673 1882 portas
717 1822 844 1866 Sion:
890 1839 909 1861 »
944 1835 1047 1879 ergo
1085 1819 1368 1864 fundamenta
1391 1820 1465 1865 vel

15 1898 18 1901 ’
67 1892 241 1936 Domini
263 1892 333 1936 vel
353 1893 477 1948 Sion,
503 1903 545 1937 et
563 1891 617 1936 ad
640 1892 877 1936 faciliorem
900 1907 1072 1935 sensum
1096 1891 1232 1949 magis
1259 1891 1382 1944 Sion,
1411 1901 1460 1935 ut

0 1981 2 1996 ·
67 1960 348 2007 fundamenta
358 1963 542 2007 civitatis
557 1963 808 2022 accipiatur.
825 1963 907 2007 Sed
921 1962 1023 2022 quia
1034 1963 1079 2005 in
1091 1962 1173 2007 hoc
1183 1962 1458 2021 pronomine,

70 2034 191 2094 quod
213 2044 305 2090 est,
336 2054 354 2077 «
394 2036 507 2095 ejus,
538 2054 557 2075 n
597 2050 733 2092 genus
767 2034 1023 2092 ambiguum
1056 2042 1119 2076 est
1141 2037 1153 2088 (
1178 2033 1316 2077 omnis
1346 2033 1462 2086 enim

72 2106 238 2164 generis
261 2115 324 2149 est
349 2106 432 2149 1100
454 2120 696 2165 pronomen
716 2140 726 2160 ,
751 2104 796 2148 id
819 2114 897 2159 est,
925 2114 968 2148 et
979 2103 1228 2158 masculini,
1254 2113 1296 2147 et
1311 2103 1461 2147 foemi-

68 2176 173 2231 nini,
192 2186 235 2220 et
254 2178 398 2220 neutri
415 2181 446 2235 ),
468 2178 512 2220 in
535 2192 673 2234 graeco
695 2186 840 2221 autem
863 2177 906 2219 in
927 2176 1155 2221 foeminino
1179 2191 1333 2233 genere
1350 2175 1461 2219 dici-

69 2257 139 2292 tur
161 2257 269 2303 αὐτῆς,
293 2249 533 2293 masculino
550 2259 591 2293 et
610 2258 767 2293 neutro
791 2257 895 2293 αὐτοῦ,
916 2257 958 2291 et
973 2248 1106 2291 habet
1124 2249 1258 2292 codex
1278 2264 1458 2306 graecus,

70 2328 178 2366 αὐτῶ,
212 2320 327 2378 cogit
348 2319 590 2378 intelligere
612 2335 701 2363 non
734 2318 1021 2363 fundamenta
1048 2319 1175 2373 Sion,
1202 2318 1278 2362 scd
1301 2318 1463 2362 sunda-

69 2400 212 2434 menta
229 2390 422 2445 Domini,
447 2390 493 2434 id
521 2399 605 2445 est,
642 2406 740 2450 quac
774 2389 1000 2434 constituit
1029 2390 1261 2443 Dominus,
1298 2388 1352 2432 de
1372 2404 1460 2448 quo

71 2459 236 2505 dictum
258 2470 321 2505 est
347 2481 354 2505 :
385 2480 404 2502 «
426 2460 662 2505 AEdificans
678 2460 917 2504 Jerusalem
934 2461 1186 2505 Dominus3.
1208 2479 1227 2499 >›
1251 2463 1339 2504 Nec
1358 2460 1461 2504 Sion

71 2539 234 2585 tamen,
261 2547 340 2575 nec
369 2532 600 2576 Dominum
632 2541 756 2576 antea
780 2531 1100 2586 nominaverat,
1125 2545 1227 2574 cum
1256 2530 1418 2575 diceret
1445 2550 1453 2575 :

117 2621 124 2637 ¹
147 2616 244 2648 Exod.
260 2627 302 2658 iv,
322 2615 441 2658 ‘ai-26.
468 2632 506 2638 -
533 2623 545 2639 ²
567 2615 646 2648 Psal.
670 2625 800 2655 lxxxvi,
828 2627 856 2656 r,
878 2626 908 2648 2.
941 2632 977 2638 —·
1000 2613 1071 2647 31d.
1092 2626 1196 2655 curvi,
1217 2623 1249 2646 2.
