1872 3267
357 205 628 245 Quffisnoivns
661 208 707 234 ιΝ
738 205 956 245 GENESIM,
991 209 1074 235 Lus.
1111 210 1140 234 1.
1358 198 1439 237 175

521 300 758 350 QUAESTIO
790 301 961 341 CXVIII.

105 401 234 452 Quoi)
276 409 376 459 post
415 401 712 445 narrationem
753 402 905 446 mortis
938 405 1054 446 Isaac
1088 411 1290 447 narratur
1331 419 1440 464 quas

47 484 201 514 uxores
236 472 350 514 Esaii
383 472 621 531 acceperit,
658 481 700 516 et
722 488 831 532 quos
855 473 1106 527 creaverit1,
1139 473 1440 532 recapitulatio

48 539 331 599 intelligenda
355 551 432 586 est.
458 545 610 602 Neque
633 543 749 586 enim
766 553 864 602 post
886 553 1069 588 mortem
1096 546 1211 587 Isaac
1228 544 1322 587 fieri
1349 562 1439 588 coc-

47 610 142 670 pit,
164 627 265 655 cum
281 613 371 672 jam
396 623 536 656 essent
554 614 666 657 Esaii
695 622 738 657 et
763 614 898 658 Jacob
927 614 1279 672 centum-viginti
1301 630 1440 659 anno—

47 697 160 726 rum.
187 685 297 727 Nam
319 698 392 728 eos
414 684 714 742 sexagenarius
737 686 938 742 suscepit,
959 694 1001 730 et
1014 685 1118 730 vixit
1139 700 1288 730 omnes
1302 702 1439 731 annos

46 752 146 798 vitae
166 769 256 798 suae
277 755 713 814 centum-octoginta.

541 865 777 914 QLJAESTIO
811 866 944 906 cmx.

105 968 302 1018 QUAEsTlo
327 974 411 1020 est,
452 966 675 1026 quomodo
708 967 928 1026 Scriptura
959 966 1097 1021 dicat,
1122 977 1220 1026 post
1249 977 1435 1012 mortem

0 1085 2 1091 k
48 1039 163 1080 Isaac
192 1037 324 1095 patris
365 1037 430 1080 sui
455 1038 569 1081 Esaii
606 1037 854 1081 abscessisse
882 1037 937 1080 de
965 1046 1076 1081 terra
1108 1038 1359 1093 Cliaiiaan‘³‚
1393 1048 1437 1083 et

0 1143 3 1152 .
45 1106 259 1150 habitasse
282 1107 326 1150 in
355 1116 505 1151 monte
537 1110 658 1164 Se'1'r3
694 1123 795 1151 cum
816 1108 1017 1151 veniente
1045 1107 1100 1151 dc
1123 1110 1437 1168 Mesopotamia

0 1195 3 1222 :
47 1177 180 1221 Jacob
204 1176 336 1222 tratre
358 1179 469 1237 ejus,
502 1177 671 1235 legatur
693 1177 814 1238 quod
835 1179 925 1237 jam
946 1176 1033 1221 illic
1055 1178 1298 1223 habitabat.
1329 1183 1437 1224 Pro-

0 1269 2 1291 ι
46 1245 146 1291 inde
167 1247 276 1307 quid
295 1248 387 1291 fieri
410 1248 600 1307 potuerit
614 1283 625 1303 ‚
650 1258 700 1292 ut
725 1248 946 1307 Scriptura
963 1247 1057 1292 falli
1080 1248 1149 1293 vel
1173 1248 1325 1293 fallere
1346 1266 1437 1294 non

47 1304 267 1372 credatur,
303 1318 349 1362 in
388 1327 594 1377 promptu
628 1327 693 1362 est
726 1319 938 1376 cogitare,
968 1318 1088 1378 quod
1124 1319 1286 1363 scilicet
1320 1321 1437 1364 Esaii

46 1398 327 1450 posteaquam
343 1390 389 1433 in
406 1390 765 1449 Mesopotamiam
781 1388 913 1434 frater
931 1391 1021 1450 ejus
1043 1390 1271 1445 abscessit,
1295 1392 1438 1436 noluit

0 1499 2 1503 ,
45 1458 241 1503 habitare
275 1475 374 1504 cum
402 1459 654 1519 parentibus
688 1459 797 1514 suis,
836 1460 924 1505 sive
956 1476 1006 1503 ex
1036 1459 1108 1504 illa
1142 1462 1457 1507 commotione.

47 1545 132 1589 qua
147 1530 326 1574 dolebat
346 1546 390 1574 se
413 1524 719 1574 benedictione
740 1530 990 1574 fraudatum
1004 1567 1014 1586 ,
1039 1532 1128 1576 sive
1146 1531 1289 1592 aliqua
1309 1548 1437 1577 causa

46 1598 115 1642 vel
136 1608 322 1643 uxorum
345 1615 537 1653 suarum,
555 1616 661 1659 quas
679 1600 845 1644 odiosas
863 1600 1041 1645 videbat
1059 1617 1148 1645 esse
1165 1604 1433 1661 parentibus,

47 1668 114 1714 vel
135 1669 332 1729 qualibet
351 1669 431 1714 alia
452 1690 459 1713 :
486 1679 528 1714 et
550 1671 683 1729 coepit
699 1671 895 1715 habitare
909 1672 954 1714 in
968 1682 1117 1716 monte
1141 1676 1250 1718 Sei'r.
1270 1673 1437 1718 Deinde

48 1750 142 1800 post
163 1740 352 1785 reditum
374 1741 510 1785 Jacob
534 1740 676 1785 statiis
698 1742 792 1794 sui
817 1741 930 1786 sacta
951 1743 1064 1787 intel
1085 1759 1157 1788 eos
1179 1744 1432 1801 conmidia,

49 1827 241 1856 reveisus
259 1821 323 1856 est
340 1821 383 1856 et
405 1812 495 1871 ipse
518 1811 573 1856 ad
595 1822 820 1872 palmites,
846 1822 889 1857 et
908 1829 1007 1857 cum
1026 1824 1250 1858 moltuum
1267 1781 1435 1875 patieni

15 1881 19 1947 1
49 1882 176 1927 simul
207 1882 487 1943 sepelissent,
519 1885 620 1943 quia
657 1899 728 1928 eos
765 1884 812 1927 in
843 1884 1083 1944 plurimum
1127 1885 1285 1931 ditatos
1322 1897 1387 1931 tei
1390 1903 1435 1932 r‘t

50 1952 142 2009 illa,
166 1954 278 1998 sicut
299 1955 508 2014 scriptum
531 1965 615 2010 est,
634 1956 812 1999 minime
830 1956 1052 2016 capiebat,
1072 1957 1274 2003 abscessit
1289 1975 1436 2004 rursus

50 2025 94 2069 in
117 1989 251 2081 S⁷e'1'r³‚
272 2035 316 2070 et
335 2026 398 2070 ibi
415 1991 672 2087 propagauit
689 2036 861 2085 gentem
884 2028 1195 2074 Idumaeorum.

554 2138 790 2187 QtfAESTlO
823 2139 940 2179 CXX.

108 2238 231 2289 Quoi)
253 2237 462 2297 scriptum
485 2246 573 2282 est:
600 2257 620 2279 «
642 2237 697 2282 Hi
718 2238 936 2298 principes
958 2240 1153 2284 Chorraei
1175 2240 1253 2285 filii
1274 2244 1368 2287 Se'i'r
1388 2243 1435 2286 in

58 2322 77 2344 ιο
110 2314 220 2350 terra
235 2307 425 2352 Ed0m4:
447 2326 467 2348 n
486 2307 729 2352 seeundum
750 2318 920 2369 tempus
937 2326 1026 2370 quo
1042 2311 1231 2367 vivebat,
1253 2313 1435 2372 scriptor

53 2387 371 2423 commemorat.
394 2381 507 2424 Cum
524 2388 669 2422 autem
690 2381 783 2423 Se'l‘r
800 2380 1015 2424 habitaret
1036 2382 1112 2442 qui
1131 2382 1232 2427 istos
1255 2383 1430 2442 genuit,

54 2447 246 2493 nondum
266 2450 469 2495 veniente
493 2450 541 2494 in
562 2449 682 2494 illam
705 2459 864 2495 terram
894 2453 1032 2507 Esau,
1062 2453 1261 2497 nondum
1279 2455 1432 2515 utique

20 2552 22 2603 Ι
102 2551 110 2566 ¹
134 2547 210 2578 Gen.
232 2557 342 2588 xxxm,
366 2559 392 2579 1.
411 2564 452 2570 —-
474 2554 486 2570 ²
509 2547 590 2580 lbid.
611 2547 645 2580 6,
664 2565 704 2570 —
722 2546 734 2570 3
752 2548 835 2580 Ibid.
862 2559 893 2590 7.
910 2548 978 2579 -4
996 2550 1076 2582 lbid.
1098 2559 1151 2583 21.

20 2613 22 2633 ι

21 2661 23 2695 l

22 2741 23 2761 η
