1872 3267
400 178 481 214 520
809 188 841 213 s.
877 186 1104 215 Aucos'nm
1137 187 1317 215 Emscom

401 248 641 295 Zorobabel
663 264 791 294 avum
815 250 930 309 apud
953 254 1113 296 Lucam
1132 287 1142 306 ,
1168 251 1243 311 qui
1266 259 1329 295 est
1350 251 1478 308 Neri,
1502 249 1631 296 alium
1659 251 1776 311 apud

400 320 655 364 Matthaeum
669 354 679 373 ,
711 319 786 379 qui
807 328 871 362 est
897 321 1123 365 Jechonias
1139 357 1149 375 ,
1176 329 1306 380 atque
1328 320 1429 364 inde
1454 322 1649 380 superius
1669 336 1776 365 nus-

400 406 532 452 quam
552 400 615 435 est
632 391 924 446 consonantia,
945 407 1173 453 quousque
1195 393 1392 436 veniatur
1409 392 1464 436 ad
1482 392 1634 447 David,
1661 392 1777 452 apud

401 461 656 507 Matthaeum
691 477 767 521 per
798 461 1097 518 Salomonem,
1131 462 1249 523 apud
1287 465 1449 507 Lucam
1482 478 1558 523 per
1588 463 1781 508 Nathan.r
1816 486 1818 490 ·

402 532 717 577 Difficillimum
748 542 893 576 autem
914 533 1102 588 videtur,
1128 550 1215 579 non
1237 533 1367 578 fuisse
1389 533 1577 594 aliquem
1599 534 1780 594 propin-
1818 539 1820 592 f

402 605 621 665 quiorem,
644 605 718 665 qui
741 603 919 649 duceret
942 620 1121 649 uxorem
1142 604 1284 650 fratris
1314 605 1406 661 sui,
1431 621 1561 665 quam
1585 621 1685 649 eum
1706 605 1782 665 qui
1817 605 1822 614 ⁴

404 672 453 718 c'x
471 673 607 718 David
628 684 736 718 esset
764 675 1108 733 consanguineus
1127 685 1215 719 tam
1237 675 1476 736 longinquo
1507 675 1643 734 gradu
1658 710 1669 730 ,
1693 691 1783 719 non

404 745 549 805 aliqua
573 744 683 788 infra
707 745 1032 805 propinquitate
1055 747 1337 806 conjunctus,
1362 761 1459 790 cum
1483 746 1537 790 sit
1559 744 1676 804 apud
1694 748 1783 789 Lu-
1850 763 1853 770 ·

406 832 499 859 cam
518 815 654 860 David
669 832 777 875 pene
790 815 1142 876 quadragesimus
1159 833 1181 860 a
1198 820 1221 860 J
1226 818 1373 876 osepli,
1395 815 1514 875 apud
1529 816 1785 860 Matthaeum

409 896 552 930 autem
585 886 718 930 ferme
747 887 1225 946 *figesimus-septimus.
1268 890 1356 931 Ant
1393 887 1425 931 si
1465 886 1698 946 propinqui
1732 885 1786 930 ad
1828 931 1829 934 ,

409 972 560 1001 uxores
589 957 897 1001 defunctorum
936 957 1156 1002 ducendas
1192 958 1320 1002 ctiam
1354 957 1417 1001 illi
1454 958 1784 1018 quaerebantur,
1829 1004 1831 1007 ,

407 1028 482 1088 qui
505 1043 555 1070 ex
582 1026 863 1072 foeminarum
886 1028 1093 1086 sanguine
1122 1028 1501 1088 propinquabant,
1533 1028 1625 1071 fleri
1647 1027 1789 1086 potuit
1830 1081 1832 1087 k

411 1109 460 1142 nt
488 1107 596 1142 esset
619 1098 772 1158 aliquis
796 1099 853 1142 ita
883 1099 1182 1159 propinquus,
1219 1100 1294 1159 qui
1326 1099 1486 1159 Joseph
1511 1098 1707 1157 genuerit
1736 1096 1790 1141 de
1830 1111 1834 1141 ἱ
1863 1140 1868 1153 ἢ

412 1184 546 1213 uxore
567 1169 803 1228 propinqui
825 1169 905 1224 sui,
931 1169 1006 1229 qui
1022 1170 1112 1212 sine
1134 1169 1278 1213 liberis
1296 1168 1495 1213 decessit:
1518 1185 1565 1213 ac
1579 1169 1612 1212 si
1629 1169 1666 1212 ei
1685 1177 1790 1211 esset
1826 1168 1836 1190 '⁴

409 1239 516 1283 alter
538 1255 587 1282 ex
605 1249 757 1283 natura
782 1249 919 1298 pater,
946 1239 1053 1283 alter
1077 1255 1125 1282 ex
1152 1243 1290 1298 Lege,
1317 1240 1362 1282 in
1389 1255 1577 1299 quorum
1599 1239 1792 1298 patribus
1834 1252 1843 1280 ὲ.

412 1319 455 1352 ct
478 1310 565 1353 avis
588 1318 631 1353 et
652 1308 809 1353 deinde
827 1310 1062 1371 majoribus
1084 1308 1182 1353 ideo
1201 1308 1320 1352 nulla
1339 1309 1638 1369 propinquitas
1658 1324 1794 1368 appa·
1836 1335 1849 1361 χ
1867 1352 1870 1367 ,

414 1390 548 1435 roret,
570 1380 690 1441 quod
715 1397 803 1424 non
826 1397 876 1424 ex
896 1381 1110 1436 maribus,
1136 1381 1211 1424 sed
1232 1396 1281 1424 ex
1305 1379 1492 1424 foeminis
1526 1382 1795 1441 propinqua·

414 1461 525 1496 rent.
551 1454 863 1495 Verumtamen
886 1451 919 1495 si
939 1451 996 1495 ita
1015 1460 1147 1505 esset,
1173 1466 1252 1495 nec
1275 1450 1410 1494 David
1431 1450 1664 1511 aliquando
1683 1467 1796 1495 unus

416 1532 538 1583 pater
560 1531 819 1566 occurreret.
846 1526 934 1566 Aut
952 1523 983 1566 si
1007 1523 1235 1582 quisquam
1257 1521 1445 1580 potuisse
1463 1522 1703 1576 contendit,
1720 1522 1798 1565 ubi
1834 1522 1843 1580 j

418 1593 621 1653 ponimus
639 1592 760 1653 quod
783 1592 1054 1636 consuetudo
1087 1592 1317 1650 Scriptura}
1340 1607 1429 1635 non
1453 1601 1515 1635 est
1537 1590 1738 1635 foeminas
1758 1592 1814 1643 in*
1840 1607 1842 1611 ·

421 1663 667 1722 genealogia
688 1679 765 1723 pro
787 1663 978 1707 maribus
1000 1677 1160 1722 ponere
1174 1664 1204 1717 ¹,
1230 1662 1339 1705 sicut
1355 1677 1423 1705 cas
1441 1661 1587 1705 nullus
1609 1664 1804 1720 Evange-

423 1733 518 1778 lista
541 1735 823 1794 interposuit?
858 1734 940 1778 Ubi
963 1733 1077 1776 enim
1095 1740 1489 1776 commemorantur
1511 1740 1690 1786 matres,
1716 1747 1803 1775 non

422 1815 648 1865 ponuntur
664 1805 742 1848 nisi
756 1820 853 1849 cum
870 1804 1080 1863 patribus.
1099 1805 1160 1846 Ac
1173 1817 1250 1861 per
1262 1802 1345 1846 hoc
1359 1811 1433 1846 aut
1451 1802 1509 1846 ita
1519 1802 1804 1862 propinquior
1840 1793 1867 1932 Q

424 1877 564 1920 defuit
586 1875 641 1919 ad
663 1891 839 1920 uxorem
858 1873 1055 1918 defuncti
1072 1873 1154 1917 sibi
1176 1871 1481 1932 copulandam,
1503 1882 1552 1916 ut
1574 1873 1693 1931 origo
1711 1886 1805 1930 cog-

425 1947 610 1990 nationis
630 1945 766 1990 David
788 1953 1054 2004 repeteretur
1080 1963 1087 1987 :
1108 1952 1182 1986 aut
1199 1943 1374 2002 adoptio
1398 1941 1499 1987 fecit
1520 1942 1703 1987 alterum
1727 1957 1806 2002 pa-
1842 1936 1845 1959 ¹

429 2027 567 2073 trem,
590 2032 719 2077 quem
750 2025 891 2075 posset
912 2015 1073 2059 habere
1103 2015 1277 2074 Joseph.

1839 241 1869 275 tuo

1841 313 1872 360 gen

908 2124 1087 2172 Qtt—EST
1091 2125 1142 2164 10
1175 2125 1326 2163 XLVII.

476 2230 591 2280 Qum
606 2235 667 2270 est
685 2226 804 2286 quod
823 2224 1034 2280 interilla,
1053 2240 1150 2284 quae
1166 2225 1293 2285 jubet
1317 2224 1459 2267 dicere
1475 2222 1712 2277 hominem,
1733 2223 1808 2281 qui
1870 2237 1872 2242 ·

430 2299 473 2341 in
485 2296 637 2340 dandis
652 2296 843 2349 decimis,
856 2305 899 2339 ct
911 2310 1200 2354 qusecuinque
1215 2294 1317 2337 darc
1328 2292 1396 2337 vel
1410 2291 1659 2351 impendere
1666 2293 1808 2351 jussus

429 2377 515 2421 cst,
544 2367 686 2410 omnia
712 2364 913 2408 mandata
944 2364 1200 2424 complevit,
1227 2365 1354 2407 ctiam
1379 2364 1458 2406 lioc
1495 2378 1594 2406 cum
1616 2361 1745 2405 laude
1767 2369 1808 2403 et

429 2436 806 2481 comincndatioiw
824 2451 897 2478 sua
920 2434 1061 2478 dicere
1078 2436 1205 2493 jubet
1230 2451 1239 2477 .·
1265 2454 1284 2475 «
1306 2436 1400 2477 Non
1423 2432 1520 2476 dedi
1546 2448 1594 2476 ex
1614 2433 1673 2475 cis
1691 2446 1806 2475 inor-
1852 2439 1855 2462 ³

485 2529 489 2542 ¹
515 2522 590 2552 ΚΗΘ
604 2530 622 2551 ’).
639 2523 777 2552 {telvm-t.
797 2532 824 2550 v.
844 2519 895 2550 135».
