1872 3267
458 245 722 280 Quaes'rioNEs
758 246 799 272 [N
833 245 1023 284 1111116113,
1063 249 1143 275 Lm.
1184 251 1259 276 vir.
1473 237 1556 276 613

170 309 373 353 omnibus
395 309 594 364 inimicis,
612 325 700 354 non
721 310 780 353 cis
800 309 937 354 factus
956 321 1018 356 est
1038 328 1125 367 rex,
1148 324 1198 357 ut
1218 313 1557 372 intelligeremus

171 379 297 434 illud,
324 379 444 440 quod
465 379 632 425 dictum
655 390 739 436 est,
765 380 820 425 ad
842 384 1114 442 prophetiam
1135 386 1279 444 potius
1301 385 1559 445 pertinuisse

171 451 226 496 de
243 452 415 497 Christo
430 488 440 508 ‚
459 452 664 516 quam-ad
685 453 828 513 ipsum
847 456 1017 514 proprie
1038 459 1061 499 J
1066 458 1196 516 ephte
1211 493 1221 511 ,
1243 457 1297 501 de
1311 473 1399 517 quo
1420 457 1560 517 Scrip-

168 532 265 567 tura
303 524 593 568 narrationem
636 524 694 568 ita
733 524 957 570 concludit
981 547 988 571 :
1025 546 1045 569 «
1078 530 1134 571 Et
1166 528 1379 587 judicavit
1401 528 1559 587 Jcphte

173 612 192 634 >›
220 593 352 638 Israel
374 610 444 639 sex
468 595 615 650 annis,
642 604 684 639 ct
708 604 906 640 mortuus
937 606 1000 641 est
1021 598 1181 657 Jephte
1216 597 1485 653 Galaadites‚
1517 607 1561 643 et

172 686 191 708 »
218 665 413 727 sepultus
443 677 507 712 est
536 667 582 711 in
618 668 790 712 civitate
818 684 895 713 sua
925 668 1130 713 Galaad¹.
1168 688 1187 710 »
1215 670 1432 714 Judicavit
1456 685 1560 729 ergo

170 738 303 782 Israel
325 738 436 782 sicut
453 738 597 782 caeteri
623 741 646 782 J
652 739 797 783 udices
827 759 835 784 :
862 755 951 784 non
968 740 1027 783 ibi
1046 741 1241 799 regnavit
1258 749 1308 784 ut
1330 740 1530 800 princeps
1546 776 1557 796 ‚

168 809 278 852 sicut
300 809 344 852 hi
363 809 437 869 qui
461 812 714 867 Regnorum
737 808 1031 854 voluminibus
1053 812 1349 855 continentur.

226 880 396 922 XXIII.
445 882 648 924 Jamvero
674 881 794 940 quod
831 890 1117 941 posteaquam
1158 881 1217 925 eis
1254 881 1371 925 idem
1399 884 1424 925 J
1428 882 1559 941 ephte

168 949 259 993 dux
279 950 542 994 constitutus
562 955 675 1006 est2,
706 951 821 995 misit
847 953 1023 996 nuntios
1046 952 1100 996 ad
1136 953 1281 997 hostes
1301 952 1420 1011 prius
1443 953 1560 1012 pacis

166 1021 298 1066 verba
326 1031 572 1081 portantes,
607 1022 717 1067 illud
741 1023 985 1067 ostenditur
1009 1022 1126 1083 quod
1152 1024 1212 1068 ait
1233 1023 1487 1083 Apostolus,
1514 1024 1559 1066 in

167 1109 256 1154 quo
275 1093 471 1138 Christus
488 1093 753 1154 loquebatur
779 1115 787 1139 :
814 1114 833 1136 «
861 1094 903 1138 Si
922 1094 1013 1138 fieri
1036 1103 1200 1154 potest,
1228 1095 1349 1155 quod
1370 1111 1421 1138 ex
1437 1094 1559 1139 vobis

171 1184 190 1205 »
207 1173 285 1219 est,
303 1181 403 1209 cum
427 1165 631 1209 omnibus
653 1166 905 1209 hominibus
928 1181 1080 1225 pacem
1100 1167 1354 1210 habentes3.
1376 1185 1395 1207 »
1415 1166 1557 1210 Verba

166 1251 297 1295 porro
320 1236 426 1294 ipsa,
444 1251 541 1295 quae
557 1235 779 1279 mandavit
795 1239 818 1279 J
823 1237 968 1295 ephte,
987 1237 1132 1280 omnia
1149 1246 1415 1296 pertractare
1431 1237 1559 1280 nimis

165 1306 346 1364 longum
365 1315 429 1350 est
451 1305 757 1349 festinantibus
786 1306 912 1349 nobis
944 1326 950 1350 :
973 1306 1179 1350 videntur
1200 1316 1347 1350 tamen
1369 1307 1477 1350 mihi
1499 1307 1559 1351 sic

166 1376 448 1435 intelligenda
465 1413 474 1431 ,
501 1386 716 1437 quantum
736 1375 891 1420 attinet
913 1375 967 1420 ad
998 1377 1356 1434 significationem
1380 1377 1557 1422 futuro-

166 1463 263 1491 rum
282 1483 292 1503 ,
319 1456 368 1491 ut
386 1447 430 1490 in
453 1447 510 1490 eis
533 1446 783 1491 advertatur
806 1446 1003 1490 doctrina
1027 1447 1187 1491 Christi
1213 1447 1452 1492 admonens
1481 1464 1559 1493 nos

164 1517 538 1580 quemadmodum
557 1518 610 1561 sit
633 1517 964 1571 ambulandum,
985 1518 1067 1562 hoc
1084 1527 1170 1573 est,
1192 1518 1427 1563 vivendum
1446 1519 1561 1563 inter

167 1606 238 1634 eos
260 1625 270 1643 ‚
296 1589 372 1649 qui
396 1604 485 1632 non
514 1588 754 1632 secundum
782 1588 1053 1647 propositum
1082 1589 1225 1633 vocati
1245 1599 1361 1633 sunt.
1389 1609 1408 1631 «
1430 1591 1560 1635 Novit

170 1680 189 1703 »
215 1660 331 1704 enim
351 1659 563 1703 Dominus
586 1659 661 1718 qui
684 1669 786 1703 sunt
799 1661 888 1719 ejus
904 1661 934 1702 4.
963 1677 981 1699 »

223 1732 606 1774 XXIV..1amver0
625 1729 745 1788 quod
775 1744 873 1772 cum
896 1739 1005 1773 esset
1022 1729 1320 1773 debellaturus
1344 1730 1556 1785 inimicos,

164 1802 304 1846 factus
321 1810 384 1844 est
405 1815 535 1858 super
557 1815 658 1842 eum
684 1800 866 1858 Spiritus
898 1800 1092 1853 Domini⁷
1131 1800 1397 1858 significatur
1420 1801 1557 1860 Spiri-

170 1882 235 1916 tus
252 1880 425 1915 sanctus
442 1870 685 1929 impertitus
708 1870 913 1913 membris
935 1869 1111 1913 Christi.

226 1945 366 1986 XXV.
391 1942 522 1994 Quod
539 1939 680 1984 autem
704 1961 723 1982 «
751 1940 1002 1984 pertransiit
1021 1939 1185 1984 Galaad
1204 1949 1248 1984 et
1270 1943 1491 1995 manasse,
1519 1952 1562 1986 et

170 2033 189 2055 »
215 2013 380 2058 transiit
401 2012 621 2072 speculam
645 2011 809 2055 Galaad
832 2021 875 2055 et
896 2011 951 2055 ab
973 2010 1147 2071 specula
1168 2011 1332 2055 Galaad
1357 2012 1413 2055 ad
1447 2021 1562 2057 trans

169 2104 188 2125 »
221 2083 331 2127 filios
368 2085 583 2127 Ammon5
601 2118 610 2137 ‚
652 2102 670 2123 »
712 2083 985 2142 proficientia
1023 2082 1322 2141 significantur
1365 2082 1562 2126 membra

167 2154 328 2199 Christi
370 2154 424 2197 ad
462 2153 687 2198 victoriam
733 2152 787 2196 de
809 2153 991 2197 inimicis
1033 2152 1354 2212 reportandam.
1399 2152 1562 2196 Gataad

168 2226 331 2286 quippe
346 2226 672 2284 interpretatur,
700 2224 919 2284 Abjiciens
933 2246 943 2281 3
959 2227 1155 2269 Manasse
1172 2239 1291 2278 vero,
1305 2224 1557 2268 Necessitas.

170 2295 439 2340 Transeundi
459 2304 561 2339 sunt
578 2310 680 2352 ergo
708 2310 731 2338 a
762 2295 1088 2353 proficientibus
1112 2295 1377 2354 abjicientes,
1410 2294 1456 2338 id
1479 2304 1558 2350 est,

169 2375 499 2411 contemnentes
527 2385 535 2409 :
577 2364 839 2409 transeunda
868 2375 911 2408 et
940 2366 1192 2415 necessitas,
1231 2381 1285 2409 ne
1320 2365 1433 2410 sorte
1462 2381 1563 2409 cum

171 2436 385 2480 transierit
415 2436 492 2496 qui
522 2435 695 2495 proficit
727 2444 1078 2490 contemnentes,
1120 2435 1245 2480 cedat
1277 2436 1557 2480 terrentibus.

220 2540 227 2556 ¹
245 2533 348 2565 Judic.
371 2544 426 2573 xil,
449 2545 481 2575 7.
509 2551 550 2556 -
568 2539 579 2555 ²
600 2533 644 2564 Id.
662 2544 708 2573 w,
733 2541 782 2563 1’)..
801 2549 840 2555 —-
860 2530 872 2555 3
892 2535 981 2564 Rom.
1007 2544 1065 2572 xix,
1088 2531 1137 2563 18.
1156 2549 1196 2555 -
1217 2531 1232 2562 4
1252 2533 1364 2564 ’2Τί111.
1392 2544 1425 2574 11,
1452 2544 1561 2574 19.—

175 2588 303 2620 1'·Jn‹tic.
324 2599 369 2624 xr,
387 2600 439 2630 25).
