<?xml version="1.0" encoding="UTF-8"?>
<!DOCTYPE html PUBLIC "-//W3C//DTD XHTML 1.0 Transitional//EN"
    "http://www.w3.org/TR/xhtml1/DTD/xhtml1-transitional.dtd">
<html xmlns="http://www.w3.org/1999/xhtml" xml:lang="en" lang="en">
 <head>
  <title>
</title>
<meta http-equiv="Content-Type" content="text/html;charset=utf-8" />
  <meta name='ocr-system' content='tesseract 3.04.00' />
  <meta name='ocr-capabilities' content='ocr_page ocr_carea ocr_par ocr_line ocrx_word'/>
</head>
<body>
  <div class='ocr_page' id='page_1' title='image "./operaomniaaccura06auguuoft_0545.png"; bbox 0 0 1872 3267; ppageno 0'>
   <div class='ocr_carea' id='block_1_1' title="bbox 357 262 1415 312">
    <p class='ocr_par' dir='ltr' id='par_1_1' title="bbox 357 262 1415 312">
     <span class='ocr_line' id='line_1_1' title="bbox 357 262 1415 312; baseline 0 -12"><span class='ocrx_word' id='word_1_1' title='bbox 357 274 622 310; x_wconf 70' lang='lat' dir='ltr'>QUAEsTmNEs</span> <span class='ocrx_word' id='word_1_2' title='bbox 654 275 699 301; x_wconf 80' lang='grc' dir='ltr'>ῙΝ</span> <span class='ocrx_word' id='word_1_3' title='bbox 730 271 882 312; x_wconf 75' lang='lat' dir='ltr'>JOSL‘E,</span> <span class='ocrx_word' id='word_1_4' title='bbox 919 276 1000 302; x_wconf 70' lang='lat' dir='ltr'>Lm.</span> <span class='ocrx_word' id='word_1_5' title='bbox 1037 276 1096 302; x_wconf 83' lang='lat' dir='ltr'>vl.</span> <span class='ocrx_word' id='word_1_6' title='bbox 1332 262 1415 301; x_wconf 85' lang='lat'>539</span> 
     </span>
    </p>
   </div>
   <div class='ocr_carea' id='block_1_2' title="bbox 0 338 1422 2530">
    <p class='ocr_par' dir='ltr' id='par_1_2' title="bbox 0 338 1422 2530">
     <span class='ocr_line' id='line_1_2' title="bbox 34 338 1415 399; baseline 0.001 -17"><span class='ocrx_word' id='word_1_7' title='bbox 34 351 232 399; x_wconf 88' lang='lat' dir='ltr'>poenam,</span> <span class='ocrx_word' id='word_1_8' title='bbox 264 355 363 399; x_wconf 83' lang='lat' dir='ltr'>quae</span> <span class='ocrx_word' id='word_1_9' title='bbox 390 339 523 383; x_wconf 87' lang='lat' dir='ltr'>finem</span> <span class='ocrx_word' id='word_1_10' title='bbox 557 338 732 384; x_wconf 89' lang='lat' dir='ltr'>fuerant</span> <span class='ocrx_word' id='word_1_11' title='bbox 766 339 1003 395; x_wconf 82' lang='lat' dir='ltr'>habiturae,</span> <span class='ocrx_word' id='word_1_12' title='bbox 1041 340 1206 384; x_wconf 89' lang='lat' dir='ltr'>etiamsi</span> <span class='ocrx_word' id='word_1_13' title='bbox 1241 355 1330 384; x_wconf 91' lang='lat' dir='ltr'>non</span> <span class='ocrx_word' id='word_1_14' title='bbox 1364 354 1415 384; x_wconf 91' lang='lat' dir='ltr'>eo</span> 
     </span>
     <span class='ocr_line' id='line_1_3' title="bbox 33 408 1415 471; baseline 0.001 -17"><span class='ocrx_word' id='word_1_15' title='bbox 33 408 165 454; x_wconf 92' lang='lat' dir='ltr'>modo</span> <span class='ocrx_word' id='word_1_16' title='bbox 186 410 431 454; x_wconf 88' lang='lat' dir='ltr'>finirentur.</span> <span class='ocrx_word' id='word_1_17' title='bbox 456 410 591 455; x_wconf 90' lang='lat' dir='ltr'>Simul</span> <span class='ocrx_word' id='word_1_18' title='bbox 618 411 745 454; x_wconf 87' lang='lat' dir='ltr'>etiam</span> <span class='ocrx_word' id='word_1_19' title='bbox 779 411 1042 466; x_wconf 68' lang='lat' dir='ltr'>ostenditur,</span> <span class='ocrx_word' id='word_1_20' title='bbox 1063 420 1278 471; x_wconf 85' lang='lat' dir='ltr'>quantum</span> <span class='ocrx_word' id='word_1_21' title='bbox 1308 426 1415 455; x_wconf 84' lang='lat' dir='ltr'>con-</span> 
     </span>
     <span class='ocr_line' id='line_1_4' title="bbox 33 480 1416 540; baseline 0 -16"><span class='ocrx_word' id='word_1_22' title='bbox 33 495 141 524; x_wconf 85' lang='lat' dir='ltr'>nexa</span> <span class='ocrx_word' id='word_1_23' title='bbox 170 480 225 523; x_wconf 85' lang='lat' dir='ltr'>sit</span> <span class='ocrx_word' id='word_1_24' title='bbox 258 481 303 524; x_wconf 90' lang='lat' dir='ltr'>in</span> <span class='ocrx_word' id='word_1_25' title='bbox 335 480 486 540; x_wconf 88' lang='lat' dir='ltr'>populi</span> <span class='ocrx_word' id='word_1_26' title='bbox 521 481 722 525; x_wconf 83' lang='lat' dir='ltr'>societate</span> <span class='ocrx_word' id='word_1_27' title='bbox 756 482 846 540; x_wconf 84' lang='lat' dir='ltr'>ipsa</span> <span class='ocrx_word' id='word_1_28' title='bbox 869 483 1139 537; x_wconf 83' lang='lat' dir='ltr'>universitas,</span> <span class='ocrx_word' id='word_1_29' title='bbox 1165 491 1216 525; x_wconf 92' lang='lat' dir='ltr'>ut</span> <span class='ocrx_word' id='word_1_30' title='bbox 1244 497 1333 525; x_wconf 90' lang='lat' dir='ltr'>non</span> <span class='ocrx_word' id='word_1_31' title='bbox 1370 481 1416 525; x_wconf 90' lang='lat' dir='ltr'>in</span> 
     </span>
     <span class='ocr_line' id='line_1_5' title="bbox 33 550 1415 613; baseline 0.001 -19"><span class='ocrx_word' id='word_1_32' title='bbox 33 566 77 595; x_wconf 91' lang='lat' dir='ltr'>se</span> <span class='ocrx_word' id='word_1_33' title='bbox 95 551 196 610; x_wconf 88' lang='lat' dir='ltr'>ipsis</span> <span class='ocrx_word' id='word_1_34' title='bbox 214 550 395 610; x_wconf 77' lang='lat' dir='ltr'>singuli,</span> <span class='ocrx_word' id='word_1_35' title='bbox 421 551 495 595; x_wconf 89' lang='lat' dir='ltr'>sed</span> <span class='ocrx_word' id='word_1_36' title='bbox 521 560 564 595; x_wconf 85' lang='lat' dir='ltr'>et</span> <span class='ocrx_word' id='word_1_37' title='bbox 587 561 796 613; x_wconf 81' lang='lat' dir='ltr'>tanquam</span> <span class='ocrx_word' id='word_1_38' title='bbox 818 562 960 612; x_wconf 80' lang='lat' dir='ltr'>partes</span> <span class='ocrx_word' id='word_1_39' title='bbox 981 553 1025 596; x_wconf 89' lang='lat' dir='ltr'>in</span> <span class='ocrx_word' id='word_1_40' title='bbox 1054 561 1144 597; x_wconf 89' lang='lat' dir='ltr'>toto</span> <span class='ocrx_word' id='word_1_41' title='bbox 1167 552 1415 596; x_wconf 80' lang='lat' dir='ltr'>existimen-</span> 
     </span>
     <span class='ocr_line' id='line_1_6' title="bbox 32 622 1416 683; baseline 0.001 -17"><span class='ocrx_word' id='word_1_42' title='bbox 32 631 119 666; x_wconf 85' lang='lat' dir='ltr'>tur.</span> <span class='ocrx_word' id='word_1_43' title='bbox 158 626 239 667; x_wconf 89' lang='lat' dir='ltr'>Per</span> <span class='ocrx_word' id='word_1_44' title='bbox 273 623 402 666; x_wconf 89' lang='lat' dir='ltr'>unius</span> <span class='ocrx_word' id='word_1_45' title='bbox 433 622 565 680; x_wconf 82' lang='lat' dir='ltr'>igitur</span> <span class='ocrx_word' id='word_1_46' title='bbox 598 632 826 683; x_wconf 80' lang='lat' dir='ltr'>peceatum</span> <span class='ocrx_word' id='word_1_47' title='bbox 865 632 1140 683; x_wconf 88' lang='lat' dir='ltr'>mortemque</span> <span class='ocrx_word' id='word_1_48' title='bbox 1176 638 1416 683; x_wconf 86' lang='lat' dir='ltr'>paucorum</span> 
     </span>
     <span class='ocr_line' id='line_1_7' title="bbox 33 692 1417 755; baseline 0.001 -19"><span class='ocrx_word' id='word_1_49' title='bbox 33 692 280 737; x_wconf 87' lang='lat' dir='ltr'>admonitus</span> <span class='ocrx_word' id='word_1_50' title='bbox 312 703 375 737; x_wconf 90' lang='lat' dir='ltr'>est</span> <span class='ocrx_word' id='word_1_51' title='bbox 406 693 595 753; x_wconf 88' lang='lat' dir='ltr'>populus</span> <span class='ocrx_word' id='word_1_52' title='bbox 630 695 878 749; x_wconf 89' lang='lat' dir='ltr'>universus,</span> <span class='ocrx_word' id='word_1_53' title='bbox 913 704 1121 755; x_wconf 80' lang='lat' dir='ltr'>tanquam</span> <span class='ocrx_word' id='word_1_54' title='bbox 1157 695 1202 738; x_wconf 90' lang='lat' dir='ltr'>in</span> <span class='ocrx_word' id='word_1_55' title='bbox 1236 709 1417 754; x_wconf 86' lang='lat' dir='ltr'>corpore</span> 
     </span>
     <span class='ocr_line' id='line_1_8' title="bbox 31 764 1418 825; baseline 0.001 -18"><span class='ocrx_word' id='word_1_56' title='bbox 31 764 234 808; x_wconf 89' lang='lat' dir='ltr'>universo</span> <span class='ocrx_word' id='word_1_57' title='bbox 256 780 451 825; x_wconf 82' lang='lat' dir='ltr'>quaerere</span> <span class='ocrx_word' id='word_1_58' title='bbox 473 764 592 824; x_wconf 88' lang='lat' dir='ltr'>quod</span> <span class='ocrx_word' id='word_1_59' title='bbox 616 765 850 809; x_wconf 89' lang='lat' dir='ltr'>admissum</span> <span class='ocrx_word' id='word_1_60' title='bbox 875 774 952 809; x_wconf 86' lang='lat' dir='ltr'>est.</span> <span class='ocrx_word' id='word_1_61' title='bbox 977 764 1114 810; x_wconf 90' lang='lat' dir='ltr'>Simul</span> <span class='ocrx_word' id='word_1_62' title='bbox 1136 765 1264 809; x_wconf 86' lang='lat' dir='ltr'>etiam</span> <span class='ocrx_word' id='word_1_63' title='bbox 1284 765 1418 824; x_wconf 80' lang='lat' dir='ltr'>signi-</span> 
     </span>
     <span class='ocr_line' id='line_1_9' title="bbox 0 835 1418 895; baseline 0.001 -17"><span class='ocrx_word' id='word_1_64' title='bbox 0 847 1 861; x_wconf 64' lang='lat'><em>*</em></span> <span class='ocrx_word' id='word_1_65' title='bbox 32 835 208 879; x_wconf 82' lang='lat' dir='ltr'>ficatum</span> <span class='ocrx_word' id='word_1_66' title='bbox 230 845 293 879; x_wconf 89' lang='lat' dir='ltr'>est</span> <span class='ocrx_word' id='word_1_67' title='bbox 314 845 528 895; x_wconf 82' lang='lat' dir='ltr'>quantum</span> <span class='ocrx_word' id='word_1_68' title='bbox 557 836 657 879; x_wconf 85' lang='lat' dir='ltr'>mali</span> <span class='ocrx_word' id='word_1_69' title='bbox 680 837 816 891; x_wconf 84' lang='lat' dir='ltr'>fieret,</span> <span class='ocrx_word' id='word_1_70' title='bbox 842 837 875 880; x_wconf 91' lang='lat' dir='ltr'>si</span> <span class='ocrx_word' id='word_1_71' title='bbox 905 836 1104 880; x_wconf 86' lang='lat' dir='ltr'>universa</span> <span class='ocrx_word' id='word_1_72' title='bbox 1132 835 1206 880; x_wconf 87' lang='lat' dir='ltr'>illa</span> <span class='ocrx_word' id='word_1_73' title='bbox 1233 851 1418 894; x_wconf 82' lang='lat' dir='ltr'>congre-</span> 
     </span>
     <span class='ocr_line' id='line_1_10' title="bbox 33 906 1417 968; baseline 0 -17"><span class='ocrx_word' id='word_1_74' title='bbox 33 907 146 965; x_wconf 86' lang='lat' dir='ltr'>gatio</span> <span class='ocrx_word' id='word_1_75' title='bbox 172 917 410 967; x_wconf 81' lang='lat' dir='ltr'>peccasset,</span> <span class='ocrx_word' id='word_1_76' title='bbox 437 907 615 967; x_wconf 82' lang='lat' dir='ltr'>quando</span> <span class='ocrx_word' id='word_1_77' title='bbox 644 924 698 951; x_wconf 89' lang='lat' dir='ltr'>ne</span> <span class='ocrx_word' id='word_1_78' title='bbox 720 924 833 952; x_wconf 90' lang='lat' dir='ltr'>unus</span> <span class='ocrx_word' id='word_1_79' title='bbox 856 908 1031 968; x_wconf 88' lang='lat' dir='ltr'>quidem</span> <span class='ocrx_word' id='word_1_80' title='bbox 1057 908 1116 952; x_wconf 87' lang='lat' dir='ltr'>ita</span> <span class='ocrx_word' id='word_1_81' title='bbox 1137 908 1280 968; x_wconf 91' lang='lat' dir='ltr'>potuit</span> <span class='ocrx_word' id='word_1_82' title='bbox 1295 906 1417 967; x_wconf 80' lang='lat' dir='ltr'>judi—</span> 
     </span>
     <span class='ocr_line' id='line_1_11' title="bbox 33 978 1419 1038; baseline -0.001 -16"><span class='ocrx_word' id='word_1_83' title='bbox 33 978 143 1033; x_wconf 86' lang='lat' dir='ltr'>cari,</span> <span class='ocrx_word' id='word_1_84' title='bbox 165 987 213 1022; x_wconf 88' lang='lat' dir='ltr'>ut</span> <span class='ocrx_word' id='word_1_85' title='bbox 232 979 287 1022; x_wconf 88' lang='lat' dir='ltr'>ab</span> <span class='ocrx_word' id='word_1_86' title='bbox 308 994 360 1023; x_wconf 92' lang='lat' dir='ltr'>eo</span> <span class='ocrx_word' id='word_1_87' title='bbox 374 988 550 1038; x_wconf 75' lang='lat' dir='ltr'>possent</span> <span class='ocrx_word' id='word_1_88' title='bbox 567 979 712 1023; x_wconf 85' lang='lat' dir='ltr'>caeteri</span> <span class='ocrx_word' id='word_1_89' title='bbox 734 994 823 1023; x_wconf 84' lang='lat' dir='ltr'>esse</span> <span class='ocrx_word' id='word_1_90' title='bbox 847 980 1001 1023; x_wconf 89' lang='lat' dir='ltr'>securi.</span> <span class='ocrx_word' id='word_1_91' title='bbox 1021 982 1078 1023; x_wconf 87' lang='lat' dir='ltr'>At</span> <span class='ocrx_word' id='word_1_92' title='bbox 1097 994 1200 1022; x_wconf 87' lang='lat' dir='ltr'>vero</span> <span class='ocrx_word' id='word_1_93' title='bbox 1226 979 1259 1022; x_wconf 91' lang='lat' dir='ltr'>si</span> <span class='ocrx_word' id='word_1_94' title='bbox 1275 979 1419 1022; x_wconf 87' lang='lat' dir='ltr'>Achar</span> 
     </span>
     <span class='ocr_line' id='line_1_12' title="bbox 31 1048 1418 1110; baseline 0.001 -19"><span class='ocrx_word' id='word_1_95' title='bbox 31 1048 87 1092; x_wconf 85' lang='lat' dir='ltr'>ab</span> <span class='ocrx_word' id='word_1_96' title='bbox 106 1048 253 1109; x_wconf 88' lang='lat' dir='ltr'>aliquo</span> <span class='ocrx_word' id='word_1_97' title='bbox 275 1049 477 1093; x_wconf 89' lang='lat' dir='ltr'>inventus</span> <span class='ocrx_word' id='word_1_98' title='bbox 495 1059 626 1110; x_wconf 89' lang='lat' dir='ltr'>atque</span> <span class='ocrx_word' id='word_1_99' title='bbox 643 1051 1002 1109; x_wconf 90' lang='lat' dir='ltr'>comprehensus,</span> <span class='ocrx_word' id='word_1_100' title='bbox 1029 1058 1072 1093; x_wconf 88' lang='lat' dir='ltr'>et</span> <span class='ocrx_word' id='word_1_101' title='bbox 1089 1048 1204 1093; x_wconf 89' lang='lat' dir='ltr'>illius</span> <span class='ocrx_word' id='word_1_102' title='bbox 1227 1048 1418 1093; x_wconf 88' lang='lat' dir='ltr'>criminis</span> 
     </span>
     <span class='ocr_line' id='line_1_13' title="bbox 31 1120 1418 1181; baseline -0.001 -17"><span class='ocrx_word' id='word_1_103' title='bbox 31 1135 130 1164; x_wconf 88' lang='lat' dir='ltr'>reus</span> <span class='ocrx_word' id='word_1_104' title='bbox 152 1121 205 1163; x_wconf 88' lang='lat' dir='ltr'>ad</span> <span class='ocrx_word' id='word_1_105' title='bbox 223 1120 439 1180; x_wconf 85' lang='lat' dir='ltr'>judicium</span> <span class='ocrx_word' id='word_1_106' title='bbox 468 1123 570 1164; x_wconf 88' lang='lat' dir='ltr'>Jesu</span> <span class='ocrx_word' id='word_1_107' title='bbox 594 1120 744 1164; x_wconf 87' lang='lat' dir='ltr'>fuisset</span> <span class='ocrx_word' id='word_1_108' title='bbox 767 1120 1000 1176; x_wconf 81' lang='lat' dir='ltr'>adductus,</span> <span class='ocrx_word' id='word_1_109' title='bbox 1025 1135 1303 1181; x_wconf 83' lang='lat' dir='ltr'>nequaquam</span> <span class='ocrx_word' id='word_1_110' title='bbox 1332 1135 1418 1179; x_wconf 88' lang='lat' dir='ltr'>pu-</span> 
     </span>
     <span class='ocr_line' id='line_1_14' title="bbox 31 1190 1418 1252; baseline 0 -17"><span class='ocrx_word' id='word_1_111' title='bbox 31 1190 216 1252; x_wconf 82' lang='lat' dir='ltr'>tandum</span> <span class='ocrx_word' id='word_1_112' title='bbox 239 1200 303 1235; x_wconf 88' lang='lat' dir='ltr'>est</span> <span class='ocrx_word' id='word_1_113' title='bbox 332 1191 556 1235; x_wconf 90' lang='lat' dir='ltr'>hominem</span> <span class='ocrx_word' id='word_1_114' title='bbox 571 1190 766 1251; x_wconf 87' lang='lat' dir='ltr'>judicem</span> <span class='ocrx_word' id='word_1_115' title='bbox 797 1191 866 1236; x_wconf 87' lang='lat' dir='ltr'>vel</span> <span class='ocrx_word' id='word_1_116' title='bbox 891 1207 970 1251; x_wconf 90' lang='lat' dir='ltr'>pro</span> <span class='ocrx_word' id='word_1_117' title='bbox 1004 1191 1080 1236; x_wconf 92' lang='lat' dir='ltr'>illo</span> <span class='ocrx_word' id='word_1_118' title='bbox 1112 1190 1183 1236; x_wconf 86' lang='lat' dir='ltr'>vel</span> <span class='ocrx_word' id='word_1_119' title='bbox 1211 1206 1311 1236; x_wconf 92' lang='lat' dir='ltr'>cum</span> <span class='ocrx_word' id='word_1_120' title='bbox 1342 1190 1418 1235; x_wconf 90' lang='lat' dir='ltr'>illo</span> 
     </span>
     <span class='ocr_line' id='line_1_15' title="bbox 31 1262 1418 1323; baseline -0.001 -18"><span class='ocrx_word' id='word_1_121' title='bbox 31 1277 300 1323; x_wconf 88' lang='lat' dir='ltr'>quemquam</span> <span class='ocrx_word' id='word_1_122' title='bbox 329 1262 486 1317; x_wconf 83' lang='lat' dir='ltr'>alium,</span> <span class='ocrx_word' id='word_1_123' title='bbox 511 1263 586 1323; x_wconf 90' lang='lat' dir='ltr'>qui</span> <span class='ocrx_word' id='word_1_124' title='bbox 608 1262 812 1307; x_wconf 89' lang='lat' dir='ltr'>societate</span> <span class='ocrx_word' id='word_1_125' title='bbox 841 1263 946 1307; x_wconf 86' lang='lat' dir='ltr'>facti</span> <span class='ocrx_word' id='word_1_126' title='bbox 969 1264 1059 1323; x_wconf 83' lang='lat' dir='ltr'>ejus</span> <span class='ocrx_word' id='word_1_127' title='bbox 1093 1262 1270 1306; x_wconf 91' lang='lat' dir='ltr'>minime</span> <span class='ocrx_word' id='word_1_128' title='bbox 1294 1271 1418 1305; x_wconf 89' lang='lat' dir='ltr'>tene-</span> 
     </span>
     <span class='ocr_line' id='line_1_16' title="bbox 31 1332 1419 1395; baseline -0.001 -17"><span class='ocrx_word' id='word_1_129' title='bbox 31 1342 173 1388; x_wconf 83' lang='lat' dir='ltr'>retur,</span> <span class='ocrx_word' id='word_1_130' title='bbox 199 1332 330 1377; x_wconf 85' lang='lat' dir='ltr'>fuisse</span> <span class='ocrx_word' id='word_1_131' title='bbox 353 1334 626 1393; x_wconf 81' lang='lat' dir='ltr'>puniturum.</span> <span class='ocrx_word' id='word_1_132' title='bbox 648 1337 799 1395; x_wconf 87' lang='lat' dir='ltr'>Neque</span> <span class='ocrx_word' id='word_1_133' title='bbox 823 1335 938 1378; x_wconf 88' lang='lat' dir='ltr'>enim</span> <span class='ocrx_word' id='word_1_134' title='bbox 961 1335 1000 1378; x_wconf 90' lang='lat' dir='ltr'>ei</span> <span class='ocrx_word' id='word_1_135' title='bbox 1021 1333 1277 1378; x_wconf 82' lang='lat' dir='ltr'>mandatum</span> <span class='ocrx_word' id='word_1_136' title='bbox 1295 1333 1419 1391; x_wconf 79' lang='lat' dir='ltr'>Legis</span> 
     </span>
     <span class='ocr_line' id='line_1_17' title="bbox 30 1404 1419 1465; baseline -0.002 -15"><span class='ocrx_word' id='word_1_137' title='bbox 30 1404 190 1450; x_wconf 86' lang='lat' dir='ltr'>licebat</span> <span class='ocrx_word' id='word_1_138' title='bbox 211 1405 438 1460; x_wconf 80' lang='lat' dir='ltr'>excedere,</span> <span class='ocrx_word' id='word_1_139' title='bbox 464 1405 585 1465; x_wconf 89' lang='lat' dir='ltr'>quod</span> <span class='ocrx_word' id='word_1_140' title='bbox 607 1405 759 1449; x_wconf 82' lang='lat' dir='ltr'>datum</span> <span class='ocrx_word' id='word_1_141' title='bbox 787 1415 850 1450; x_wconf 87' lang='lat' dir='ltr'>est</span> <span class='ocrx_word' id='word_1_142' title='bbox 875 1405 1149 1461; x_wconf 87' lang='lat' dir='ltr'>hominibus,</span> <span class='ocrx_word' id='word_1_143' title='bbox 1178 1421 1233 1448; x_wconf 93' lang='lat' dir='ltr'>ne</span> <span class='ocrx_word' id='word_1_144' title='bbox 1251 1404 1419 1465; x_wconf 83' lang='lat' dir='ltr'>judicio</span> 
     </span>
     <span class='ocr_line' id='line_1_18' title="bbox 32 1474 1419 1536; baseline -0.002 -16"><span class='ocrx_word' id='word_1_145' title='bbox 32 1491 132 1530; x_wconf 88' lang='lat' dir='ltr'>suo,</span> <span class='ocrx_word' id='word_1_146' title='bbox 161 1474 282 1534; x_wconf 89' lang='lat' dir='ltr'>quod</span> <span class='ocrx_word' id='word_1_147' title='bbox 313 1475 358 1518; x_wconf 88' lang='lat' dir='ltr'>in</span> <span class='ocrx_word' id='word_1_148' title='bbox 392 1476 614 1519; x_wconf 90' lang='lat' dir='ltr'>hominem</span> <span class='ocrx_word' id='word_1_149' title='bbox 644 1476 811 1519; x_wconf 89' lang='lat' dir='ltr'>homini</span> <span class='ocrx_word' id='word_1_150' title='bbox 839 1477 1009 1536; x_wconf 88' lang='lat' dir='ltr'>jussum</span> <span class='ocrx_word' id='word_1_151' title='bbox 1042 1475 1129 1519; x_wconf 88' lang='lat' dir='ltr'>sive</span> <span class='ocrx_word' id='word_1_152' title='bbox 1162 1474 1419 1534; x_wconf 58' lang='lat' dir='ltr'>&#39;permissum</span> 
     </span>
     <span class='ocr_line' id='line_1_19' title="bbox 31 1544 1419 1604; baseline -0.002 -14"><span class='ocrx_word' id='word_1_153' title='bbox 31 1555 115 1600; x_wconf 89' lang='lat' dir='ltr'>est,</span> <span class='ocrx_word' id='word_1_154' title='bbox 142 1545 326 1589; x_wconf 80' lang='lat' dir='ltr'>alterum</span> <span class='ocrx_word' id='word_1_155' title='bbox 350 1561 428 1604; x_wconf 90' lang='lat' dir='ltr'>pro</span> <span class='ocrx_word' id='word_1_156' title='bbox 452 1544 626 1589; x_wconf 84' lang='lat' dir='ltr'>alterius</span> <span class='ocrx_word' id='word_1_157' title='bbox 654 1555 832 1604; x_wconf 84' lang='lat' dir='ltr'>peccato</span> <span class='ocrx_word' id='word_1_158' title='bbox 855 1546 1089 1589; x_wconf 85' lang='lat' dir='ltr'>arbitretur</span> <span class='ocrx_word' id='word_1_159' title='bbox 1111 1561 1199 1589; x_wconf 89' lang='lat' dir='ltr'>esse</span> <span class='ocrx_word' id='word_1_160' title='bbox 1221 1544 1419 1604; x_wconf 88' lang='lat' dir='ltr'>plecten-</span> 
     </span>
     <span class='ocr_line' id='line_1_20' title="bbox 31 1616 1420 1677; baseline -0.002 -16"><span class='ocrx_word' id='word_1_161' title='bbox 31 1616 154 1661; x_wconf 88' lang='lat' dir='ltr'>dum.</span> <span class='ocrx_word' id='word_1_162' title='bbox 180 1620 329 1673; x_wconf 82' lang='lat' dir='ltr'>Longe</span> <span class='ocrx_word' id='word_1_163' title='bbox 356 1625 502 1659; x_wconf 83' lang='lat' dir='ltr'>autem</span> <span class='ocrx_word' id='word_1_164' title='bbox 524 1617 754 1660; x_wconf 84' lang='lat' dir='ltr'>secretiore</span> <span class='ocrx_word' id='word_1_165' title='bbox 782 1617 949 1677; x_wconf 85' lang='lat' dir='ltr'>justitia</span> <span class='ocrx_word' id='word_1_166' title='bbox 979 1616 1147 1676; x_wconf 82' lang='lat' dir='ltr'>judicat</span> <span class='ocrx_word' id='word_1_167' title='bbox 1181 1619 1316 1670; x_wconf 88' lang='lat' dir='ltr'>Deus,</span> <span class='ocrx_word' id='word_1_168' title='bbox 1342 1616 1420 1676; x_wconf 89' lang='lat' dir='ltr'>qui</span> 
     </span>
     <span class='ocr_line' id='line_1_21' title="bbox 30 1686 1421 1747; baseline -0.001 -17"><span class='ocrx_word' id='word_1_169' title='bbox 30 1696 186 1747; x_wconf 89' lang='lat' dir='ltr'>potens</span> <span class='ocrx_word' id='word_1_170' title='bbox 210 1695 276 1730; x_wconf 80' lang='lat' dir='ltr'>est</span> <span class='ocrx_word' id='word_1_171' title='bbox 291 1686 421 1729; x_wconf 87' lang='lat' dir='ltr'>etiam</span> <span class='ocrx_word' id='word_1_172' title='bbox 443 1695 540 1745; x_wconf 89' lang='lat' dir='ltr'>post</span> <span class='ocrx_word' id='word_1_173' title='bbox 561 1696 762 1741; x_wconf 83' lang='lat' dir='ltr'>mortem,</span> <span class='ocrx_word' id='word_1_174' title='bbox 785 1687 905 1747; x_wconf 87' lang='lat' dir='ltr'>quod</span> <span class='ocrx_word' id='word_1_175' title='bbox 928 1688 1061 1731; x_wconf 89' lang='lat' dir='ltr'>homo</span> <span class='ocrx_word' id='word_1_176' title='bbox 1084 1703 1173 1731; x_wconf 90' lang='lat' dir='ltr'>non</span> <span class='ocrx_word' id='word_1_177' title='bbox 1191 1695 1334 1746; x_wconf 86' lang='lat' dir='ltr'>potest</span> <span class='ocrx_word' id='word_1_178' title='bbox 1352 1686 1421 1730; x_wconf 83' lang='lat' dir='ltr'>vel</span> 
     </span>
     <span class='ocr_line' id='line_1_22' title="bbox 30 1756 1421 1816; baseline -0.001 -15"><span class='ocrx_word' id='word_1_179' title='bbox 30 1756 214 1801; x_wconf 83' lang='lat' dir='ltr'>liberare</span> <span class='ocrx_word' id='word_1_180' title='bbox 230 1756 299 1801; x_wconf 87' lang='lat' dir='ltr'>vel</span> <span class='ocrx_word' id='word_1_181' title='bbox 318 1756 513 1816; x_wconf 88' lang='lat' dir='ltr'>perdere.</span> <span class='ocrx_word' id='word_1_182' title='bbox 540 1757 741 1801; x_wconf 87' lang='lat' dir='ltr'>Visibiles</span> <span class='ocrx_word' id='word_1_183' title='bbox 762 1757 894 1816; x_wconf 75' lang='lat' dir='ltr'>igitur</span> <span class='ocrx_word' id='word_1_184' title='bbox 916 1757 1171 1801; x_wconf 87' lang='lat' dir='ltr'>afflictiones</span> <span class='ocrx_word' id='word_1_185' title='bbox 1190 1756 1421 1801; x_wconf 88' lang='lat' dir='ltr'>hominum</span> 
     </span>
     <span class='ocr_line' id='line_1_23' title="bbox 31 1828 1421 1889; baseline -0.001 -15"><span class='ocrx_word' id='word_1_186' title='bbox 31 1829 120 1874; x_wconf 88' lang='lat' dir='ltr'>sive</span> <span class='ocrx_word' id='word_1_187' title='bbox 147 1837 328 1883; x_wconf 88' lang='lat' dir='ltr'>mortes,</span> <span class='ocrx_word' id='word_1_188' title='bbox 362 1828 571 1889; x_wconf 87' lang='lat' dir='ltr'>quoniam</span> <span class='ocrx_word' id='word_1_189' title='bbox 602 1829 667 1872; x_wconf 88' lang='lat' dir='ltr'>his</span> <span class='ocrx_word' id='word_1_190' title='bbox 699 1829 860 1889; x_wconf 87' lang='lat' dir='ltr'>quibus</span> <span class='ocrx_word' id='word_1_191' title='bbox 892 1830 1174 1888; x_wconf 79' lang='lat' dir='ltr'>ingeruntur,</span> <span class='ocrx_word' id='word_1_192' title='bbox 1200 1839 1244 1873; x_wconf 89' lang='lat' dir='ltr'>et</span> <span class='ocrx_word' id='word_1_193' title='bbox 1271 1829 1421 1873; x_wconf 82' lang='lat' dir='ltr'>obesse</span> 
     </span>
     <span class='ocr_line' id='line_1_24' title="bbox 33 1898 1421 1960; baseline -0.001 -16"><span class='ocrx_word' id='word_1_194' title='bbox 33 1909 75 1944; x_wconf 89' lang='lat' dir='ltr'>et</span> <span class='ocrx_word' id='word_1_195' title='bbox 91 1898 293 1960; x_wconf 89' lang='lat' dir='ltr'>prodesse</span> <span class='ocrx_word' id='word_1_196' title='bbox 315 1908 519 1958; x_wconf 86' lang='lat' dir='ltr'>possunt,</span> <span class='ocrx_word' id='word_1_197' title='bbox 540 1899 661 1943; x_wconf 89' lang='lat' dir='ltr'>novit</span> <span class='ocrx_word' id='word_1_198' title='bbox 682 1900 893 1944; x_wconf 84' lang='lat' dir='ltr'>Dominus</span> <span class='ocrx_word' id='word_1_199' title='bbox 916 1901 961 1943; x_wconf 88' lang='lat' dir='ltr'>in</span> <span class='ocrx_word' id='word_1_200' title='bbox 991 1900 1162 1944; x_wconf 83' lang='lat' dir='ltr'>occulto</span> <span class='ocrx_word' id='word_1_201' title='bbox 1185 1898 1421 1959; x_wconf 71' lang='lat' dir='ltr'>providen-</span> 
     </span>
     <span class='ocr_line' id='line_1_25' title="bbox 33 1969 1422 2033; baseline -0.001 -18"><span class='ocrx_word' id='word_1_202' title='bbox 33 1971 104 2015; x_wconf 81' lang='lat' dir='ltr'>tiae</span> <span class='ocrx_word' id='word_1_203' title='bbox 125 1987 215 2016; x_wconf 66' lang='lat' dir='ltr'>suae</span> <span class='ocrx_word' id='word_1_204' title='bbox 239 1969 613 2031; x_wconf 87' lang='lat' dir='ltr'>quemadmodum</span> <span class='ocrx_word' id='word_1_205' title='bbox 631 1972 745 2031; x_wconf 85' lang='lat' dir='ltr'>juste</span> <span class='ocrx_word' id='word_1_206' title='bbox 767 1970 1015 2033; x_wconf 84' lang='lat' dir='ltr'>quibusque</span> <span class='ocrx_word' id='word_1_207' title='bbox 1037 1970 1270 2030; x_wconf 85' lang='lat' dir='ltr'>dispenset,</span> <span class='ocrx_word' id='word_1_208' title='bbox 1291 1970 1422 2014; x_wconf 84' lang='lat' dir='ltr'>etiam</span> 
     </span>
     <span class='ocr_line' id='line_1_26' title="bbox 34 2040 1421 2100; baseline -0.001 -13"><span class='ocrx_word' id='word_1_209' title='bbox 34 2058 134 2087; x_wconf 89' lang='lat' dir='ltr'>cum</span> <span class='ocrx_word' id='word_1_210' title='bbox 156 2041 342 2086; x_wconf 89' lang='lat' dir='ltr'>aliorum</span> <span class='ocrx_word' id='word_1_211' title='bbox 363 2049 539 2100; x_wconf 85' lang='lat' dir='ltr'>peccata</span> <span class='ocrx_word' id='word_1_212' title='bbox 570 2042 615 2084; x_wconf 89' lang='lat' dir='ltr'>in</span> <span class='ocrx_word' id='word_1_213' title='bbox 643 2041 735 2085; x_wconf 91' lang='lat' dir='ltr'>aliis</span> <span class='ocrx_word' id='word_1_214' title='bbox 755 2041 928 2085; x_wconf 82' lang='lat' dir='ltr'>videtur</span> <span class='ocrx_word' id='word_1_215' title='bbox 952 2040 1117 2085; x_wconf 88' lang='lat' dir='ltr'>ulcisci.</span> <span class='ocrx_word' id='word_1_216' title='bbox 1141 2045 1296 2085; x_wconf 85' lang='lat' dir='ltr'>Poenas</span> <span class='ocrx_word' id='word_1_217' title='bbox 1317 2056 1421 2085; x_wconf 90' lang='lat' dir='ltr'>vero</span> 
     </span>
     <span class='ocr_line' id='line_1_27' title="bbox 33 2111 1418 2172; baseline -0.001 -15"><span class='ocrx_word' id='word_1_218' title='bbox 33 2112 292 2168; x_wconf 79' lang='lat' dir='ltr'>invisibiles,</span> <span class='ocrx_word' id='word_1_219' title='bbox 318 2128 416 2172; x_wconf 77' lang='lat' dir='ltr'>quae</span> <span class='ocrx_word' id='word_1_220' title='bbox 439 2112 612 2156; x_wconf 89' lang='lat' dir='ltr'>nonnisi</span> <span class='ocrx_word' id='word_1_221' title='bbox 630 2122 805 2167; x_wconf 75' lang='lat' dir='ltr'>nocent,</span> <span class='ocrx_word' id='word_1_222' title='bbox 827 2122 870 2156; x_wconf 85' lang='lat' dir='ltr'>et</span> <span class='ocrx_word' id='word_1_223' title='bbox 887 2111 1091 2172; x_wconf 86' lang='lat' dir='ltr'>prodesse</span> <span class='ocrx_word' id='word_1_224' title='bbox 1108 2128 1197 2157; x_wconf 91' lang='lat' dir='ltr'>non</span> <span class='ocrx_word' id='word_1_225' title='bbox 1220 2120 1418 2172; x_wconf 90' lang='lat' dir='ltr'>possunt,</span> 
     </span>
     <span class='ocr_line' id='line_1_28' title="bbox 34 2182 1421 2244; baseline -0.001 -16"><span class='ocrx_word' id='word_1_226' title='bbox 34 2183 92 2228; x_wconf 87' lang='lat' dir='ltr'>ita</span> <span class='ocrx_word' id='word_1_227' title='bbox 114 2183 262 2228; x_wconf 91' lang='lat' dir='ltr'>nullus</span> <span class='ocrx_word' id='word_1_228' title='bbox 292 2187 381 2228; x_wconf 87' lang='lat' dir='ltr'>Deo</span> <span class='ocrx_word' id='word_1_229' title='bbox 400 2182 548 2244; x_wconf 80' lang='lat' dir='ltr'>judice</span> <span class='ocrx_word' id='word_1_230' title='bbox 576 2198 657 2242; x_wconf 89' lang='lat' dir='ltr'>pro</span> <span class='ocrx_word' id='word_1_231' title='bbox 684 2182 832 2227; x_wconf 84' lang='lat' dir='ltr'>alienis</span> <span class='ocrx_word' id='word_1_232' title='bbox 859 2183 1045 2242; x_wconf 89' lang='lat' dir='ltr'>peccatis</span> <span class='ocrx_word' id='word_1_233' title='bbox 1072 2182 1174 2237; x_wconf 85' lang='lat' dir='ltr'>luit,</span> <span class='ocrx_word' id='word_1_234' title='bbox 1201 2182 1311 2226; x_wconf 88' lang='lat' dir='ltr'>sicut</span> <span class='ocrx_word' id='word_1_235' title='bbox 1336 2184 1421 2227; x_wconf 86' lang='lat' dir='ltr'>ho-</span> 
     </span>
     <span class='ocr_line' id='line_1_29' title="bbox 33 2253 1420 2316; baseline -0.001 -17"><span class='ocrx_word' id='word_1_236' title='bbox 33 2256 150 2299; x_wconf 86' lang='lat' dir='ltr'>mine</span> <span class='ocrx_word' id='word_1_237' title='bbox 169 2254 317 2316; x_wconf 86' lang='lat' dir='ltr'>judice</span> <span class='ocrx_word' id='word_1_238' title='bbox 343 2254 463 2298; x_wconf 86' lang='lat' dir='ltr'>luere</span> <span class='ocrx_word' id='word_1_239' title='bbox 485 2254 633 2299; x_wconf 88' lang='lat' dir='ltr'>nullus</span> <span class='ocrx_word' id='word_1_240' title='bbox 651 2255 731 2299; x_wconf 88' lang='lat' dir='ltr'>nisi</span> <span class='ocrx_word' id='word_1_241' title='bbox 755 2271 833 2314; x_wconf 83' lang='lat' dir='ltr'>pro</span> <span class='ocrx_word' id='word_1_242' title='bbox 851 2271 927 2299; x_wconf 82' lang='lat' dir='ltr'>sua</span> <span class='ocrx_word' id='word_1_243' title='bbox 952 2254 1080 2314; x_wconf 77' lang='lat' dir='ltr'>eulpa</span> <span class='ocrx_word' id='word_1_244' title='bbox 1103 2255 1203 2298; x_wconf 88' lang='lat' dir='ltr'>istas</span> <span class='ocrx_word' id='word_1_245' title='bbox 1233 2253 1420 2298; x_wconf 90' lang='lat' dir='ltr'>visibiles</span> 
     </span>
     <span class='ocr_line' id='line_1_30' title="bbox 35 2325 1420 2387; baseline -0.002 -17"><span class='ocrx_word' id='word_1_246' title='bbox 35 2325 180 2370; x_wconf 88' lang='lat' dir='ltr'>debet.</span> <span class='ocrx_word' id='word_1_247' title='bbox 204 2329 296 2370; x_wconf 88' lang='lat' dir='ltr'>Hoc</span> <span class='ocrx_word' id='word_1_248' title='bbox 314 2326 429 2370; x_wconf 89' lang='lat' dir='ltr'>enim</span> <span class='ocrx_word' id='word_1_249' title='bbox 451 2325 656 2385; x_wconf 81' lang='lat' dir='ltr'>praecepit</span> <span class='ocrx_word' id='word_1_250' title='bbox 678 2326 841 2369; x_wconf 89' lang='lat' dir='ltr'>homini</span> <span class='ocrx_word' id='word_1_251' title='bbox 855 2326 993 2387; x_wconf 84' lang='lat' dir='ltr'>judici</span> <span class='ocrx_word' id='word_1_252' title='bbox 1013 2329 1142 2379; x_wconf 90' lang='lat' dir='ltr'>Deus,</span> <span class='ocrx_word' id='word_1_253' title='bbox 1166 2325 1210 2368; x_wconf 93' lang='lat' dir='ltr'>in</span> <span class='ocrx_word' id='word_1_254' title='bbox 1232 2325 1297 2368; x_wconf 90' lang='lat' dir='ltr'>his</span> <span class='ocrx_word' id='word_1_255' title='bbox 1321 2341 1420 2385; x_wconf 83' lang='lat' dir='ltr'>quae</span> 
     </span>
     <span class='ocr_line' id='line_1_31' title="bbox 35 2394 1421 2457; baseline -0.001 -17"><span class='ocrx_word' id='word_1_256' title='bbox 35 2396 89 2440; x_wconf 88' lang='lat' dir='ltr'>ad</span> <span class='ocrx_word' id='word_1_257' title='bbox 116 2394 360 2440; x_wconf 85' lang='lat' dir='ltr'>humanum</span> <span class='ocrx_word' id='word_1_258' title='bbox 391 2396 603 2457; x_wconf 87' lang='lat' dir='ltr'>judicium</span> <span class='ocrx_word' id='word_1_259' title='bbox 640 2396 859 2455; x_wconf 87' lang='lat' dir='ltr'>pertinent</span> <span class='ocrx_word' id='word_1_260' title='bbox 901 2394 1184 2449; x_wconf 80' lang='lat' dir='ltr'>vindicanda,</span> <span class='ocrx_word' id='word_1_261' title='bbox 1222 2394 1341 2455; x_wconf 88' lang='lat' dir='ltr'>quod</span> <span class='ocrx_word' id='word_1_262' title='bbox 1375 2395 1421 2439; x_wconf 91' lang='lat' dir='ltr'>in</span> 
     </span>
     <span class='ocr_line' id='line_1_32' title="bbox 35 2468 1414 2530; baseline 0 -18"><span class='ocrx_word' id='word_1_263' title='bbox 35 2484 112 2513; x_wconf 89' lang='lat' dir='ltr'>suo</span> <span class='ocrx_word' id='word_1_264' title='bbox 128 2469 293 2528; x_wconf 84' lang='lat' dir='ltr'>judicio</span> <span class='ocrx_word' id='word_1_265' title='bbox 313 2468 417 2512; x_wconf 83' lang='lat' dir='ltr'>facit</span> <span class='ocrx_word' id='word_1_266' title='bbox 440 2469 551 2528; x_wconf 90' lang='lat' dir='ltr'>ipse,</span> <span class='ocrx_word' id='word_1_267' title='bbox 573 2484 662 2527; x_wconf 86' lang='lat' dir='ltr'>quo</span> <span class='ocrx_word' id='word_1_268' title='bbox 689 2477 877 2527; x_wconf 87' lang='lat' dir='ltr'>potestas</span> <span class='ocrx_word' id='word_1_269' title='bbox 905 2484 996 2513; x_wconf 91' lang='lat' dir='ltr'>non</span> <span class='ocrx_word' id='word_1_270' title='bbox 1023 2468 1181 2530; x_wconf 81' lang='lat' dir='ltr'>aspirat</span> <span class='ocrx_word' id='word_1_271' title='bbox 1206 2468 1414 2512; x_wconf 84' lang='lat' dir='ltr'>humana.</span> 
     </span>
    </p>
   </div>
  </div>
 </body>
</html>
