1872 3267
306 298 571 337 QUAESTlONES
603 302 648 329 IN
686 302 911 340 NUMEROS,
948 304 1030 330 LIB·
1068 305 1127 330 lv.
1328 290 1408 330 477

23 382 44 407 »
77 365 169 425 ejus
203 364 250 408 in
281 381 558 427 quacumque
591 365 661 411 die
695 366 880 412 audierit
908 368 1058 413 omnia
1090 378 1192 413 vota
1230 369 1342 429 ejus,
1370 378 1414 412 et

22 453 44 477 »
77 433 351 480 desmitiones
369 438 482 496 ejus:
499 453 605 497 quas
620 435 819 482 definivit
836 437 1041 483 adversus
1056 438 1244 482 animam
1261 454 1383 484 suam
1398 473 1409 493 ,

23 524 57 560 »¹
76 521 167 550 non
188 506 457 552 manebunt:
480 507 688 567 quoniam
712 508 777 552 vir
800 509 955 554 abnuit
977 509 1031 553 ab
1054 525 1120 564 ea,
1137 519 1181 553 et
1202 510 1413 554 Dominus

22 594 42 618 »
76 576 309 621 mundabit
331 579 468 623 eam1.
496 596 516 619 »
545 581 576 621 F
583 578 792 622 oeminam
822 580 903 624 sub
926 589 1049 640 patre
1071 589 1308 640 antequam
1329 596 1415 624 nu-

20 646 110 703 bat,
126 657 170 692 et
187 649 268 692 sub
286 648 380 693 viro
401 640 601 708 nuptam,
623 648 765 694 noluit
788 654 876 695 Lex
896 651 954 696 ita
968 648 1126 696 vovere
1147 650 1314 711 aliquid
1326 654 1416 695 Deo

21 716 224 763 adversus
241 719 430 763 animam
448 735 587 775 suam,
604 719 650 764 id
671 730 750 776 est,
776 721 822 765 in
845 722 1092 783 aliquarum
1110 737 1256 766 rerum
1274 721 1416 766 licita-

22 805 117 835 rum
150 801 281 852 atque
311 807 614 837 concessarum
645 792 929 849 abstinentia,
954 803 1003 838 ut
1034 793 1081 837 in
1111 792 1275 837 eisdem
1307 792 1437 838 votis

22 861 228 908 foeminea
267 863 411 909 valeat
447 864 704 920 auctoritas,
728 863 804 908 scd
835 863 997 923 virilis3
1032 865 1091 909 ita
1124 873 1175 909 ut
1207 865 1241 909 si
1274 864 1419 909 adhuc

21 933 217 995 innuptae
236 937 325 997 jam
358 947 630 983 concesserat
656 947 781 997 pater
802 947 903 983 vota
931 937 1206 998 persolvere,
1233 937 1267 982 si
1294 947 1419 982 ante-

21 1021 153 1066 quam
174 1006 430 1066 persolverit
447 1008 664 1067 nupserit,
688 1017 732 1052 et
753 1008 847 1053 viro
865 1010 956 1069 ejus
971 1010 1056 1053 hoc
1078 1009 1308 1067 cognitum
1330 1024 1420 1053 non

23 1077 256 1137 placuerit,
274 1094 364 1122 non
387 1078 625 1138 persolvat,
651 1088 695 1124 et
711 1080 764 1123 sit
781 1079 962 1123 omnino
983 1080 1074 1122 sine
1096 1088 1291 1139 peccato,
1317 1078 1421 1138 quia

26 1166 48 1191 «
81 1149 289 1194 Dominus
312 1150 544 1194 mundabit
573 1165 691 1205 eam,
720 1168 740 1191 »
767 1150 879 1194 sicut
898 1149 1020 1205 dicit,
1041 1149 1087 1194 id
1106 1159 1184 1205 est,
1208 1148 1422 1194 mundam

16 1218 260 1280 judicabit:
284 1236 429 1281 neque
461 1221 545 1266 hoc
574 1230 726 1266 contra
756 1224 896 1266 Deum
932 1221 1026 1265 fieri
1052 1220 1301 1281 putandum
1332 1229 1418 1275 est,

25 1306 124 1335 cum
144 1291 234 1351 ipse
258 1295 370 1336 Deus
388 1293 471 1336 hoc
490 1292 768 1352 praeceperit,
794 1292 878 1335 hoc
900 1290 1102 1336 voluerit.

0 1349 4 1422 Ῑ
84 1365 141 1406 ΙΙ.
176 1361 382 1423 Sequitur
416 1371 562 1406 autem
596 1362 650 1406 de
677 1361 842 1417 viduis,
874 1361 945 1406 vel
972 1378 994 1406 a
1024 1362 1118 1406 viro
1144 1361 1345 1421 abjectis,
1377 1360 1423 1405 id

0 1434 110 1489 lest,
144 1449 234 1477 non
265 1433 348 1478 sub
387 1442 599 1494 potestate
640 1433 721 1478 viri
762 1433 1032 1488 constitutis,
1069 1442 1146 1476 aut
1189 1433 1349 1491 patris3
1381 1441 1425 1476 et

0 1492 4 1575 1
27 1520 174 1555 earum
196 1514 296 1549 vota
321 1504 376 1549 ad
397 1503 736 1564 persolvendum
756 1503 892 1548 libera
921 1519 1011 1548 esse
1032 1503 1140 1548 dicit
1159 1504 1242 1548 hoc
1263 1503 1395 1548 modo
1413 1523 1422 1548 ε

0 1578 50 1632 f«
84 1579 141 1620 Et
186 1585 357 1622 votum.
403 1575 575 1636 inquit,
620 1574 765 1619 viduae
800 1584 844 1619 et
879 1574 1091 1634 expulsae,
1134 1590 1426 1635 quaecumque

0 1686 3 1694 „
30 1665 50 1688 »
84 1646 252 1691 voverit
300 1645 504 1691 adversus
555 1646 744 1690 animam
794 1662 914 1690 suam
931 1682 941 1701 ,
987 1646 1233 1690 manebunt
1273 1647 1353 1690 ei2.
1403 1664 1424 1687 »

0 1733 3 1748 ¹
27 1717 191 1763 Deinde
218 1716 325 1762 dicit
352 1716 406 1761 de
430 1726 583 1777 nupta,
609 1717 643 1761 si
664 1717 711 1761 in
734 1716 865 1762 domo
887 1717 967 1760 viri
986 1717 1052 1761 sui
1071 1718 1167 1777 jam
1189 1717 1425 1761 constituta

0 1788 4 1831 ἑ
27 1786 192 1848 aliquid
220 1787 306 1832 tale
333 1788 516 1832 voverit.
544 1790 606 1831 De
633 1786 708 1831 illa
741 1787 857 1831 enim
891 1787 1011 1846 prius
1045 1786 1234 1842 dixerat,
1256 1804 1355 1848 quae
1378 1787 1424 1831 in

0 1858 2 1895 ἓ
28 1859 159 1904 domo
182 1860 314 1919 patris
336 1868 536 1913 voverat,
562 1868 606 1903 et
629 1868 865 1919 antequam
889 1858 1092 1903 redderet
1117 1868 1338 1918 nupserat.
1364 1862 1425 1903 De

0 1962 1 1971 1
28 1929 108 1974 1136
136 1946 238 1989 ergo
270 1947 369 1990 quae
402 1931 447 1974 in
478 1929 610 1974 domo
643 1930 784 1973 mariti
812 1930 954 1985 vovit,
986 1930 1048 1973 ita
1080 1929 1303 1990 loquitur:
1336 1949 1355 1971 ι(
1383 1930 1426 1975 Si

34 2018 54 2042 »
89 2011 232 2046 autem
255 2001 300 2045 in
315 2002 448 2046 domo
470 2001 550 2045 viri
573 2002 663 2061 ejus
686 2011 838 2046 votum
861 2003 968 2061 ejus„
994 2010 1069 2045 aut
1091 2000 1303 2056 definitio,
1326 2018 1424 2061 quae

34 2089 55 2113 »
93 2073 294 2117 adversus
335 2072 524 2116 animam
561 2073 652 2132 ejus
687 2088 786 2116 cum
814 2071 1128 2132 jurejurando,
1170 2081 1213 2116 et
1244 2071 1429 2116 audierit

35 2160 55 2184 ³)
89 2143 153 2186 vir
175 2144 288 2203 ejus,
314 2152 357 2187 et
380 2143 563 2187 tacuerit
588 2144 648 2198 ei,
670 2152 713 2187 et
734 2159 824 2188 non
847 2144 1052 2188 abnuerit
1085 2143 1151 2202 ei,
1177 2153 1220 2188 et
1247 2144 1428 2188 stabunt

34 2231 54 2255 n
90 2214 236 2258 omnia
259 2223 360 2259 vota
393 2214 507 2273 ejus,
532 2222 575 2257 et
598 2228 747 2258 omnes
776 2213 1072 2270 definitiones,
1093 2230 1201 2275 quas
1229 2214 1429 2258 definivit

36 2301 57 2326 »
92 2284 294 2329 adversus
313 2284 502 2328 animam
536 2299 682 2339 suam,
711 2285 891 2329 stabunt
914 2285 1117 2329 adversus
1141 2301 1251 2329 eam.
1281 2285 1324 2330 Si
1347 2301 1427 2328 au-

37 2372 58 2396 »
93 2364 181 2399 tem
213 2352 583 2400 circumauferens
617 2354 956 2399 circumauferat
988 2357 1053 2400 vir
1079 2357 1191 2416 ejus,
1213 2371 1429 2416 quacum-

39 2442 59 2466 »
96 2441 182 2486 que
203 2426 274 2470 die
304 2424 491 2470 audierit
512 2424 679 2480 omnia,
705 2441 997 2486 quaecumque
1031 2426 1212 2470 exierint
1235 2442 1285 2470 ex
1306 2424 1430 2469 labiis

39 2514 59 2539 »
94 2498 184 2558 ejus
220 2497 461 2542 secundum
498 2506 599 2542 vota
632 2497 724 2557 ejus
761 2507 804 2541 et
837 2496 1079 2542 secundum
1126 2497 1427 2554 definitiones,

39 2584 60 2609 »
95 2585 194 2630 quae
223 2568 426 2614 adversus
450 2569 639 2613 animam
672 2568 787 2628 ejus,
812 2584 903 2613 non
937 2576 1115 2613 manent
1148 2568 1211 2613 ei:
1242 2569 1307 2613 vir
1339 2569 1430 2628 ejus

84 2659 93 2677 ¹
115 2655 207 2687 Num.
226 2665 305 2698 xxx,
326 2665 394 2698 7-9.
420 2672 461 2677 -
482 2661 494 2677 2
516 2653 598 2687 lbid.
629 2663 677 2686 10.
