1872 3267
400 231 483 269 218
840 242 873 268 s.
908 239 1138 269 Aucus'nm
1170 242 1351 269 muscom

907 343 1142 393 QUAESTIO
1173 346 1259 383 xx.

454 448 595 490 Eri-mm
620 445 704 489 hoc
726 444 969 489 notandum
984 481 995 501 ,
1025 445 1144 506 quod
1166 461 1267 490 cum
1294 445 1465 503 signum
1487 445 1631 506 palam
1659 447 1773 492 Pha-

397 531 528 561 raone
555 517 698 571 fieret,
736 516 953 575 Scriptum
977 525 1061 571 est,
1094 535 1114 559 ‹<
1150 519 1207 561 Et
1229 516 1410 576 projecit
1437 519 1583 561 Aaron
1608 517 1774 576 virgam
1824 555 1826 558 f
1850 540 1872 561 sn.

400 606 420 631 »
441 589 580 632 suaml
600 606 609 632 z
632 605 653 628 »
678 602 780 631 cum
792 585 903 631 forte
921 587 955 631 si
966 587 1161 633 dixisset:
1184 587 1628 647 «Projecitvi1·gam,»
1654 587 1775 637 nulla

395 667 504 703 esset
537 657 742 718 quaestio3
774 656 894 717 quod
929 672 1031 701 vero
1053 656 1240 713 addidit,
1280 676 1300 699 «
1335 673 1482 713 suam,
1513 678 1531 699 »
1557 673 1656 709 cum
1680 673 1777 703 eam

397 731 568 786 Moyses
595 727 786 782 dederit,
812 743 902 772 non
923 727 1082 772 frustra
1104 727 1285 773 forsitan
1304 726 1472 772 dietum
1498 737 1575 772 est.
1601 731 1670 774 An
1686 738 1777 773 erat

396 798 571 858 utrique
587 797 660 841 illa
676 797 795 856 virga
818 797 1084 854 communis,
1104 807 1155 843 ut
1177 798 1409 859 cujuslibet
1434 813 1587 843 eorum
1609 798 1775 848 dicere-

396 877 489 925 tur,
513 882 666 913 verum
687 867 918 912 diceretur.

906 977 1142 1027 QUAEsrio
1173 978 1276 1017 XXI.

458 1097 480 1121 «
499 1080 563 1123 ET
577 1076 931 1136 absorbuitvirga
943 1080 1089 1122 Aaron
1109 1077 1248 1137 virgas
1271 1076 1446 1122 illorum
1458 1080 1491 1122 2.
1510 1095 1530 1119 »
1555 1078 1597 1122 Si
1610 1077 1775 1123 dictum
1817 1070 1819 1092 l

396 1158 528 1194 esset:
552 1168 572 1190 (ι
589 1148 830 1193 Absorbuit
848 1147 979 1192 draco
996 1151 1141 1192 Aaron
1155 1148 1296 1206 virgas
1315 1147 1506 1203 illorum,
1525 1166 1545 1189 »
1567 1148 1776 1206 intellige-

396 1229 514 1264 retur
526 1235 653 1264 verus
666 1219 942 1263 dracoAaron
951 1219 1219 1277 phantastica
1231 1218 1303 1263 illa
1318 1219 1522 1276 figmenta
1535 1234 1625 1262 non
1635 1218 1777 1263 absor-

395 1290 559 1345 buisse,
575 1289 649 1334 sed
666 1290 820 1348 virgas.
838 1291 931 1333 Hoc
950 1290 1063 1332 enim
1087 1289 1231 1348 potuit
1249 1289 1480 1333 absorbere
1494 1288 1614 1349 quod
1635 1299 1772 1346 erant,
1813 1302 1815 1334 l
1847 1310 1849 1314 ·

394 1377 483 1405 non
507 1360 628 1421 quod
643 1359 1007 1405 esse‘videbantur
1019 1368 1159 1403 etnon
1171 1368 1307 1402 erant.
1331 1358 1415 1403 Scd
1431 1360 1635 1419 quoniam
1649 1359 1772 1416 dixit,

397 1450 417 1472 »
443 1431 680 1475 Absorbuit
708 1430 826 1488 virga
849 1432 995 1473 Aaron
1025 1429 1163 1486 virgas
1200 1428 1401 1485 illorum,
1421 1446 1440 1469 »
1474 1428 1604 1473 draco
1626 1430 1776 1490 utique

393 1502 538 1561 potuit
557 1502 697 1560 virgas
719 1500 968 1555 absorbere,
989 1515 1078 1543 non
1099 1499 1234 1558 virga.
1254 1499 1338 1543 Sed
1359 1515 1409 1543 eo
1431 1500 1607 1545 nomine
1628 1500 1777 1560 appel·
1810 1496 1812 1525 ³

392 1571 479 1615 lata
497 1587 562 1615 rcs
582 1580 644 1614 est
665 1570 783 1615 un'de
805 1586 924 1615 versa
946 1579 1024 1624 est,
1051 1585 1140 1613 non
1162 1570 1206 1613 in
1226 1569 1346 1630 quod
1367 1586 1487 1614 versa
1500 1580 1563 1615 est
1580 1605 1590 1625 ,
1611 1572 1711 1631 quia
1731 1572 1776 1616 in

393 1642 437 1685 id
459 1643 589 1686 etiarn
609 1656 776 1686 reversa
806 1649 869 1684 est
896 1660 904 1684 :
941 1649 985 1684 et
1015 1639 1113 1684 ideo
1149 1641 1233 1684 hoc
1265 1641 1409 1685 vocari
1443 1641 1632 1685 debehat
1657 1641 1775 1701 quod
1808 1662 1809 1673 ¹

392 1713 690 1774 principaliter
703 1721 808 1756 erat.
828 1711 946 1765 Quid
958 1726 1058 1769 ergo
1077 1710 1313 1755 dicendum
1331 1721 1394 1756 est
1412 1710 1467 1755 de
1489 1712 1616 1770 virgis
1633 1727 1774 1771 mago·
1806 1730 1808 1779 ζ’

393 1801 513 1840 rum,
539 1794 688 1829 utrum
706 1793 749 1827 et
770 1785 872 1843 ipsae
898 1783 988 1827 veri
1018 1783 1225 1826 dracones
1248 1782 1374 1827 factae
1396 1782 1590 1837 fuerant,
1625 1783 1700 1827 sed
1727 1799 1773 1828 ea
1806 1834 1807 1847 ἶ

392 1857 556 1900 ratione
576 1855 709 1912 virgae
747 1852 973 1912 appellatae
1016 1861 1138 1907 sunt,
1175 1868 1261 1912 qua
1298 1862 1341 1896 et
1362 1853 1479 1911 virga
1515 1856 1661 1897 Aaron
1687 1873 1695 1897 z
1722 1869 1776 1897 an
1805 1852 1807 1860 ’

391 1926 535 1986 potius
556 1925 819 1969 videbantur
841 1938 929 1966 esse
953 1922 1074 1982 quod
1095 1938 1184 1966 non
1207 1931 1351 1977 erant,
1383 1921 1679 1967 ludificatione
1699 1938 1773 1968 ve·
1803 1966 1805 1976 ,

391 1998 557 2041 neficaP
578 1998 667 2040 Cur
689 2010 789 2052 ergo
812 2010 863 2038 ex
896 2003 1081 2054 utraque
1110 2003 1233 2053 parte
1267 2003 1310 2037 et
1346 1994 1476 2051 virgae
1505 1993 1712 2038 dicuntur
1734 2003 1774 2038 et

390 2067 619 2121 dracones,
645 2077 694 2111 ut
716 2067 770 2110 de
789 2067 1004 2125 figmentis
1026 2065 1109 2110 illis
1132 2065 1243 2110 nihil
1262 2065 1437 2111 differat
1447 2066 1657 2127 loquendi
1680 2082 1773 2111 mo·
1800 2119 1802 2131 ¹

370 2137 497 2182 -dusP
517 2138 601 2182 Sed
626 2137 920 2181 demonstrare
936 2136 1113 2180 difficile
1130 2146 1215 2191 est,
1241 2137 1463 2196 quomodo
1481 2137 1612 2181 etiam
1633 2137 1667 2181 si
1685 2137 1771 2181 veri

391 2208 598 2252 dracones
624 2206 726 2251 facti
744 2216 846 2250 sunt
862 2222 912 2250 ex
928 2207 1057 2265 virgis
1074 2221 1317 2264 magorum,
1339 2223 1428 2251 non
1444 2206 1605 2251 fuerint
1628 2217 1772 2251 tamen

391 2288 603 2324 creatores
626 2278 887 2328 draconum,
921 2293 1000 2321 nec
1035 2278 1170 2334 magi,
1198 2293 1278 2322 nec
1313 2278 1455 2337 angeli
1482 2277 1584 2322 mali
1615 2279 1772 2338 quibus

391 2350 593 2395 ministris
624 2349 694 2393 illa
725 2349 1030 2409 operabantur.
1070 2352 1224 2393 Insunt
1257 2349 1372 2392 enim
1406 2349 1622 2408 corporeis
1647 2349 1771 2392 rebus
1796 2348 1799 2383 l

389 2436 466 2480 per
487 2420 628 2464 omnia
660 2418 873 2463 elementa
907 2418 1059 2462 mundi
1099 2419 1300 2479 quaedam
1323 2419 1504 2463 occultae
1532 2419 1770 2463 seminariae
1796 2423 1797 2441 ³

388 2492 594 2546 rationes,
616 2489 773 2550 quibus
794 2505 895 2533 cum
915 2489 1015 2534 data
1038 2489 1165 2534 fuerit
1187 2490 1489 2549 opportunitas
1517 2488 1766 2549 temporalis

439 2593 446 2608 ¹
470 2587 564 2617 Exod.
588 2597 644 2624 vn,
667 2597 717 2618 10.
735 2602 775 2606 —
799 2592 812 2607 ‘²
835 2585 914 2616 Ihm.
942 2594 993 2615 1¹1..

1843 2360 1871 2394 affl
