1872 3267
355 227 620 263 ijzsnonsss
656 226 697 252 1N
731 226 941 261 Genesim,
978 226 1058 252 Liu.
1099 226 1125 250 ι.
1355 212 1430 249 161

556 330 793 379 Qualis'rlo
827 332 942 367 xffll.

116 434 241 485 Quor)
269 431 406 475 Jacob
437 429 566 485 dicit,
605 449 624 471 «
647 433 703 473 Et
724 429 947 473 benedixit
975 438 1016 473 te
1039 428 1248 472 Dominus
1268 428 1310 470 in
1334 427 1443 486 pede

62 521 82 544 »
118 503 230 546 meo¹
246 522 257 559 3
274 520 293 541 n
320 501 419 545 satis
438 499 729 544 advertendus
752 509 815 544 est
827 509 870 544 et
889 498 1108 544 notandus
1124 498 1342 557 Scriptura
1351 514 1444 542 rum

3 592 5 634 ξ
60 589 230 625 sensus,
264 587 319 616 ne
349 588 451 616 cum
483 571 542 616 ita
579 571 765 632 quisque
787 571 959 616 locutus
982 569 1128 624 fucrit,
1155 570 1277 630 quasi
1303 586 1444 628 augu-

62 642 367 688 rarivideatur.
384 640 575 687 Multum
591 641 707 685 enim
725 641 902 686 interest
925 640 1045 702 quod
1066 640 1238 701 adjecit,
1269 660 1287 681 «
1308 643 1446 684 Bene-

63 732 84 755 »
119 713 226 758 dixit
240 723 279 757 te
299 712 508 758 Dominus
525 712 570 756 in
592 712 704 772 pede
726 728 823 757 meo
856 732 864 756 :
891 731 910 754 »
932 713 976 756 in
997 712 1192 771 ingressu
1212 711 1328 756 enim
1352 727 1448 755 meo

62 783 198 829 voluit
214 782 411 842 intelligi,
433 783 588 842 gratias
605 783 707 827 hinc
727 798 858 841 agens
877 786 981 827 Deo.

562 892 801 941 Qusss'no
834 892 969 930 x‹:111.

122 998 170 1040 ΙΝ
203 993 318 1039 sacto
349 994 486 1039 Jacob
510 1009 610 1039 cum
638 994 779 1053 virgas
801 991 1106 1047 excorticavit,
1133 991 1364 1037 detrahens
1388 994 1452 1036 vi-

10 1067 11 1071 ’
63 1064 177 1120 ride,
203 1074 253 1109 ut
275 1064 424 1109 album
445 1064 561 1109 varie
585 1072 831 1124 appareret,
861 1072 904 1107 et
928 1063 988 1107 sic
1011 1063 1055 1106 in
1083 1072 1299 1122 conceptu
1321 1062 1453 1108 [irtus

11 1141 13 1146 '
59 1151 267 1196 pecorum
284 1137 568 1190 variarentur,
592 1150 693 1179 cum
721 1142 878 1178 matres
901 1133 946 1177 in
974 1133 1104 1178 alveis
1133 1150 1346 1194 aquarum
1379 1135 1449 1179 bi-

12 1206 13 1234 i
59 1207 240 1262 bei-ent,
281 1217 324 1251 et
359 1206 458 1250 visis
488 1205 618 1263 virgis
652 1204 773 1248 illam
804 1205 1056 1248 varietatem
1093 1205 1450 1264 conspicerent²3

60 1277 196 1321 multa
218 1277 425 1321 dicuntur
442 1274 637 1319 similiter
660 1275 753 1318 fieri
777 1275 821 1318 in
851 1274 1105 1318 animalium
1130 1275 1313 1319 foetibus
1342 1296 1349 1320 :
1376 1277 1452 1321 sed

61 1357 103 1392 et
130 1347 301 1391 mulieri
334 1345 535 1390 accidisse
558 1344 765 1399 traditur,
798 1354 841 1389 et
863 1345 1071 1404 scriptum
1097 1346 1308 1405 reperitur
1333 1347 1375 1390 in
1398 1346 1452 1390 li-

16 1461 18 1470 ,
61 1418 146 1462 bris
166 1415 454 1478 antiquissimi
478 1426 520 1460 et
548 1414 794 1475 peritissimi
816 1415 974 1460 medici
994 1416 1269 1475 Hippocratis
1285 1453 1295 1471 ,
1331 1418 1451 1478 quod

18 1523 19 1529 ,
60 1488 301 1548 suspicione
332 1485 534 1531 adulterii
563 1485 707 1529 fuerat
734 1484 982 1545 punienda,
1008 1502 1108 1530 cum
1144 1503 1329 1545 puerum
1349 1487 1451 1546 pul—

60 1559 322 1618 cherrimum
347 1557 583 1617 peperisset
605 1556 780 1616 utrique
803 1556 971 1615 parenti
1004 1557 1240 1617 generiqne
1269 1557 1455 1601 dissimi-

61 1628 144 1673 lem
162 1663 174 1684 ,
194 1629 279 1672 ‘nisi
303 1635 566 1671 memoratus
594 1627 789 1672 medicus
813 1627 1008 1672 solvisset
1030 1629 1314 1688 quaestionem
1335 1664 1344 1684 ,
1371 1629 1455 1674 illis

63 1697 290 1744 admonitis
311 1711 506 1757 quaerere
524 1731 535 1751 ,
565 1711 620 1739 ne
644 1695 757 1739 forte
789 1694 933 1756 aliqua
964 1698 1061 1740 talis
1085 1700 1252 1756 pictura
1277 1709 1387 1744 esset
1410 1701 1453 1744 in

64 1768 294 1826 cubiculo,
323 1783 410 1828 qua
430 1767 607 1811 inventa
642 1765 800 1810 mulier
827 1783 850 1810 a
883 1767 1128 1826 suspicione
1156 1767 1339 1813 liberata
1374 1779 1452 1815 est.

23 1853 25 1883 ἑ
66 1839 147 1885 Sed
165 1839 219 1884 ad
235 1841 346 1883 hanc
365 1853 479 1892 rem,
501 1852 632 1897 quam
652 1835 754 1881 feeit
774 1837 911 1882 Jacob
925 1872 935 1892 ,
961 1837 1181 1896 virgarum
1201 1854 1252 1881 ex
1279 1838 1457 1885 diversis

23 1925 25 1936 ⁴
65 1910 288 1955 arboribus
311 1910 442 1954 trium
466 1909 687 1969 copulatio
709 1909 817 1970 quid
841 1909 1077 1954 contulerit
1098 1910 1311 1966 utilitatis,
1333 1913 1454 1972 quod

66 1981 217 2025 attinet
248 1979 304 2024 ad
335 1980 471 2025 varias
504 1979 693 2040 pecudes
722 1979 1102 2040 multiplicandas,
1146 1998 1235 2026 non
1276 1993 1456 2043 apparet

66 2051 242 2096 omnino
262 2072 273 2109 3
297 2067 377 2096 nec
401 2050 566 2112 aliquid
584 2050 740 2095 adhoc
763 2050 1045 2095 commodum
1074 2053 1276 2107 interest,
1304 2063 1452 2098 utrum

67 2136 116 2164 ex
129 2121 257 2165 unius
275 2122 441 2180 generis
454 2120 574 2180 ligno
599 2121 822 2166 varientur
844 2122 976 2180 virgae
999 2142 1008 2178 3
1034 2138 1089 2166 an
1110 2122 1236 2181 plura
1261 2124 1346 2168 sint
1367 2124 1453 2184 lig-

68 2207 221 2236 norum
244 2207 421 2250 genera,
448 2209 548 2237 cum
571 2192 660 2237 sola
687 2202 910 2253 quaeratur
939 2191 1159 2252 lignorum
1181 2195 1379 2250 varietas,
1406 2213 1456 2241 ac

69 2277 143 2321 per
165 2263 248 2307 hoc
278 2263 394 2322 cogit
421 2262 584 2324 inquiri
611 2263 910 2323 prophetiam,
942 2272 985 2308 et
1008 2263 1198 2324 aliquam
1227 2267 1453 2323 figuratam

71 2331 424 2390 significationem
443 2350 509 2378 res
525 2333 621 2385 ista,
643 2349 775 2393 quam
791 2335 880 2378 sine
898 2333 1034 2378 dubio
1053 2344 1102 2378 ut
1119 2337 1331 2395 propheta
1350 2338 1454 2381 fecit

72 2403 225 2461 Jacob,
241 2413 284 2448 et
295 2404 392 2448 ideo
407 2419 487 2449 nec
504 2403 669 2448 fraudis
682 2405 928 2463 arguendus
942 2413 1019 2448 est.
1032 2408 1129 2449 Non
1144 2406 1260 2450 enim
1278 2407 1361 2451 tale
1376 2408 1456 2451 ali-

72 2472 190 2532 quid,
214 2474 294 2518 nisi
312 2474 574 2519 revelatione
593 2474 789 2534 spiritali,
811 2491 912 2519 cum
926 2475 1076 2520 fecisse
1093 2476 1361 2522 credendum
1375 2489 1452 2524 est.

119 2574 126 2591 ¹
145 2570 223 2602 Gen.
244 2580 321 2610 xxx,
341 2569 558 2603 30.-211›id.
581 2570 634 2613 37.

280 2634 401 2663 exul.
1247 2631 1258 2666 1
1276 2631 1288 2667 1
