1872 3267
4 0 9 244 !

0 288 9 346 ‘i

358 208 625 246 QtrffisrioNEs
658 209 701 235 IN
734 207 947 247 Genesim,
984 212 1066 237 Lm.
1104 213 1131 237 1.
1358 203 1432 239 131

54 283 199 317 autem
221 272 437 329 studiosis,
462 273 538 334 qui
561 273 607 317 in
626 274 726 318 navi
760 272 949 330 fucrant,
987 277 1318 335 expectantibus
1346 294 1444 338 pro-

55 343 157 388 tulit
177 343 339 388 librum
356 343 591 405 quemdam
612 344 800 403 Epicteti
826 346 956 390 510101
973 382 983 401 ,
1002 347 1078 398 ubi
1100 347 1329 406 legebatur
1355 365 1446 394 non

0 428 2 457 ῑ
54 414 113 458 ita
129 412 340 474 placuisse
363 415 532 470 Stoicis,
557 413 724 459 nullam
740 414 870 459 talem
893 417 1267 475 perturbationem
1286 418 1440 464 cadere

54 483 100 527 in
118 484 310 529 animum
324 485 525 545 sapientis
540 520 550 540 ‚
572 485 696 545 quasi
724 485 834 529 nihil
856 486 942 531 tale
963 487 1009 531 in
1033 503 1189 532 eorum
1211 500 1440 549 appareret

56 556 299 612 affectibus,
324 556 400 601 sed
425 557 797 617 perturbationem
817 558 872 601 ab
905 558 964 603 eis
992 557 1186 615 definiri,
1209 576 1310 604 cum
1333 563 1443 607 ratio

55 626 213 672 talibus
232 628 422 673 motibus
443 628 617 673 cederet
638 644 766 673 :cum
784 638 930 674 autem
949 645 1040 675 non
1056 629 1245 687 cederet,
1266 649 1356 678 non
1378 632 1442 677 di-

55 698 236 743 cendam
248 700 637 759 perturbationem.
660 700 745 745 Sed
765 700 1130 747 considerandum
1151 712 1214 748 est
1231 705 1443 765 quemad-

57 768 237 814 modum
261 770 344 815 hoc
364 769 480 815 dicat
501 769 713 831 Agellius,
737 780 781 816 et
803 770 1036 832 diligenter
1052 773 1348 819 inserendum.

544 890 782 940 QUAESTIO
814 892 954 932 xxm.

121 1024 141 1047 «
165 1007 282 1050 DABo
305 1005 385 1050 tibi
409 1014 452 1050 et
475 1005 627 1050 semini
649 1016 726 1051 tuo
758 1015 856 1066 post
880 1016 921 1050 te
948 1015 1107 1051 terram
1140 1008 1187 1052 in
1207 1025 1294 1069 qua
1317 1009 1446 1055 habi-

61 1095 80 1117 »
116 1086 196 1132 tas,
219 1093 391 1122 omnem
408 1086 563 1121 terram
584 1076 746 1122 cultam
763 1074 808 1120 in
826 1079 1136 1137 possessionem
1154 1089 1361 1126 aeternam
1375 1085 1404 1126 ¹.
1423 1102 1443 1125 »

59 1149 250 1201 Quaestio
298 1158 361 1193 est
398 1147 621 1210 quomodo
658 1147 814 1191 dixerit
846 1158 1075 1205 aeternam,
1112 1166 1213 1195 cum
1246 1152 1448 1198 Israelitis

59 1218 353 1279 temporaliter
386 1220 486 1264 data
520 1219 574 1264 sit
600 1239 608 1264 t
645 1228 796 1263 utrum
833 1219 1077 1264 secundum
1114 1222 1197 1267 hoc
1234 1223 1445 1269 saeculum

60 1288 172 1334 dicta
195 1290 249 1334 sit
269 1299 453 1346 aeterna,
478 1299 528 1334 ut
549 1290 604 1334 ab
627 1304 678 1334 eo
699 1289 819 1350 quod
842 1300 906 1335 est
927 1300 1001 1333 αἰὼν
1023 1308 1161 1351 graece
1179 1330 1189 1349 ‚
1221 1295 1342 1355 quod
1363 1313 1446 1341 sae-

59 1359 208 1405 culum
226 1361 435 1419 significat
451 1396 462 1417 ,
494 1360 660 1406 dictum
682 1361 737 1405 sit
753 1368 887 1418 αἰώνιον,
920 1372 1130 1424 tanquam
1151 1365 1191 1424 si.
1207 1365 1340 1410 latine
1364 1367 1449 1412 dici

59 1442 203 1493 posset
235 1431 439 1478 saeculare
470 1449 480 1475 z
507 1449 562 1477 an
585 1449 637 1477 ex
657 1433 741 1477 hoc
764 1433 930 1494 aliquid
952 1437 1194 1481 secundum
1212 1438 1450 1497 spiritalem

60 1503 389 1562 promissionem
416 1503 488 1548 hic
515 1502 758 1562 intelligere
785 1520 1017 1563 cogamur,
1048 1515 1098 1550 ut
1120 1517 1333 1553 aeternum
1355 1509 1451 1555 dic-

62 1582 156 1617 tum
179 1573 252 1628 sit,
277 1573 375 1618 ideo
397 1574 497 1634 quia
525 1573 627 1618 hinc
649 1584 860 1618 aeternum
886 1575 1052 1636 aliquid
1069 1577 1334 1636 significatur
1361 1601 1368 1625 ;
1396 1598 1452 1626 311

62 1644 207 1704 potius
228 1645 458 1690 locutionis
474 1654 538 1689 est
557 1645 894 1705 Scripturarum‚
916 1656 966 1691 ut
982 1657 1195 1693 aeternum
1211 1651 1448 1710 appellent,

64 1716 185 1776 cujus
200 1716 260 1759 rei
282 1716 378 1760 finis
395 1732 485 1761 non
507 1716 803 1768 constituitur,
823 1726 899 1762 aut
921 1734 1010 1763 non
1032 1719 1090 1764 ita
1108 1720 1158 1764 fit
1180 1731 1230 1765 ut
1250 1721 1452 1784 deinceps

64 1802 153 1832 non
170 1787 224 1831 sit
239 1785 506 1842 faciendum,
532 1796 748 1846 quantum
767 1788 956 1847 pertinet
978 1788 1033 1834 ad
1050 1806 1199 1835 curam
1218 1792 1289 1837 vel
1305 1804 1453 1854 potes-

66 1865 198 1902 tatem
219 1857 441 1916 facientis3
467 1857 579 1902 sicut
599 1858 661 1902 ait
682 1858 886 1902 Horatius
910 1878 917 1902 :

288 1954 414 1987 Serviet
430 1959 582 1986 aeternum
594 1979 603 1996 ‚
625 1954 679 1998 qui
703 1965 804 1997 parvo
820 1954 944 1987 nesciet
963 1955 1010 1987 uti
1027 1963 1053 1988 ².

66 2032 162 2076 Non
180 2031 295 2075 enim
315 2039 458 2090 potest
478 2030 524 2074 in
546 2038 759 2076 aeternum
782 2032 961 2087 servire,
983 2034 1106 2094 cujus
1127 2035 1217 2095 ipsa
1235 2037 1338 2095 vita⁷
1364 2057 1452 2102 qua

67 2102 210 2157 servit,
236 2110 397 2146 aeterna
420 2117 610 2146 essenon
622 2110 779 2161 potest.
807 2102 938 2155 Quod
959 2104 1255 2152 testimonium
1269 2125 1359 2154 non
1374 2113 1455 2157 ad—

68 2172 278 2228 hiberem,
304 2172 385 2216 nisi
408 2171 640 2217 locutionis
668 2182 791 2217 esset.
813 2173 1061 2218 Verborum
1084 2177 1247 2237 quippe
1269 2179 1331 2224 illi
1353 2193 1455 2229 sunt

69 2244 191 2288 nobis
213 2253 425 2299 auctores,
451 2260 540 2288 non
554 2259 700 2288 rerum
720 2243 790 2288 vel
811 2246 1138 2293 sententiarum.
1163 2250 1206 2294 Si
1221 2261 1367 2297 autern
1379 2255 1458 2299 de-

69 2314 310 2360 fenduntur
334 2316 570 2375 Scripturae.
592 2314 837 2360 secundum
859 2315 1103 2363 locutiones
1126 2322 1334 2381 proprias,
1356 2341 1456 2386 quae

71 2384 273 2431 idiomata
284 2395 512 2442 vocantur,
531 2395 696 2447 quanto
708 2386 842 2445 magis
858 2388 1101 2434 secundum
1120 2406 1207 2448 035,
1232 2410 1339 2454 quas
1355 2412 1457 2442 cum

72 2455 162 2501 aliis
182 2456 342 2517 linguis
360 2473 614 2503 communes
634 2457 826 2502 habent?

122 2559 129 2576 ¹
150 2555 229 2585 Gen·
250 2564 330 2594 xvu,
348 2556 379 2586 8.
407 2570 441 2576 -·
463 2560 475 2576 2
496 2555 604 2587 Horat.
625 2552 681 2585 lib.
703 2565 724 2595 1,
741 2554 843 2596 Epist.
