1872 3267
405 190 485 227 150
823 201 855 227 s.
894 201 1120 230 Avensa-im
1155 205 1334 232 EPlSCOPI

397 266 497 309 ham
511 266 630 310 velut
648 267 935 311 reviviscentis
953 270 1142 327 corporis
1159 269 1214 314 ad
1235 270 1344 314 filios
1364 269 1674 329 procreandos,
1700 265 1775 310 diu

394 338 678 395 permansisse
705 346 919 392 asserant,
943 337 1001 381 ita
1016 348 1065 382 ut
1083 349 1222 398 posset
1244 350 1287 384 et
1308 340 1412 384 alios
1429 353 1669 399 procreare.
1693 334 1776 381 Sed

394 406 534 451 multo
552 416 616 451 est
634 407 873 452 absolutius
900 407 955 451 de
976 408 1296 455 adolescentula
1317 411 1508 471 potuisse
1540 410 1748 454 seniorem
1761 442 1772 462 ,

394 475 514 537 quod
545 477 687 522 senior
719 476 774 521 de
806 478 974 522 seniore
1009 494 1098 524 non
1119 490 1288 540 posset,
1315 481 1397 525 nisi
1431 484 1544 526 Deus
1575 479 1664 524 illic
1691 478 1776 522 mi-

392 546 591 594 raculum
623 549 917 608 praestitisset,
953 551 1136 595 maxime
1171 561 1349 611 propter
1380 554 1494 596 Sarae
1519 566 1608 595 non
1636 548 1776 594 solum

393 629 566 664 aetatem
582 655 593 675 ,
623 621 907 665 verumetiam
930 620 1213 666 sterilitatem.
1250 625 1360 667 Sane
1381 622 1512 667 etiam
1538 619 1776 681 grandioris

392 691 551 746 aetatis,
576 699 620 734 et
641 691 753 735 sicut
782 691 1002 750 Scriptura
1021 691 1238 752 loquitur,
1264 692 1444 752 plenum
1466 692 1637 735 dierum
1652 705 1776 750 posse

391 760 476 805 dici
494 761 728 816 seniorem,
748 762 833 805 hoc
853 770 916 805 est
938 761 1240 820 presbyterum
1257 798 1267 818 ,
1293 763 1393 807 hinc
1410 761 1593 820 intelligi
1615 769 1772 821 potest,

390 831 492 891 quia
520 832 603 875 hoc
632 831 854 876 Abraham
892 831 1132 891 appellatus
1166 842 1229 877 est
1262 832 1436 894 quando
1463 840 1661 877 mortuus
1694 840 1771 875 est.

391 901 579 945 Proinde
592 901 731 945 omnis
746 917 873 945 senex
887 901 1015 946 etiam
1028 902 1271 961 presbyter,
1292 919 1381 947 non
1399 902 1537 947 omnis
1549 901 1777 961 presbyter

391 971 521 1015 etiam
534 986 661 1015 senex
679 991 687 1016 :
707 973 808 1032 quia
820 971 1079 1033 plerumque
1091 981 1155 1017 est
1168 973 1251 1018 hoc
1264 989 1426 1018 nomen
1439 973 1577 1017 aetatis
1590 987 1690 1032 quae
1706 972 1775 1015 in-

390 1040 456 1086 fra
473 1042 683 1086 senectuti
702 1042 842 1087 vicina
855 1051 933 1098 est,
951 1052 994 1086 et
1007 1058 1058 1086 ex
1071 1044 1154 1088 hoc
1174 1044 1304 1088 etiam
1316 1045 1407 1103 ipsa
1425 1060 1447 1087 a
1465 1051 1687 1087 senectute
1699 1057 1776 1086 no-

390 1128 492 1156 men
514 1113 680 1172 accepit
700 1113 746 1156 in
767 1112 901 1157 latina
917 1113 1067 1172 lingua
1080 1149 1090 1169 ,
1112 1123 1162 1158 ut
1183 1115 1410 1174 presbyter
1427 1114 1568 1158 senior
1582 1111 1775 1173 appelle-

389 1193 476 1228 tur.
489 1183 620 1244 Apud
633 1185 805 1228 Graecos
823 1193 985 1239 autem,
1002 1186 1185 1229 maxime
1200 1186 1310 1229 sicut
1325 1186 1544 1245 Scriptura
1561 1184 1772 1244 loquitur,

387 1258 588 1307 πρεσὲύτεροι
610 1263 654 1298 et
674 1261 813 1307 νεώτεροι
834 1254 1041 1298 dicuntur
1055 1290 1065 1310 ,
1087 1255 1250 1299 etiamsi
1271 1264 1418 1299 aetates
1426 1257 1640 1315 juvenum
1661 1268 1775 1298 com-

389 1333 625 1385 parentur,
657 1324 776 1384 qnod
807 1323 990 1368 dicimus
1025 1341 1104 1369 nos
1136 1326 1343 1384 majorem
1377 1334 1507 1384 atque
1534 1324 1769 1384 juniorem.

384 1397 697 1439 Verumtamen
712 1396 795 1439 hoc
812 1393 977 1439 factum
994 1395 1196 1449 Abrahae,
1215 1395 1334 1455 quod
1352 1403 1645 1454 postmortem
1660 1396 1774 1438 Sarae

387 1465 442 1509 de
464 1466 654 1510 Cethura
691 1464 801 1508 filios
835 1465 1102 1524 procreavit,
1138 1481 1227 1509 non
1259 1466 1318 1510 sic
1351 1464 1650 1524 accipiendum
1687 1473 1770 1519 est,

386 1535 509 1596 quasi
539 1537 731 1579 humana
760 1535 1075 1579 consuetudine
1109 1545 1152 1580 et
1180 1536 1441 1595 cogitatione
1468 1534 1774 1580 tantummodo

386 1605 701 1650 substituendae
723 1606 1027 1650 numerosioris
1044 1606 1175 1665 prolis
1199 1608 1281 1650 hoc
1297 1605 1460 1651 factum
1483 1606 1550 1650 sit.
1574 1606 1641 1650 Sic
1654 1605 1773 1649 enim

383 1685 560 1735 possent
573 1675 766 1734 accipere
780 1676 977 1719 homines
992 1675 1122 1719 etiam
1143 1675 1262 1735 quod
1282 1675 1337 1719 de
1353 1679 1468 1734 Agar
1493 1675 1658 1719 factum
1679 1684 1767 1730 est,

385 1746 465 1789 nisi
488 1744 720 1804 Apostolus
740 1745 994 1789 admoneret
1017 1745 1090 1788 illa
1112 1745 1242 1789 fuisse
1273 1745 1384 1789 facta
1415 1745 1691 1804 prophetice,
1723 1753 1773 1788 ut

382 1817 428 1859 in
461 1816 654 1875 utrisque
686 1816 879 1874 persons
912 1816 1146 1859 mulierum
1181 1830 1421 1874 earumque
1455 1815 1645 1859 filiorum
1678 1815 1768 1859 duo

385 1889 655 1929 Testamenta
703 1886 757 1927 ad
794 1884 1043 1928 futurorum
1084 1885 1495 1943 praenuntiationem
1539 1884 1770 1943 allegorica

383 1955 636 2013 significatio
664 1955 884 2011 figuraret.
915 1952 1039 1997 Unde
1068 1953 1111 1997 in
1134 1954 1215 1997 isto
1237 1969 1415 2013 quoque
1442 1954 1630 1998 Abrahae
1656 1953 1771 1998 facto

381 2025 545 2085 aliquid
569 2024 653 2068 tale
671 2023 956 2084 quaerendum
980 2033 1063 2081 est,
1087 2025 1162 2067 etsi
1181 2040 1270 2068 non
1288 2024 1414 2068 facile
1433 2035 1635 2069 occurrat
1651 2060 1662 2078 ,
1689 2041 1769 2084 ego

379 2095 551 2139 interim
571 2094 690 2154 quod
713 2095 922 2138 occurrit:
949 2097 1131 2138 Munera
1156 2111 1253 2154 quae
1276 2104 1536 2154 acceperunt
1556 2094 1634 2138 filii
1658 2111 1768 2139 con-

385 2166 688 2220 cubinarum1,
716 2166 921 2209 videntur
945 2165 1050 2208 mihi
1069 2166 1308 2223 significare
1329 2166 1529 2225 quaedam
1543 2166 1619 2210 Dei
1637 2165 1768 2222 dona,

375 2235 446 2280 vel
464 2236 507 2278 in
529 2235 806 2279 sacramentis
830 2234 897 2279 vel
924 2235 968 2277 in
997 2236 1244 2295 quibusque
1265 2236 1418 2294 signis,
1448 2235 1576 2279 etiam
1603 2235 1768 2279 carnali
1820 2281 1821 2286 ,

377 2306 541 2365 populo
565 2306 817 2349 Judaeorum
845 2315 886 2348 et
909 2305 1120 2349 haereticis
1142 2305 1257 2359 data,
1283 2306 1405 2349 velut
1426 2304 1522 2348 filiis
1550 2306 1763 2364 concubi-
1819 2310 1820 2313 ’

378 2392 549 2430 narum,
575 2391 676 2419 cum
694 2375 954 2420 haereditatis
977 2392 1152 2429 munus,
1178 2375 1297 2435 quod.
1319 2386 1382 2420 est
1401 2376 1586 2419 charitas
1609 2385 1651 2420 ct
1674 2377 1761 2420 vita

433 2479 439 2493 ¹
463 2471 516 2502 Gal
551 2483 591 2509 iv,
612 2480 666 2502 ¹2¹2.

1840 1303 1842 1342 l

1834 1546 1837 1634 f

1833 1640 1869 1741 *i

1864 1748 1869 1808 ι

1862 1820 1868 2008 l

1800 3122 1801 3152 ¹
1852 3134 1860 3241 ἰ

1799 3153 1801 3161 .

1798 3182 1799 3192 l

1796 3250 1800 3267 1
1837 3254 1855 3267 ,Δ
