1872 3267
338 199 605 235 Qnffis‘rioNES
639 202 681 227 IN
716 202 937 239 Numer-os,
976 203 1055 227 me.
1094 203 1152 227 ιν.
1353 186 1435 225 437

54 263 242 325 appellat
266 265 434 324 signum
455 266 595 325 ipsum
614 265 733 326 quod
752 266 880 310 fiebat
904 267 943 310 in
969 267 1103 321 nube,
1124 266 1211 310 sive
1228 280 1328 309 cum
1349 274 1437 309 sta-

54 344 119 380 ret
134 335 399 380 obumbrans
416 336 765 392 tabernaculum,
792 346 841 381 ut
863 346 999 381 castra
1022 337 1326 388 consisterent3
1352 336 1440 380 sive

53 421 152 450 cum
171 406 455 463 ascendisset,
487 416 618 467 atque
635 406 748 452 ultra
768 418 1040 462 moveretur,
1072 416 1121 451 ut
1147 423 1242 451 eam
1265 406 1440 451 elevatis

53 478 198 522 castris
231 488 534 538 sequerentur.
562 479 751 524 Mutavit
783 496 884 524 sane
914 480 960 524 in
984 481 1065 524 hac
1096 479 1308 524 sententia
1341 494 1441 523 nar-

53 549 184 593 rantis
207 549 383 593 modum
399 586 409 606 ,
436 559 478 594 et
500 560 709 611 tanquam
737 550 978 611 prfcdicens
997 560 1127 611 atque
1144 549 1442 609 praenuntians

52 620 184 664 verba
201 619 336 664 futuri
356 621 560 680 temporis
575 622 735 665 habere
752 622 901 682 coepit.
918 624 1069 681 Neque
1083 620 1198 664 enim
1217 620 1275 664 ait
1293 640 1300 665 :
1327 639 1346 662 «
1364 624 1444 664 Per

56 710 74 732 n
110 702 380 752 praeceptum
414 693 588 737 Domini
621 702 759 738 castra
781 713 799 734 >›
838 693 1114 738 collocabant
1142 692 1220 736 filii
1250 691 1397 747 Israel,
1419 711 1438 733 »

51 761 151 817 sed,
188 783 205 803 «
224 761 531 808 collocabunt:
556 783 574 805 »
608 780 687 808 nec
719 765 798 819 ait,
830 768 950 808 «Per
970 772 1239 824 praeceptum
1270 762 1444 806 Domini

57 851 76 873 »
110 834 454 893 promovebant,
488 834 590 890 sed,
616 835 952 894 promovebunt.
979 854 997 875 »
1035 837 1092 878 Et
1121 834 1239 877 hunc
1260 832 1444 877 modum

53 904 179 948 etiam
201 905 247 948 in
270 906 636 966 consequentibus
670 916 831 962 servat,
863 906 939 966 qui
962 904 1117 950 modus
1144 905 1189 947 in
1214 903 1445 963 Scripturis

52 984 114 1020 est
132 975 494 1021 inusitatissimus.
514 979 624 1022 Nam
638 978 777 1022 verbis
798 977 1004 1037 praeteriti
1023 975 1231 1034 temporis
1248 990 1361 1034 saepe
1379 974 1447 1018 fu-

15 1066 21 1111 i
52 1055 147 1091 tura
165 1047 374 1106 praedicta
396 1063 486 1092 esse
508 1048 736 1099 novimus3
757 1049 868 1093 sicut
891 1057 953 1091 cst
971 1067 979 1092 ε
1009 1066 1028 1089 «
1048 1045 1277 1091 Foderunt
1292 1047 1447 1089 manus

54 1134 75 1158 »
110 1133 225 1162 meas
259 1127 302 1161 et
330 1117 489 1177 pedes¹
519 1139 527 1163 :
562 1137 582 1160 ³>
616 1128 684 1174 et,
726 1139 746 1161 «
781 1119 900 1164 Sicut
930 1118 1019 1162 ovis
1042 1116 1098 1161 ad
1126 1116 1445 1161 immolandum

14 1223 15 1226 ,
55 1205 74 1229 n
109 1187 266 1233 ductus
284 1192 391 1233 est‘2.
412 1208 431 1230 n
452 1199 496 1233 et
510 1189 844 1233 innumerabilia
865 1189 964 1233 talia
982 1209 989 1234 z
1012 1198 1061 1233 ut
1084 1198 1230 1232 autem
1247 1198 1446 1233 narrator

17 1282 19 1291 =
53 1274 196 1304 rerum
219 1269 436 1318 gestarum
464 1261 606 1305 verbis
628 1270 778 1305 utatur
802 1261 1006 1320 temporis
1038 1259 1203 1315 futuri,
1229 1260 1340 1304 sicut
1362 1261 1446 1305 hoc

15 1343 19 1353 '¹
52 1328 147 1375 loco
163 1365 173 1384 ‚
201 1329 456 1375 difficillime
477 1331 522 1374 in
547 1332 777 1391 Scripturis
800 1331 983 1376 inveniri
1005 1340 1162 1390 potest.

111 1403 187 1445 IV.
211 1404 324 1459 Ergo
342 1411 627 1462 posteaquam
655 1402 763 1446 dixit
790 1403 845 1446 de
866 1402 937 1445 die
966 1411 1009 1446 et
1031 1412 1180 1458 nocte,
1205 1418 1294 1463 quo
1323 1402 1445 1460 signo

16 1498 17 1509 κ
51 1482 327 1531 promoveret
344 1473 550 1533 populus,
576 1472 646 1517 vel
664 1482 874 1528 maneret,
900 1489 955 1517 ne
968 1483 1230 1532 putarentur
1251 1489 1328 1533 per
1346 1489 1446 1518 noc-

10 1551 17 1607 ‚j
52 1551 138 1587 tem
174 1543 398 1588 ambulare
425 1554 468 1588 ct
500 1560 580 1603 per
607 1538 727 1588 'diem
757 1543 894 1588 solere
921 1543 1170 1599 considere,
1207 1553 1338 1604 atque
1361 1545 1446 1590 hoc

52 1612 207 1658 diebus
228 1615 431 1659 omnibus
446 1614 610 1669 facere,
637 1625 810 1659 secutus
828 1615 1024 1675 adjunxit
1038 1650 1048 1670 ‚
1071 1625 1114 1660 et
1136 1615 1216 1659 ait:
1243 1634 1262 1658 «
1283 1616 1445 1661 Omnes

10 1695 17 1741 g
56 1701 75 1724 »
110 1683 200 1728 dies
216 1720 226 1740 ,
251 1685 295 1730 in
325 1685 485 1746 quibus
508 1685 744 1730 obumbrat
765 1686 904 1730 nubes
927 1701 1057 1745 super
1082 1685 1412 1730 tabernaculum
1430 1722 1441 1742 ‚

6 1746 19 1779 3³
58 1773 77 1795 »
113 1755 156 1798 in
173 1757 320 1801 castris
342 1765 471 1800 erunt
492 1756 569 1800 filii
589 1757 745 1814 lsra'e'13
764 1767 807 1801 et
824 1757 1001 1818 quando
1023 1759 1284 1817 protraxerit
1305 1759 1445 1803 nubes

7 1818 15 1872 ἶ
58 1843 78 1867 »
112 1842 242 1887 super
278 1829 609 1873 tabernaculum
645 1828 735 1873 dies
769 1828 929 1889 plures.
959 1848 977 1870 »
1006 1829 1173 1874 Deinde
1202 1829 1444 1874 admonens

8 1886 15 1910 '⁷
55 1913 142 1942 non
159 1899 243 1943 hoc
261 1915 312 1943 ex
329 1899 504 1944 illorum
526 1900 778 1944 necessitate
801 1900 889 1943 fieri
909 1935 918 1954 ,
941 1899 1016 1944 sed
1031 1916 1080 1943 ex
1098 1901 1175 1944 Dei
1197 1899 1442 1955 voluntate‚

5 1965 12 1996 ἕ
58 1988 78 2010 «
112 1971 168 2013 Et
197 1970 466 2024 custodient,
502 1970 673 2030 inquit,
699 1970 775 2014 filii
797 1970 929 2013 Israel
951 1969 1193 2014 custodiam
1219 1971 1322 2026 Dei,
1353 1990 1371 2012 »
1400 1971 1443 2015 id

7 2067 12 2074 -
54 2049 136 2093 est,
162 2041 403 2085 custodiam
426 2056 559 2100 quam
581 2041 786 2100 praecepit
808 2044 922 2085 Deus
941 2062 951 2097 3
981 2061 1000 2083 «
1021 2044 1077 2085 Et
1099 2057 1189 2086 non
1210 2057 1443 2101 promove-

3 2108 12 2134 :²
57 2127 76 2150 n
111 2110 237 2155 bunt.
267 2129 287 2152 »
313 2114 369 2155 Et
392 2120 601 2171 tanquam
624 2110 855 2166 diceretur,
887 2131 905 2153 α
932 2112 1118 2165 Quando
1141 2127 1242 2170 ergo
1263 2128 1443 2172 promo-

7 2199 10 2206 *
53 2181 246 2225 vehunt?
272 2201 291 2223 a
309 2185 365 2225 Et
383 2182 478 2236 erit7
505 2181 664 2241 inquit,
690 2197 790 2225 cum
816 2183 963 2225 texerit
989 2182 1127 2226 nubes
1145 2181 1236 2225 dies
1259 2198 1442 2227 nurnero

57 2270 75 2292 »
110 2268 238 2312 super
260 2251 615 2306 tabernaculum⁷
645 2270 663 2292 »
690 2251 734 2295 id
760 2262 844 2308 est,
872 2253 962 2296 dies
985 2262 1103 2297 certo
1126 2269 1310 2297 numero
1328 2289 1338 2307 ,
1365 2254 1440 2313 qui

12 2320 259 2368 (numerus
282 2325 436 2384 utique
458 2327 548 2367 Deo
580 2323 770 2382 placeret
801 2344 809 2369 :
856 2343 874 2365 «
912 2328 993 2368 Per
1026 2339 1177 2368 vocem
1200 2325 1373 2368 Domini
1396 2325 1442 2368 in

3 2422 7 2427 ·
57 2411 76 2434 »
111 2394 254 2438 castris
271 2403 415 2449 erunt,
432 2403 474 2438 et
491 2409 568 2453 per
582 2403 846 2453 praeceptum
866 2395 1037 2438 Domini
1056 2395 1393 2454 promovebunt.
1414 2414 1434 2437 »

54 2465 175 2508 Hanc
197 2464 370 2509 videtur
392 2464 534 2509 dicere
556 2480 706 2508 vocem
730 2465 901 2509 Domini
936 2465 1105 2524 signum
1136 2465 1253 2525 quod
1289 2465 1363 2510 dat
1385 2465 1439 2510 de

102 2554 108 2569 ¹
131 2547 366 2590 Psal.x‹1‚17.
389 2566 428 2571 --
449 2555 461 2570 ‘·’-
481 2550 548 2580 lsai'.
576 2560 618 2589 m,
636 2559 663 2590 7⁴
