1872 3267
343 224 610 264 Quffis'rloivsss
642 227 686 254 m
719 224 935 263 GENESIM'‚
968 227 1049 253 Lm.
1087 227 1116 252 1.
1340 214 1421 252 169

41 310 61 333 »
96 307 190 336 mor
211 301 333 352 patre
358 292 542 350 Sychem
566 300 742 336 eentum
775 290 919 350 agnis3
944 299 986 334 et
1014 289 1163 333 statuit
1186 288 1247 334 ibi
1273 304 1388 333 aram
1407 323 1418 344 ,

42 381 61 404 »
96 372 139 407 et
167 363 382 408 invocavit
406 366 543 407 Deum
575 362 746 408 lsrael&
777 362 892 406 Exiit
914 371 1058 405 autem
1093 361 1201 413 Dina
1224 359 1311 404 filia
1334 360 1423 404 Liae

41 452 61 475 n
95 449 228 493 quam
252 434 417 494 peperit
444 434 524 494 ipsi
547 434 704 488 Jacob,
741 443 791 477 ut
812 432 1079 477 condisceret
1100 430 1207 475 filias
1235 431 1423 489 regionis

42 523 61 546 »
96 506 244 566 ejus‘2,
268 523 287 546 »
314 515 357 549 et
380 514 548 550 caetera.
576 509 765 565 Apparet
796 520 897 564 ergo
925 504 990 548 his
1022 502 1165 547 verbis
1194 518 1282 546 non
1307 511 1424 547 tran-

38 585 226 631 seunter,
244 577 357 621 sicut
376 577 514 622 viator
535 577 659 632 solet,
676 576 763 621 illic
787 576 990 621 mansisse
1013 574 1164 629 Jacob,
1177 573 1252 618 sed
1271 589 1422 633 agrum

39 648 211 702 emisse,
243 648 577 693 tabernaculum
605 648 899 702 constituisse,
925 662 1041 690 aram
1072 645 1344 699 instruxisse,
1376 660 1424 689 ac

0 775 1 778 Ἴ
38 732 114 777 per
136 718 218 762 hoc
240 717 402 762 diutius
424 718 640 763 habitasse
663 739 670 763 :
700 718 831 762 filiam
854 733 956 762 vero
980 718 1071 776 ejus
1086 752 1097 771 ,
1122 731 1222 759 cum
1253 715 1307 758 ad
1329 730 1424 759 eam

0 801 4 1010 ἱ

37 787 220 832 venisset
244 798 438 843 aetatem,
464 798 514 833 ut
531 790 687 833 amicas
704 789 864 834 habere
882 790 971 848 jam
991 796 1154 847 posset,
1176 785 1425 830 condiscere

38 857 221 903 voluisse
247 858 353 903 filias
381 859 540 904 civium
577 859 661 905 loci
691 881 698 904 :
729 869 860 920 atque
888 860 945 903 ita
965 857 1125 902 factam
1142 872 1230 901 esse
1253 872 1331 916 pro
1353 854 1426 900 illa

39 930 379 974 cruentissimam
409 931 572 975 caedem
609 941 652 975 et
684 932 1075 991 depraedationem,
1115 945 1214 989 quae
1232 930 1323 988 jam
1342 963 1353 982 ,
1378 936 1428 971 ut

37 1010 146 1061 puto
161 1037 172 1056 ,
197 1002 483 1061 quaestionem
508 1019 596 1047 non
618 1003 766 1047 habet.
787 1002 1028 1046 Multitudo
1049 1001 1164 1044 enim
1186 1015 1272 1044 non
1294 1014 1427 1058 parva

1 1075 7 1152 ἰ
39 1080 129 1116 erat
164 1087 260 1115 cum
296 1074 453 1128 Jacob,
478 1073 716 1133 plurimum
744 1073 904 1117 ditatus
933 1071 1037 1126 fuit,
1064 1070 1139 1115 sed
1170 1069 1247 1114 filii
1269 1071 1360 1130 ejus
1382 1070 1427 1112 in

40 1142 121 1186 hoc
156 1141 272 1187 facto
312 1145 616 1198 nominantur,
648 1144 749 1204 quia
784 1143 979 1203 ejusdem
1002 1140 1105 1187 facti
1128 1140 1342 1200 principes
1360 1148 1426 1184 at-

40 1229 126 1274 que
142 1224 337 1259 auctores
361 1214 554 1259 suerunt.

7 1341 12 1439 '
547 1324 784 1373 Qoffis'no
816 1324 913 1364 clx.

99 1426 224 1477 Quor>
247 1424 307 1467 ait
330 1423 465 1468 Jacob
483 1458 493 1478 ,
515 1424 670 1467 timens
693 1423 806 1467 bella
825 1423 1111 1467 finitimorum
1135 1421 1253 1482 apud
1276 1421 1428 1466 civita-

11 1485 14 1540 ξ
42 1504 129 1539 tem
156 1494 294 1539 Salem
310 1530 320 1550 ,
337 1510 469 1554 quam
493 1504 854 1555 expugnaverunt
875 1494 952 1538 filii
975 1496 1064 1554 ejus
1083 1514 1090 1539 ε
1121 1513 1141 1536 «
1168 1497 1262 1553 Ego
1284 1503 1429 1537 autem

12 1558 15 1610 ⁸,
44 1584 65 1605 n
101 1566 279 1624 exiguus
290 1582 385 1609 sum
399 1581 599 1621 numero,
614 1575 657 1609 et
671 1566 978 1610 convenientes
991 1581 1038 1608 su
1046 1580 1120 1624 per
1132 1580 1218 1619 me,
1231 1563 1431 1609 occident

13 1612 16 1632 t

14 1634 17 1691 ξ
46 1655 64 1677 ))
102 1651 170 1680 me
186 1638 217 1691 3,
233 1645 443 1695 »propter
460 1636 574 1680 bella
589 1637 799 1696 plurium,
817 1653 917 1696 quae
931 1652 1195 1695 consurgere
1208 1644 1428 1696 poterant,

15 1693 19 1752 i
43 1722 86 1751 se
98 1706 204 1750 dixit
217 1722 399 1751 numero
414 1707 632 1765 exiguum,
645 1722 734 1751 non
751 1706 871 1767 quod
883 1707 1028 1750 minus
1041 1706 1204 1750 multos
1222 1706 1426 1759 haberet,

16 1763 20 1844 ξ
44 1793 174 1838 quam
196 1787 371 1837 possent
402 1778 601 1821 sufficere
623 1777 935 1837 expugnationi
956 1775 1072 1821 illius
1095 1777 1277 1821 civitatis
1294 1812 1304 1832 ,
1330 1791 1430 1820 cum

20 1862 21 1900 ξ
45 1863 142 1893 suos
163 1849 207 1892 in
231 1848 384 1893 itinere
410 1848 456 1892 in
479 1848 581 1893 bina
607 1858 745 1893 castra
765 1847 972 1892 diviserit.

549 1943 796 1995 ’QUAEsrlo
829 1946 910 1985 cx.

108 2054 128 2077 «
148 2038 279 2079 Dtxrr
296 2044 443 2079 autem
456 2038 569 2079 Deus
591 2035 750 2079 Jacob:
774 2037 910 2094 Surge
926 2070 936 2090 ,
968 2044 1012 2078 et
1031 2034 1215 2079 ascende
1228 2036 1270 2078 in
1289 2034 1434 2079 locum

24 2110 25 2115 ’
53 2125 71 2148 n
104 2107 255 2151 Bethel
272 2143 282 2162 ,
308 2116 351 2151 et
381 2107 531 2151 habita
554 2106 636 2161 ibi,
663 2116 706 2150 et
727 2106 795 2150 fac
830 2107 889 2150 ibi
914 2123 1031 2151 aram
1062 2110 1176 2161 Deo,
1203 2108 1279 2168 qui
1302 2124 1436 2167 appa-

0 2205 3 2216 .
25 2177 27 2203 ³
52 2195 72 2218 »
105 2177 192 2221 ruit
210 2178 311 2232 tibi,
339 2193 439 2221 eum
464 2176 634 2236 fugeres
663 2193 685 2220 a
710 2177 817 2222 facie
836 2179 949 2221 Esaii
974 2178 1116 2222 fratris
1135 2179 1245 2222 tui4.
1271 2197 1290 2218 »
1318 2179 1435 2232 Quid

26 2274 30 2295 ε
50 2257 111 2292 est
131 2248 250 2308 quod
274 2264 364 2292 non
398 2248 528 2293 dixit:
551 2251 642 2292 «Et
664 2247 731 2292 fac
752 2248 814 2291 ibi
837 2264 955 2292 aram
978 2249 1114 2304 mihi,
1150 2251 1226 2309 qui
1254 2250 1436 2309 apparui

52 2319 149 2375 tibi,
181 2319 254 2363 sed
286 2322 400 2363 Deus
433 2318 567 2374 dicit,
603 2339 622 2361 «
651 2321 736 2363 Fac
765 2319 825 2362 ibi
857 2335 974 2363 aram
1005 2323 1096 2364 Deo
1129 2320 1205 2380 qui
1234 2320 1437 2380 apparuit

0 2427 5 2433 .
29 2395 31 2409 ³
55 2407 74 2429 η
108 2389 205 2433 tibi:
239 2410 257 2430 »
296 2399 444 2433 utrum
478 2388 614 2433 Filius
641 2389 702 2433 ibi
734 2391 960 2449 apparuit,
989 2400 1031 2435 et
1068 2395 1181 2435 Deus
1205 2395 1331 2435 Pater
1354 2392 1437 2435 hoc

0 2516 4 2521 .
30 2454 178 2515 inlicit,
204 2475 258 2503 an
286 2460 331 2503 in
355 2460 503 2521 aliquo
527 2475 684 2519 genere
701 2460 932 2504 locutionis
959 2461 1377 2505 annumerandum?

101 2561 108 2577 ¹
130 2558 207 2588 Gen.
226 2566 337 2599 xxxin,
366 2557 483 2590 18-20.
499 2574 541 2580 —·
569 2557 643 2590 2111.
663 2564 777 2598 κυεῖν,
799 2569 827 2589 1.
842 2574 883 2579 —-
904 2556 917 2579 3
940 2557 1021 2590 Ibid.
1044 2558 1097 2590 30.
1119 2575 1160 2581 —-
1180 2556 1194 2588 ln
1212 2559 1259 2591 Id.
1280 2569 1378 2601 xxxv,
1406 2570 1435 2591 1.
