1872 3267
233 186 501 226 QUAESTwNES
532 190 578 216 m
611 188 1014 226 DEUTERONOMIUM,
1048 189 1131 216 mn.
1167 191 1209 216 v.
1332 176 1419 217 497

29 253 216 314 scripsit,
241 269 332 298 non
347 253 481 298 homo
496 288 507 308 ‚
528 254 605 298 sed
625 256 761 298 Deus:
788 263 1091 298 verumtamen
1110 252 1182 298 illa
1203 262 1319 298 certe
1336 253 1421 298 dis-

30 323 164 370 tantia
188 339 277 368 non
300 323 434 368 habet
456 323 775 368 dubitatIOnem
794 358 805 379 ‚
842 323 963 384 quod
993 324 1157 384 priores
1185 322 1356 369 tabulas
1378 333 1423 368 et

30 398 145 440 Deus
165 394 290 449 fecit,
315 403 359 439 et
380 398 494 439 Deus
515 394 697 454 scripsit.
716 397 814 441 Non
832 396 948 439 enim
968 404 1075 440 tunc
1092 395 1261 440 dictum
1283 404 1348 439 est
1368 395 1424 439 ad

31 467 212 523 Moysen
233 485 241 509 :
272 484 291 506 «
316 464 479 509 Excidc
496 465 577 509 tibi
599 464 707 510 duas
725 465 894 510 tabulas
911 487 922 524 3
946 484 965 508 »
983 464 1059 510 sed
1076 466 1134 510 ita
1151 465 1295 526 potius
1316 465 1425 524 legi-

34 545 129 581 tur:
160 555 179 577 «
204 539 262 579 Et
285 551 518 581 conversus
539 539 710 594 Moyses
727 537 952 581 descendit
969 537 1025 581 de
1049 546 1199 581 monte
1215 572 1225 591 ,
1253 546 1296 581 et
1325 535 1426 580 duee

36 626 57 650 »
92 605 255 651 tabulae
289 607 526 652 testimonii
557 607 604 650 in
645 608 847 652 manibus
884 609 975 668 ejus
1005 627 1014 652 z
1052 606 1214 652 tabulae
1244 607 1428 667 lapideae

10 727 13 729 ,
38 697 60 720 »
93 677 264 736 scriptae
276 692 328 720 ex
344 686 529 738 utraque
549 689 684 737 parte,
704 679 807 723 hinc
822 687 954 739 atque
967 679 1071 723 hinc
1090 688 1214 723 erant
1230 678 1424 737 scriptae:

40 767 60 790 n
94 758 138 793 et
160 747 324 792 tabulae
343 764 453 807 opus
475 748 552 792 Dei
571 758 710 803 erant,
734 759 777 793 et
801 749 1016 809 scriptura
1037 749 1249 809 scriptura
1272 748 1349 793 Dei
1366 757 1431 792 est

41 838 61 861 »
95 817 262 878 sculpta
284 818 330 862 in
361 818 567 863 tabulis¹.
594 837 612 859 »
641 822 738 863 Jam
772 819 887 863 enim
923 820 1118 879 superius
1142 819 1310 863 dixerat
1337 834 1432 863 cas-

18 890 137 934 =den1
160 888 329 934 tabulas
360 889 537 949 scriptas
569 888 705 949 digito
728 889 827 943 Dei,
858 890 917 934 sic
939 889 1124 950 loquens
1151 910 1159 935 :
1190 910 1209 932 «
1236 893 1293 934 Et
1310 889 1433 934 dedit

42 980 63 1003 n
97 961 237 1018 Moysi
269 961 413 1005 statim
443 970 493 1005 ut
515 961 694 1006 cessavit
716 960 839 1022 loqui
861 961 913 1005 ad
950 977 1051 1006 eum
1079 962 1125 1005 in
1154 970 1305 1006 monte
1332 961 1433 1006 Sina

43 1050 64 1074 »
98 1031 207 1076 duas
228 1031 399 1075 tabulas
418 1032 669 1086 testimonii,
695 1031 866 1076 tabidas
888 1031 1079 1091 lapideas
1101 1032 1279 1091 scriptas
1297 1030 1434 1090 digito

44 1122 64 1146 »
99 1103 216 1150 Dei2.
248 1122 267 1144 »
295 1102 360 1147 lbi
384 1119 486 1162 ergo
505 1113 548 1147 et
569 1101 734 1147 tabulae
753 1118 862 1162 opus
884 1103 961 1147 Dei
984 1112 1132 1157 erant,
1158 1112 1201 1146 et
1223 1103 1436 1162 scriptura

42 1190 189 1219 earum
226 1174 312 1233 dig
288 1184 364 1218 ito
404 1176 478 1219 Dei
519 1174 645 1219 facta.
687 1174 908 1220 Secundas
949 1190 1095 1226 amem
1135 1173 1304 1218 tabulas
1346 1173 1437 1233 ipse

13 1248 212 1302 Moyses
229 1245 414 1305 jubetur
435 1245 659 1301 excide1e3
684 1253 733 1288 ut
757 1245 847 1303 ipse
869 1253 986 1288 certe
1003 1259 1133 1303 opere
1151 1245 1377 1289 humano
1367 1260 1436 1288 m-

5 1316 18 1370 ,Ι
45 1315 296 1374 telligantui
313 1315 489 1369 excisae,
511 1314 708 1374 quamvis
731 1330 801 1358 eas
822 1314 968 1358 Deus
958 1330 1048 1374 lpse
1065 1315 1302 1392 scripserit,
1329 1316 1441 1360 sicut

3 1375 17 1435 ὅ
46 1386 240 1446 promisit
265 1401 366 1430 cum
393 1385 570 1445 juberet
599 1384 754 1429 excidi.
791 1388 923 1429 Porro
947 1394 1093 1429 autem
1121 1385 1155 1429 si
1189 1384 1440 1443 diligentius

4 1469 20 1501 12
48 1457 322 1502 attendamus
339 1492 350 1512 ,
385 1456 484 1500 ideo
507 1467 747 1516 utrumque
769 1455 937 1500 dictum
961 1471 1051 1500 esse
1080 1456 1126 1499 in
1148 1456 1349 1501 secundis
1376 1466 1442 1501 ta—

0 1755 19 1790 ‚1
51 1738 190 1784 vantis
210 1737 288 1781 Dei
320 1756 329 1780 ;
357 1738 488 1791 (Ideo
511 1747 658 1781 autem
686 1738 896 1797 imprimis
919 1737 1060 1781 solum
1086 1753 1194 1797 opus
1226 1738 1303 1782 Dei
1327 1754 1448 1782 com-

0 1828 18 1855 ,τ
54 1817 333 1862 memoratur,
369 1806 471 1867 quia
508 1810 598 1850 Lex
623 1807 822 1865 spiritalis
855 1810 966 1862 estss,
1004 1817 1047 1851 et
1076 1811 1164 1851 Lex
1197 1818 1367 1863 sancta,
1407 1818 1451 1852 et

55 1877 310 1924 mandatum
343 1886 564 1931 sanctum,
601 1886 645 1920 ct
673 1877 841 1936 justum
861 1911 871 1931 ,
907 1885 951 1919 et
983 1877 1151 1920 bonum
1180 1896 1188 1920 :
1219 1876 1316 1922 ideo
1348 1894 1451 1923 vcro

57 1948 226 1994 nullum
251 1964 359 2008 opus
394 1947 582 1991 hominis
615 1946 676 1990 ibi
704 1955 1088 2002 commemoratur,
1121 1947 1224 2007 quia
1254 1948 1452 1993 infideles

58 2036 147 2065 non
178 2018 591 2078 contemperantur*
627 2016 844 2077 adjutorio
877 2017 1048 2074 grafiae,
1088 2017 1161 2061 sed
1204 2018 1454 2077 ignorantes

60 2090 358 2151 Deijustitiam
378 2098 420 2133 et
434 2103 553 2132 suam
569 2086 764 2131 volentes
781 2087 1060 2142 constituere,
1078 2088 1256 2148 justitiae
1270 2090 1347 2134 Dei
1364 2106 1455 2135 non

0 2200 8 2205 ,.
63 2172 162 2207 sunt
183 2160 367 2221 subjecti
385 2163 399 2185 ⁵
427 2176 435 2200 t
464 2158 582 2203 unde
604 2157 688 2203 illis
710 2161 797 2202 Lex
815 2158 870 2203 ad
893 2159 1305 2205 condemnationem
1322 2161 1453 2218 valet,

16 2259 17 2263 =
64 2233 181 2294 quod
204 2232 418 2291 siguificat
440 2229 645 2275 contritio
674 2229 920 2273 tabularum
948 2250 955 2274 1
979 2233 992 2285 )
1018 2229 1212 2289 profecto
1235 2247 1325 2275 non
1343 2233 1458 2291 cogi-

3 2345 9 2350 .
63 2320 161 2348 mur
181 2302 375 2348 violento
393 2300 623 2345 intellectu
645 2300 879 2344 subaudire
896 2337 906 2354 ‚
929 2300 1050 2361 quod
1070 2305 1184 2345 Deus
1210 2302 1454 2362 scripserit,

0 2367 9 2423 s
65 2374 139 2418 ubi
171 2375 391 2434 Scriptura
425 2372 532 2416 dicit
559 2391 567 2415 z
608 2391 627 2413 «
661 2374 716 2415 Et
738 2381 830 2415 erat
858 2372 920 2415 ibi
954 2375 1126 2430 Moyses
1154 2372 1199 2416 in
1222 2385 1459 2433 conspectu

120 2472 243 2504 'Exod
262 2482 368 2513 xxxii,
399 2470 450 2511 15,
476 2469 526 2500 16.
550 2484 592 2490 —-
618 2468 693 2500 21d.
724 2479 808 2508 xxm,
833 2468 881 2500 18.
904 2485 944 2489 —
965 2466 978 2490 3
999 2471 1088 2500 Rom.
1108 2480 1163 2509 vu,
1189 2478 1239 2501 12.
1267 2487 1308 2492 —
1331 2469 1459 2505 [¹1³0rte

23 2561 26 2566 Δ
69 2535 306 2570 cooperantur.
324 2543 364 2548 ——
384 2524 398 2548 ⁵
425 2528 514 2558 Rom.
543 2537 574 2566 x,
594 2525 623 2555 3.

285 2592 407 2620 exin.
1224 2582 1274 2620 32
