1872 3267
372 224 455 265 214
810 236 843 264 S.
880 237 1111 267 AUGUSTINI
1143 240 1324 268 Emscom

375 302 709 347 «Fundamenta
723 304 816 363 ejus
826 304 871 347 in
882 306 1104 355 montibus
1115 307 1269 350 sanctis
1286 325 1324 350 :»
1341 306 1400 350 sic
1412 314 1455 350 et
1465 305 1536 349 hic
1551 300 1746 348 nondum

371 373 594 418 nominato
627 373 792 427 infante
829 374 995 418 dictum
1017 386 1106 431 est,
1136 396 1155 417 «
1181 377 1380 421 Occurrit
1401 377 1440 419 ei
1461 385 1504 420 et
1525 373 1749 435 quaerebat

374 464 394 486 «
418 459 518 499 eum
540 443 765 501 occidere3
788 464 807 486 n
834 455 884 489 ut
910 446 964 489 de
986 463 1074 507 quo
1097 446 1271 502 dixerit,
1307 448 1352 490 in
1383 444 1749 506 consequentibus

369 530 665 574 agnoscamus.
683 519 942 576 Quanquam
962 526 1004 561 et
1022 518 1055 562 si
1074 518 1128 562 de
1142 522 1291 577 Moyse
1308 518 1502 577 accipere
1518 516 1749 577 quisquam
1807 541 1810 545 ·

368 586 574 642 voluerit,
609 602 697 630 non
739 596 810 642 est¹
833 601 1094 647 magnopere
1121 589 1421 634 resistendum.
1458 586 1576 633 Illud
1603 586 1748 645 potius

369 654 489 716 quod
509 656 703 716 sequitur
718 691 728 711 ‚
753 657 786 700 si
809 656 901 700 fieri
920 666 1086 716 potest,
1111 658 1400 718 intelligatur‚
1425 657 1533 718 quid
1550 656 1629 701 sibi
1645 654 1749 699 velit

370 727 469 771 ideo
481 726 697 770 recessisse
715 725 933 785 Angelum
948 727 1002 770 ab
1016 727 1319 773 interfectione
1330 728 1563 789 cujuslibet
1577 740 1744 781 eorum,

368 797 470 857 quia
492 794 790 851 dixitmulier‚
812 815 832 837 «
849 796 976 841 Stetit
992 799 1161 855 sanguis
1177 798 1513 843 circumcisionis
1525 794 1745 840 infantis.»

368 869 466 912 Non
480 865 595 911 enim
609 866 668 910 ait
688 885 697 910 ε
723 884 743 907 α
758 866 950 910 Recessit
965 867 1019 910 ab
1038 883 1105 922 eo,
1125 887 1145 909 »
1162 879 1339 929 propter
1348 869 1469 930 quod
1479 865 1751 913 circumcidit

369 934 582 982 infantem
614 955 623 980 ι
649 935 725 981 sed
763 937 866 997 quia
899 937 1017 982 stetit
1056 940 1227 998 sanguis
1263 938 1621 995 circumcisionis,
1660 952 1750 980 non

369 1007 472 1067 quia
493 1006 706 1065 cucurrit,¹
731 1006 807 1059 sed
828 1007 930 1068 quia
952 1008 1071 1053 stetit
1088 1043 1099 1064 ,
1124 1024 1306 1069 magno,
1327 1010 1408 1055 nisi
1437 1008 1579 1064 fallor,
1610 1021 1749 1052 sacra-

368 1085 533 1122 mento.

883 1176 1120 1225 QuAEsrlo
1151 1178 1238 1217 ΧΠ.

428 1279 554 1330 Quen
575 1276 770 1336 superius
790 1276 955 1320 dictum
982 1286 1066 1332 est,
1093 1276 1213 1337 quod
1234 1279 1402 1335 Moyses
1419 1292 1597 1322 uxorem
1617 1286 1660 1321 et
1679 1277 1751 1320 in-
1812 1266 1815 1320 J
1835 1302 1845 1311 Δ

369 1347 509 1393 santes
531 1363 629 1392 suos
649 1348 853 1406 imposuit
884 1347 1114 1403 vehiculis,
1142 1357 1192 1392 ut
1232 1364 1333 1392 cum
1351 1348 1409 1393 eis
1441 1348 1486 1392 in
1508 1351 1752 1407 AEgyptum
1812 1378 1813 1386 ,

368 1420 590 1478 pergeret¹
604 1453 614 1472 ‚
642 1426 790 1476 postea
808 1432 910 1461 vero
922 1420 945 1461 J
951 1418 1077 1461 othor
1094 1433 1213 1461 socer
1230 1419 1321 1477 ejus
1337 1417 1399 1461 illi
1412 1433 1512 1462 cum
1524 1417 1582 1461 eis
1595 1433 1751 1461 occur-
1811 1425 1813 1430 ⁴

369 1489 450 1543 rit,
480 1497 762 1548 posteaquam
799 1488 949 1531 eduxit
983 1488 1196 1547 populum
1232 1504 1282 1531 ex
1310 1491 1501 1548 AEgypto
1522 1492 1539 1514 ²
1574 1508 1582 1532 :
1616 1489 1753 1548 quaeri

370 1568 532 1619 potest,
551 1558 773 1619 quomodo
794 1568 1031 1618 utrumque
1049 1559 1102 1603 sit
1122 1574 1289 1604 verum.
1314 1559 1398 1603 Sed
1419 1557 1752 1616 intelligendum
1809 1562 1811 1576 '

370 1639 455 1685 est,
476 1638 574 1689 post
594 1628 730 1683 illam,
751 1645 849 1689 quae
863 1629 917 1672 ab
935 1629 1102 1688 Angelo
1116 1628 1263 1673 futura
1280 1639 1385 1684 erat,
1403 1628 1751 1673 interfectionem
1808 1654 1809 1689 }

371 1700 507 1757 Moysi
538 1699 607 1744 vel
647 1698 847 1754 infantis,
881 1714 1092 1744 reversam
1122 1698 1251 1743 fuisse
1278 1715 1378 1743 cum
1402 1698 1606 1758 parvulis.
1641 1701 1750 1744 Nam

371 1769 548 1830 quidam
563 1778 829 1829 putaverunt
850 1778 1027 1828 propter
1044 1769 1128 1813 hoc
1145 1768 1361 1827 Angelum
1379 1769 1597 1824 terruisse,
1620 1785 1676 1813 ne
1696 1769 1749 1812 ad

368 1840 730 1899 impedimentum
747 1839 991 1894 ministerii,
1006 1838 1126 1899 quod
1142 1838 1348 1884 divinitus
1360 1839 1610 1898 impositum
1622 1842 1751 1897 Moy-

369 1925 432 1955 ses
455 1908 657 1969 gerebat,
681 1907 912 1952 foemineus
929 1924 1054 1952 sexus
1074 1909 1367 1953 comitaretur.

869 2017 1105 2067 QUAESTIO
1138 2018 1242 2056 xm.

396 2124 649 2175 Qnffimrtm,
661 2118 882 2180 quomodo
897 2118 1060 2179 populo
1074 2118 1255 2174 dicatur,
1270 2117 1391 2179 quod
1404 2117 1626 2163 mandavit
1638 2122 1751 2163 Deus
1800 2105 1802 2160 ἒ

369 2194 608 2253 ejecturum
630 2207 674 2234 se
692 2206 763 2234 eos
788 2190 842 2234 de
868 2193 1060 2249 AEgypto
1092 2190 1137 2232 in
1165 2198 1323 2233 terram
1345 2190 1580 2234 Chanaan³
1608 2208 1617 2234 :
1639 2190 1752 2233 Pha-
1800 2186 1801 2219 ἕ

366 2262 487 2307 raoni
506 2271 651 2305 autem
668 2261 859 2315 dicatur,
883 2260 1003 2320 quod
1021 2259 1153 2303 trium
1171 2259 1341 2303 dicrum
1363 2260 1444 2303 iter
1461 2260 1575 2303 exire
1589 2259 1751 2304 vellent
1798 2270 1799 2316 ᾗ

366 2334 412 2377 in
433 2332 651 2376 desertum
685 2330 909 2374 immolare
933 2334 1021 2374 Deo
1044 2346 1121 2374 suo
1143 2345 1193 2373 ex
1210 2329 1414 2374 mandato
1437 2331 1541 2389 ejus.
1574 2331 1658 2374 Sed
1679 2331 1749 2374 in-
1796 2330 1799 2383 j

364 2402 650 2461 telligendum
671 2410 755 2453 est,
771 2401 966 2461 quamvis
989 2404 1101 2444 Deus
1124 2400 1249 2445 sciret
1265 2399 1373 2460 quid
1387 2409 1493 2444 esset
1517 2398 1712 2444 facturus
1730 2435 1740 2455 ,
1796 2394 1797 2409 ³

366 2474 572 2534 quoniam
590 2473 844 2533 praesciebat
866 2488 955 2516 non
972 2487 1285 2516 consensurum
1307 2472 1578 2517 Pharaonem
1600 2471 1655 2516 ad
1677 2487 1749 2531 po-
1793 2501 1796 2565 5
1842 2501 1870 2530 Νη

416 2573 424 2587 ¹
451 2571 682 2611 Exo‹l.1v,'.›.o.
705 2587 746 2592 —-
766 2577 777 2592 ²
794 2569 837 2600 ld.
859 2580 924 2610 viu,
940 2578 970 2600 9,.
997 2586 1037 2591 -
1053 2568 1130 2601 ³1d.
1158 2582 1192 2612 v,
1213 2582 1239 2602 1.

1825 176 1830 338 1

1824 339 1828 372 Ι

1863 319 1872 716 ν-ἐ-ᾑ-..ν-Λψῇ

1827 0 1841 174 Γ

1835 34 1837 46 t

1815 104 1822 119 Ι
