1872 3267
0 0 9 239 l

0 253 3 332 ἱ

0 500 2 542 ὲ

0 352 4 417 ι’

0 440 3 473 z
49 425 193 469 omnia
231 430 567 467 commemorata
607 421 718 476 sint,
761 437 860 482 quac
889 430 989 480 post
1026 419 1314 481 quadraginta
1349 421 1440 465 dies

349 213 615 252 QUAEsTmNEs
647 213 694 241 IN
725 213 941 251 GENESIM‚
978 213 1060 240 Lm.
1096 213 1126 239 1.
1349 204 1424 241 121

48 291 136 327 tam
153 279 347 341 pluviam
370 278 424 324 de
445 277 573 334 coelo,
593 278 804 339 quaeritur
825 287 973 322 utrum
996 286 1094 338 post
1111 286 1287 322 centum
1314 279 1440 339 quin-

48 353 253 413 quaginta
286 351 376 395 dies
408 351 502 394 hsec
537 348 650 394 sacta
684 350 798 405 sint,
836 366 890 393 an
923 364 1000 410 per
1034 348 1438 408 recapitulationem

46 495 207 555 pluvia:
224 495 316 538 ficri
334 502 585 553 coeperunt,
605 501 656 536 ut
672 493 755 537 hoc
773 492 914 537 solum
937 492 992 537 ad
1014 501 1191 536 centum
1216 492 1438 552 quinqua-

0 567 3 612 i
49 565 167 625 ginta
196 563 286 608 dies
315 565 550 624 pertineat,
582 564 701 623 quod
731 579 868 623 usque
899 562 953 607 ad
987 563 1103 622 ipsos
1122 578 1235 622 aqua
1254 562 1439 607 exaltata

0 666 3 683 ι
48 645 132 690 est,
158 643 233 679 aut
255 633 310 679 de
332 634 527 678 fontibus
555 634 697 691 abyssi
713 643 903 678 cessante
920 636 1010 694 jam
1034 632 1181 693 pluvia
1201 669 1211 687 ,
1239 642 1314 676 aut
1336 633 1437 693 quia

0 728 3 752 ἰ

49 706 206 751 mansit
228 706 272 750 in
299 704 528 750 altitudine
557 722 654 761 sua,
686 706 793 749 dum
826 704 946 749 nullo
981 704 1133 764 spiritu
1172 704 1404 755 siccaretur
1429 724 1438 749 ;

0 802 1 819 2
48 787 201 822 caetera
225 792 326 821 vero
344 812 355 832 ,
380 793 479 838 quae
506 776 619 822 dicta
639 787 764 831 sunt,
791 793 880 821 non
903 785 1002 836 post
1024 785 1201 820 centum
1218 776 1439 836 quinqua-

50 849 165 907 ginta
184 849 274 892 dies
286 849 429 892 onmia
442 848 555 893 facta
577 848 662 892 sint
677 884 687 903 ,
714 848 789 893 scd
811 857 1149 893 commemorata
1172 847 1257 891 sint
1276 848 1437 903 omnia,

48 934 146 980 quae
168 934 218 963 ex
240 918 327 963 fine
359 917 646 979 quadraginta
670 919 841 963 dierum
869 918 961 962 ficri
1000 919 1263 978 coeperunt?

549 1029 785 1081 QUAEs‘rlo
817 1031 922 1069 xm.

108 1135 233 1186 Qcon
265 1133 475 1193 scriptum
499 1141 588 1186 est,
621 1131 846 1176 dimissum
889 1146 979 1175 esse
1016 1146 1195 1176 corvum
1215 1167 1225 1187 ,
1257 1146 1337 1175 nec
1371 1145 1441 1174 re-

49 1203 231 1261 diisse¹;
267 1215 310 1249 et
337 1205 555 1249 dimissam
588 1213 685 1264 post
712 1219 813 1247 eum
841 1203 1117 1258 columbam,
1145 1213 1187 1247 et
1213 1204 1351 1262 ipsam
1375 1218 1442 1246 re-

3 1296 5 1300 <
49 1274 196 1329 diisse,
221 1273 341 1334 quod
364 1291 453 1319 non
483 1274 716 1319 invenisset
736 1275 932 1334 requiem
949 1273 1136 1333 pedibus
1159 1274 1244 1317 suis
1266 1309 1276 1328 ,
1303 1290 1443 1334 quaes-

32 2551 37 2698 ἕ

34 2700 37 2775 t

38 2905 40 2930 Ι

38 2936 40 2954 ι

0 1373 5 1387 «
50 1345 109 1389 tio
137 1345 248 1389 solet
279 1346 461 1401 oboriri,
501 1355 651 1389 utrum
685 1361 840 1389 corvus
870 1354 1070 1389 mortuus
1103 1345 1178 1399 sit,
1217 1361 1272 1388 an
1296 1344 1443 1404 aliquo

0 1431 5 1438 ’
50 1415 182 1460 modo
195 1416 338 1460 vivere
352 1416 572 1475 potuerit?
590 1416 690 1476 quia
710 1416 863 1476 utique
881 1416 913 1460 si
931 1415 1016 1460 fuit
1034 1425 1145 1459 terra
1161 1415 1239 1459 ubi
1257 1415 1442 1475 requies-

0 1507 5 1531 ε
51 1496 192 1540 cerct,
227 1487 357 1530 ctiam
389 1485 592 1531 columba
624 1486 821 1546 requiem
851 1487 994 1545 potuit
1028 1486 1222 1530 invenire
1257 1486 1442 1546 pedibus

0 1578 8 1601 ι’
51 1558 153 1601 suis.
181 1557 302 1601 Unde
324 1558 551 1618 conjicitur
568 1574 591 1602 a
610 1557 758 1602 multis
779 1557 901 1618 quod
917 1557 1115 1602 cadaveri
1137 1558 1330 1617 potuerit
1347 1573 1443 1601 cor-

0 1647 5 1662 >
50 1644 130 1674 vus
151 1629 337 1673 insidere
360 1664 372 1684 ,
408 1630 527 1689 quod
557 1629 762 1674 columba
785 1629 1039 1674 naturaliter
1061 1628 1235 1686 refugit.

550 1738 787 1788 QUAESTIO
818 1741 922 1778 xlv.

125 1842 234 1884 ITEM
274 1841 456 1902 quaestio
490 1851 578 1896 est,
617 1841 840 1902 quomodo
868 1841 1073 1886 columba
1108 1858 1197 1886 non
1230 1842 1443 1887 invenerit

53 1910 130 1954 ubi
152 1909 358 1954 resideret
376 1916 414 1966 ²,
434 1911 468 1954 si
485 1912 596 1970 jam,
629 1911 739 1955 sicut
769 1913 1025 1956 narrationis
1048 1911 1156 1956 ordo
1176 1913 1440 1966 contexitur,

54 1979 214 2024 nudata
238 1980 411 2025 fuerant
440 1982 666 2026 cacumina
685 1983 917 2026 montium.
937 1986 1045 2036 Quae
1063 1982 1237 2027 videtur
1259 1984 1444 2043 quaestio

54 2061 128 2095 aut
149 2066 225 2110 per
255 2051 656 2111 recapitulationem
685 2069 810 2113 posse
842 2052 1044 2108 dissolvi,
1081 2064 1131 2098 ut
1161 2070 1209 2098 ea
1231 2054 1444 2113 posterius

55 2132 223 2167 narrata
239 2123 536 2183 intelligantur
550 2141 649 2184 quse
667 2125 785 2184 prius
804 2124 916 2169 facta
936 2134 1038 2170 sunt
1054 2147 1065 2181 ς
1083 2135 1157 2170 aut
1179 2127 1323 2186 potius
1341 2130 1442 2187 quia

56 2194 251 2238 nondum
273 2195 427 2240 siccata
451 2194 639 2240 fuerant.

573 2295 809 2344 QUt-'j‘zs't‘lo
841 2297 926 2334 XV.

127 2396 241 2447 Qum
269 2395 350 2439 sibi
381 2395 478 2440 vult
510 2396 631 2457 quod
660 2397 871 2442 Dominus
904 2397 1033 2442 dicit:
1070 2418 1090 2440 «
1120 2401 1215 2444 Non
1245 2398 1442 2459 adjiciam

62 2482 81 2505 n
115 2465 256 2509 adhuc
286 2465 541 2511 maledicere
574 2484 703 2528 super
740 2478 895 2514 terrain
926 2480 1101 2529 propter
1138 2486 1266 2529 opera
1302 2471 1443 2515 homi-

108 2568 115 2583 ¹
144 2564 222 2593 Cen.
240 2573 308 2602 vin,
323 2562 356 2604 (3,
378 2573 408 2604 7.
425 2581 466 2586 -
487 2570 499 2585 2
521 2564 650 2605 11›i‹⁷1.9.
