1872 3267
418 189 502 229 126
811 197 844 225 s.
879 197 1111 228 AUGUSTINI
1142 201 1322 229 EPISCOPI

416 264 557 309 colere
580 262 744 318 noluit,
774 262 981 308 liberatus
1002 265 1102 310 inde
1117 301 1128 321 ‚
1153 266 1232 310 etsi
1254 265 1301 309 in
1325 265 1551 324 Scripturis
1578 279 1667 309 non
1687 265 1796 324 legi-
1835 282 1848 300 ι

415 345 486 379 tur
498 370 508 390 ‚
520 334 698 394 judaica
720 343 866 378 tamen
881 336 1124 380 narratione
1139 335 1339 380 traditur.
1363 339 1510 379 Potest
1528 344 1571 379 et
1590 336 1648 379 sic
1664 334 1793 391 solvi,

413 405 621 465 quoniam
646 405 866 464 Scriptura
888 421 988 465 quae
1007 406 1114 450 dixit
1132 426 1140 451 :
1172 425 1191 449 «
1212 408 1325 451 Cum
1347 416 1457 451 esset
1481 407 1643 450 Tharra
1661 421 1799 451 anno-
1826 441 1837 446 a
1870 411 1872 442 ἶ

414 494 435 517 ))
471 491 568 519 rum
585 475 855 535 septuaginta
875 476 1025 534 genuit
1039 476 1258 521 Abraham
1272 486 1315 521 et
1335 477 1507 522 Nachor
1528 485 1571 520 et
1591 479 1730 521 Arran
1745 495 1754 520 ε
1771 494 1794 518 »

412 562 501 592 non
522 547 675 607 utique
692 547 776 591 hoc
797 546 981 604 intelligi
1002 545 1167 604 voluit,
1193 548 1294 608 quia
1312 546 1467 592 eodem
1489 563 1604 592 anno
1627 555 1797 607 septua-

413 619 575 679 gesimo
607 618 743 662 aetatis
771 634 859 662 suae
883 634 1031 662 omnes
1065 628 1149 663 tres
1180 619 1351 678 genuit,
1383 618 1458 663 sed
1486 634 1536 662 ex
1563 634 1651 679 quo
1682 633 1796 662 anno

413 704 618 748 generare
652 689 812 748 coepit,
849 702 950 733 eum
983 705 1147 733 annum
1172 689 1526 734 commemoravit
1560 688 1793 748 Scriptura.
1846 679 1866 725 ⁷³

413 760 526 804 Fieri
559 769 705 804 autem
727 769 894 819 potest,
919 769 969 804 ut
990 761 1199 819 posterior
1219 761 1272 804 sit
1294 768 1523 818 generatus
1545 759 1767 804 Abraham
1783 775 1803 814 ‚⁴
1862 772 1863 786 ³

411 832 486 875 sed
504 831 658 875 merito
680 830 942 875 excellentiae
956 867 966 886 ‚
992 847 1077 892 qua
1100 831 1146 874 in
1166 832 1396 891 Scripturis
1417 830 1544 875 valde
1572 845 1797 875 commen-

412 901 563 957 datur,
596 902 715 962 prior
746 901 878 946 fuerit
905 903 1153 947 nominatus
1178 922 1186 947 :
1213 903 1323 947 sicut
1354 903 1571 962 Propheta
1603 901 1795 961 priorem

409 973 651 1018 nominavit
685 973 925 1030 minorem3
964 973 1143 1018 «Jacob
1178 972 1330 1028 dilexi,
1367 974 1475 1017 Esaii
1518 982 1663 1016 autem
1696 970 1797 1016 odio

411 1061 430 1084 »
452 1043 589 1087 habui
605 1046 617 1069 1
642 1063 650 1087 :
668 1043 799 1087 »etin
820 1043 1181 1103 Paralipomenon
1195 1058 1298 1088 cum
1315 1043 1369 1087 sit
1390 1054 1569 1104 quartus
1591 1041 1797 1087 nascendi

409 1114 560 1158 ordine
583 1113 717 1158 Judas
734 1149 744 1169 ‚
776 1115 893 1174 prior
915 1123 976 1158 est
1002 1124 1364 1159 commemoratus
1378 1118 1395 1141 '2
1409 1150 1419 1170 ‚
1446 1131 1469 1159 a
1490 1130 1579 1175 quo
1606 1114 1797 1174 judaicae

408 1184 526 1242 genti
566 1200 728 1228 nomen
760 1194 844 1240 est⁷
877 1195 1056 1245 propter
1086 1185 1247 1229 tribum
1283 1185 1460 1244 regiam.
1516 1184 1798 1230 Commodius

409 1264 555 1299 autem
571 1255 716 1315 plures
733 1256 871 1300 exitus
885 1257 1169 1302 inveniuntur
1182 1293 1193 1313 ‚
1216 1257 1375 1317 quibus
1398 1256 1659 1316 quaestiones
1677 1255 1797 1300 diffi-

407 1326 509 1371 ciles
532 1327 836 1372 dissolvantur.

468 1400 550 1442 III.
566 1397 891 1443 Consideranda
909 1408 972 1442 est
991 1414 1091 1443 sane
1109 1399 1298 1444 narratio
1324 1397 1531 1458 Stephani
1547 1396 1602 1441 de
1618 1397 1700 1442 hac
1720 1413 1767 1442 re
1783 1415 1794 1454 ς

407 1468 479 1513 cui
512 1470 647 1527 magis
679 1470 837 1513 harum
873 1469 1192 1528 expositionum
1222 1486 1313 1514 non
1340 1477 1566 1529 repugnet.
1601 1471 1658 1513 Et
1686 1467 1798 1512 illud

408 1537 587 1599 quidem
613 1539 728 1598 cogit
743 1574 754 1594 ,
771 1548 822 1583 ut
836 1555 925 1583 non
938 1540 1048 1583 sicut
1066 1540 1230 1583 narrari
1248 1539 1422 1585 videtur
1443 1539 1488 1582 in
1505 1538 1681 1594 Genesi,
1701 1547 1798 1598 post

407 1618 591 1653 mortem
617 1610 791 1653 Tharrae
819 1609 990 1654 locutus
1018 1611 1072 1653 sit
1090 1614 1204 1654 Deus
1237 1610 1292 1654 ad
1312 1610 1533 1655 Abraham
1549 1645 1560 1665 ,
1592 1618 1643 1653 ut
1665 1609 1798 1653 exiret

407 1679 462 1724 de
482 1680 741 1739 cognatione
768 1695 845 1724 sua
867 1689 910 1723 et
931 1682 986 1744 gie
1007 1679 1139 1724 domo
1160 1681 1291 1739 patris
1315 1680 1381 1723 sui
1397 1681 1411 1705 ³
1431 1701 1442 1735 3
1466 1681 1543 1723 sed
1563 1695 1665 1724 cum
1688 1688 1799 1724 esset

408 1751 454 1795 in
469 1751 782 1812 Mesopotamia
796 1751 914 1811 prius
931 1767 1063 1812 quam
1076 1751 1293 1795 habitaret
1313 1752 1360 1795 in
1377 1752 1587 1805 Charran,
1598 1751 1689 1811 jam
1706 1750 1796 1795 uti-

407 1837 494 1882 que
527 1837 721 1880 egressus
760 1821 814 1865 de
849 1830 962 1865 terra
1000 1821 1330 1877 Chaldaeorum,
1370 1831 1421 1866 ut
1455 1821 1501 1865 in
1533 1821 1608 1865 illo
1643 1822 1798 1865 itinere

407 1891 674 1950 intelligatur
705 1893 743 1936 ei
766 1891 937 1936 locutus
958 1895 1086 1936 Deus.
1116 1891 1199 1936 Sed
1229 1891 1349 1952 quod
1383 1892 1627 1951 Stephanus
1647 1900 1796 1951 postea

407 1964 466 2008 sic
480 1973 627 2007 narrat
643 1984 651 2008 ε
675 1983 694 2005 «
710 1967 831 2007 Tunc
847 1963 1067 2008 Abraham
1083 1978 1275 2021 egressus
1290 1962 1342 2006 de
1358 1971 1469 2006 terra
1487 1961 1795 2008 Chaldaeorum
1860 1999 1861 2004 ,

408 2033 620 2079 habitavit
655 2034 700 2077 in
734 2034 951 2088 Charran‚
987 2041 1031 2077 et
1069 2032 1171 2076 inde
1210 2042 1443 2093 postquam
1487 2041 1686 2077 mortuus
1732 2040 1795 2094 est

406 2113 531 2164 pater
563 2105 675 2164 ejus,
706 2104 934 2148 collocavit
966 2119 1067 2147 eum
1099 2105 1143 2146 in
1170 2113 1282 2148 terra
1315 2105 1454 2162 hac43
1476 2122 1497 2146 »
1529 2120 1619 2148 non
1643 2119 1794 2164 parvas

406 2175 533 2218 affert
550 2174 764 2232 angustias
790 2175 892 2219 huic
915 2173 1196 2233 expositioni,
1223 2190 1322 2234 quae
1354 2175 1404 2218 fit
1431 2189 1509 2234 per
1531 2172 1797 2234 recapitula-

407 2244 587 2289 tionem.
613 2244 799 2288 Videtur
815 2244 929 2288 enim
952 2244 1152 2288 habuisse
1169 2244 1400 2304 imperium
1422 2245 1622 2300 Domini,
1648 2260 1736 2305 quo
1754 2244 1792 2288 ei

408 2315 551 2360 fuerat
578 2314 751 2359 locutus
773 2315 818 2359 in
845 2314 998 2358 itinere
1020 2316 1344 2375 Mesopotamiae
1361 2351 1372 2370 .,
1399 2330 1565 2373 egresso
1593 2315 1649 2360 de
1679 2325 1796 2373 terrafl

407 2385 737 2441 Chaldaeorum,
758 2395 801 2430 et
823 2386 944 2430 eunti
965 2386 1011 2429 in
1032 2386 1249 2442 Chai-ran,
1276 2395 1318 2430 et
1339 2387 1422 2432 hoc
1445 2386 1676 2446 imperium
1695 2383 1796 2446 post‘

457 2535 464 2551 ¹
487 2527 620 2561 Malacli.
639 2539 662 2570 i,
676 2537 708 2561 2.
729 2544 771 2550 —-
787 2534 800 2550 ²
823 2539 834 2559 1
859 2527 957 2560 Paral.
978 2538 1022 2569 iv,
1040 2538 1067 2558 1.
1087 2544 1129 2550 —-
1146 2526 1158 2550 3
1177 2529 1257 2559 Gen.
1278 2537 1332 2569 xii,
1354 2525 1460 2560 1.—4
1478 2529 1550 2561 Act.
1569 2538 1625 2569 vn,
1643 2527 1676 2569 4.

1842 1028 1853 1420 *N*
