1872 3267
363 324 447 363 392
784 333 817 361 s.
854 331 1082 364 Anonsnm
1114 337 1294 365 EPISCOPI

363 410 431 445 tus
464 398 669 444 concolor
706 399 808 443 albo
847 400 951 445 vitio
984 402 1116 458 eutis,
1139 403 1229 462 jam
1263 417 1351 446 non
1388 412 1656 462 segregatur,
1691 414 1741 449 ut

362 469 600 531 probetur3
626 485 706 515 nec
734 480 984 530 expectatur
1010 481 1161 516 utrum
1191 473 1318 518 etiam
1349 473 1554 518 humilior
1576 475 1651 519 fiat
1672 475 1744 520 lo-

361 559 461 587 cus:
493 540 569 585 sed
590 557 640 586 ex
666 542 749 586 hoc
772 551 945 586 tantum
972 544 1093 603 quod
1114 543 1212 588 alba
1229 553 1293 588 est
1314 546 1424 589 cutis
1447 545 1633 590 discolor
1655 562 1741 590 eae-

359 624 485 669 terne,
513 622 556 656 et
585 612 736 656 album
756 613 890 657 habet
911 612 1049 673 pilum
1077 613 1334 660 discolorem
1357 617 1521 683 cat-{teris
1544 617 1620 677 qui
1643 627 1744 661 sunt

359 687 406 730 in
437 700 564 730 carne
601 685 696 729 viva
733 694 777 728 et
806 700 931 740 sana,
957 685 1075 745 lepra
1109 696 1376 750 veterascens
1405 689 1741 748 pronuntiatur:

358 756 458 802 ideo
492 765 781 811 veterascenS,
817 756 918 816 quia
947 757 1037 816 jam
1075 773 1165 802 non
1202 768 1265 802 est
1295 758 1522 818 probanda
1558 758 1642 804 illis
1679 760 1745 803 bis

360 838 526 889 septem
551 827 721 872 diebus.
752 847 772 871 ‹<
800 828 843 873 Si
872 837 1019 872 autem
1047 829 1269 874 restitutus
1294 829 1429 875 fuerit
1458 829 1576 874 color
1598 845 1743 886 sanus,

362 920 383 942 »
420 909 463 944 et
502 914 734 944 conversus
766 899 897 944 suerit
931 899 1076 944 albus:
1110 918 1130 941 »
1167 901 1373 961 quoniam
1410 900 1575 945 dixerat
1604 911 1748 946 totum

362 969 513 1014 album
542 968 707 1014 factum
738 985 815 1030 per
842 979 979 1014 totam
1009 979 1177 1026 eutem,
1203 985 1253 1015 eo
1286 972 1378 1031 ipso
1407 973 1498 1031 jam
1531 971 1748 1015 mundum

362 1056 477 1098 esse3
503 1041 604 1101 quia
632 1040 814 1085 varietas
842 1040 903 1084 ibi
924 1042 1013 1100 jam
1046 1056 1135 1086 non
1163 1050 1287 1085 esset.
1325 1041 1491 1086 Deinde
1523 1042 1609 1086 ait:
1640 1061 1659 1084 «
1694 1044 1751 1085 Et

365 1132 385 1154 »
422 1127 701 1173 quacumque
727 1111 797 1155 die
818 1112 933 1156 visus
955 1111 1088 1156 fuerit
1109 1112 1155 1155 in
1177 1127 1228 1156 eo
1251 1112 1370 1157 color
1386 1113 1526 1167 vivus,
1547 1113 1751 1173 inquina-

364 1202 384 1225 η
419 1183 590 1227 bitur¹2
629 1201 648 1223 n
682 1182 759 1225 ubi
787 1182 885 1225 satis
908 1181 1098 1226 ostendit
1128 1182 1383 1226 varietatem
1404 1182 1656 1242 improbari.
1689 1186 1752 1227 Ae

361 1269 439 1313 per
466 1254 550 1298 hoe
580 1253 702 1313 quod
731 1251 862 1296 modo
892 1251 1020 1307 dixit,
1061 1272 1081 1295 «
1121 1254 1163 1298 Si
1196 1263 1343 1297 autem
1374 1254 1599 1297 restitutus
1622 1252 1753 1298 fuerit

361 1343 382 1365 ³>
418 1323 539 1368 color
569 1338 713 1378 sanus,
734 1331 777 1366 et
805 1337 1038 1366 conversus
1060 1322 1193 1366 fuerit
1215 1322 1355 1378 albus,
1381 1332 1423 1367 et
1443 1323 1591 1367 veniet
1612 1323 1667 1367 ad
1684 1339 1752 1367 sa-

364 1413 384 1435 »
420 1394 669 1439 ecrdotem:
697 1403 740 1438 et
765 1393 935 1439 videbit
966 1393 1187 1438 sacerdos:
1217 1403 1262 1437 et
1284 1409 1383 1438 ecce
1405 1409 1637 1438 conversus
1659 1403 1754 1438 tae-

371 1485 389 1507 »
430 1475 496 1509 tus
524 1466 569 1509 in
599 1464 771 1522 album3
805 1475 848 1509 et
877 1464 1082 1525 purgabit
1113 1464 1312 1509 sacerdos
1339 1473 1534 1521 tactum3
1564 1464 1754 1509 mundus

370 1555 390 1578 ³>
426 1538 530 1581 est2.
555 1555 575 1577 »
596 1537 865 1580 Restitutum
888 1534 1079 1580 colorem
1099 1550 1254 1579 sanum
1282 1551 1373 1579 non
1397 1535 1606 1579 debemus
1641 1537 1756 1580 acei-

369 1623 493 1667 pere‚
521 1616 572 1651 ut
604 1606 724 1651 color
753 1622 882 1650 sanus
918 1615 1047 1650 esset:
1087 1605 1248 1649 etenim
1281 1607 1371 1666 ipse
1391 1615 1496 1661 erat,
1522 1621 1599 1666 per
1625 1622 1757 1667 quem

368 1689 516 1723 tamen
548 1678 681 1722 fiebat
702 1677 954 1721 immundus
983 1686 1161 1737 propter
1191 1677 1459 1721 varietatem.
1492 1677 1759 1721 Restitutum

373 1766 475 1809 ergo
498 1749 605 1794 dixit
627 1748 817 1794 colorem
839 1764 1015 1803 sanum,
1039 1757 1089 1792 ut
1106 1747 1218 1792 illud
1240 1757 1349 1791 esset
1371 1746 1490 1807 quod
1520 1745 1684 1802 fuerat,
1715 1747 1760 1791 id

372 1830 452 1876 est,
470 1820 595 1864 albus
615 1836 718 1864 sano
740 1828 967 1879 pereunte.
995 1822 1116 1862 Tunc
1139 1818 1255 1861 enim
1280 1833 1425 1861 rursus
1448 1817 1638 1862 mundus
1661 1818 1755 1873 erit,

374 1909 475 1937 eum
495 1902 612 1936 totus
626 1892 750 1935 albus
770 1889 916 1945 fuerit,
935 1890 1036 1950 quia
1056 1889 1175 1933 nulla
1190 1889 1251 1933 ibi
1264 1890 1444 1933 varietas
1459 1889 1554 1933 erit.
1575 1887 1658 1934 Sed
1673 1905 1761 1934 res·
1826 1901 1830 1947 ζ

377 1965 554 2008 titutum
575 1978 653 2022 pro
675 1970 886 2021 pereunte
905 1960 1113 2020 accipere,
1129 1960 1255 2004 nimis
1270 1960 1475 2004 inusitata
1495 1959 1657 2004 locutio
1678 1971 1756 2005 est.

374 2034 511 2092 'Magis
534 2033 650 2076 enim
667 2031 839 2075 videtur
856 2030 998 2074 dicere
1016 2031 1239 2075 debuisse:
1265 2050 1281 2071 «
1308 2031 1349 2076 Si
1372 2041 1515 2075 autem
1539 2032 1761 2076 restitutus

379 2104 507 2148 tuerit
529 2103 649 2147 color
670 2102 794 2146 albus
813 2122 821 2146 :
842 2121 861 2143 »
889 2118 1006 2146 nunc
1024 2117 1126 2146 vero
1144 2102 1225 2146 ait:
1252 2121 1271 2144 «
1290 2102 1531 2146 Restitutus
1547 2118 1696 2157 sanus,
1720 2111 1762 2145 et

380 2194 400 2215 »
436 2189 666 2218 conversus
685 2172 817 2216 fuerit
834 2171 958 2216 albus
977 2194 986 2230 3
1011 2190 1030 2213 »
1053 2181 1262 2232 tanquam
1278 2171 1464 2216 diceret:
1490 2191 1509 2214 (ι
1532 2174 1668 2217 Sanus
1689 2188 1764 2217 co-

378 2245 445 2290 ior
465 2246 499 2290 si
522 2245 745 2289 restitutus
770 2242 901 2287 fuerit
921 2244 967 2286 in
990 2243 1154 2287 album.
1187 2263 1203 2284 »

855 2330 1090 2379 QUAESTIO
1121 2331 1291 2369 XLVIII.

439 2426 555 2476 Qum
578 2429 657 2477 est,
683 2435 783 2464 eum
804 2418 858 2463 do
880 2419 998 2479 lepra
1019 2420 1168 2479 eapitis
1189 2418 1493 2480 loqueretur³3
1518 2435 1612 2463 eam
1635 2420 1766 2464 etiam

378 2504 562 2546 (οραῦσμα)
577 2492 893 2552 quassationem
907 2491 1155 2551 appellavit,
1168 2506 1268 2536 cum
1284 2492 1328 2534 in
1340 2490 1431 2535 solo
1444 2490 1587 2535 colore
1600 2490 1763 2544 fiat,vel

378 2563 487 2607 cutis
500 2562 567 2607 vel
578 2561 849 2622 capillorum,
862 2571 904 2605 et
916 2562 1037 2621 quod
1049 2561 1254 2605 humilior
1267 2571 1463 2621 aspectus
1476 2563 1566 2620 ejus
1578 2570 1763 2604 acoetern
1828 2588 1830 2594 ι
1871 2575 1872 2580 ’

432 2655 437 2669 ¹
463 2648 565 2678 Levit.
589 2659 655 2687 xm,
680 2646 727 2688 ll}-
751 2664 790 2668 -—-
808 2653 820 2667 ‘⁴'
842 2646 920 2677 thid.
949 2647 998 2683 16,
1024 2657 1070 2687 ιζ,
1094 2664 1132 2667 —
1155 2644 1167 2667 3
1194 2646 1271 2677 lbid.
1299 2646 1350 2676 30.
