<?xml version="1.0" encoding="UTF-8"?>
<!DOCTYPE html PUBLIC "-//W3C//DTD XHTML 1.0 Transitional//EN"
    "http://www.w3.org/TR/xhtml1/DTD/xhtml1-transitional.dtd">
<html xmlns="http://www.w3.org/1999/xhtml" xml:lang="en" lang="en">
 <head>
  <title>
</title>
<meta http-equiv="Content-Type" content="text/html;charset=utf-8" />
  <meta name='ocr-system' content='tesseract 3.04.00' />
  <meta name='ocr-capabilities' content='ocr_page ocr_carea ocr_par ocr_line ocrx_word'/>
</head>
<body>
  <div class='ocr_page' id='page_1' title='image "./operaomniaaccura06auguuoft_0274.png"; bbox 0 0 1872 3267; ppageno 0'>
   <div class='ocr_carea' id='block_1_1' title="bbox 348 232 1278 278">
    <p class='ocr_par' dir='ltr' id='par_1_1' title="bbox 348 232 1278 278">
     <span class='ocr_line' id='line_1_1' title="bbox 348 232 1278 278; baseline 0.005 -6"><span class='ocrx_word' id='word_1_1' title='bbox 348 232 431 272; x_wconf 70' lang='lat'><strong>264</strong></span> <span class='ocrx_word' id='word_1_2' title='bbox 767 245 800 277; x_wconf 79' lang='lat' dir='ltr'><strong>s,</strong></span> <span class='ocrx_word' id='word_1_3' title='bbox 838 248 1065 278; x_wconf 72' lang='lat' dir='ltr'><strong>Aucus‘rlm</strong></span> <span class='ocrx_word' id='word_1_4' title='bbox 1101 250 1278 278; x_wconf 74' lang='lat' dir='ltr'><strong>Ertscom</strong></span> 
     </span>
    </p>
   </div>
   <div class='ocr_carea' id='block_1_2' title="bbox 798 362 1272 412">
    <p class='ocr_par' dir='ltr' id='par_1_2' title="bbox 798 362 1272 412">
     <span class='ocr_line' id='line_1_2' title="bbox 798 362 1272 412; baseline 0.013 -12"><span class='ocrx_word' id='word_1_5' title='bbox 798 362 1033 412; x_wconf 79' lang='lat' dir='ltr'>QUAESTIO</span> <span class='ocrx_word' id='word_1_6' title='bbox 1065 366 1127 405; x_wconf 80' lang='lat' dir='ltr'><strong>Lx</strong></span> <span class='ocrx_word' id='word_1_7' title='bbox 1135 366 1272 406; x_wconf 78' lang='lat' dir='ltr'><strong>xxm.</strong></span> 
     </span>
    </p>
   </div>
   <div class='ocr_carea' id='block_1_3' title="bbox 405 462 1729 530">
    <p class='ocr_par' dir='ltr' id='par_1_3' title="bbox 405 462 1729 530">
     <span class='ocr_line' id='line_1_3' title="bbox 405 462 1729 530; baseline 0.007 -25"><span class='ocrx_word' id='word_1_8' title='bbox 405 463 510 515; x_wconf 57' lang='lat' dir='ltr'><strong>Qum</strong></span> <span class='ocrx_word' id='word_1_9' title='bbox 535 462 786 523; x_wconf 86' lang='lat' dir='ltr'><strong>justificatio</strong></span> <span class='ocrx_word' id='word_1_10' title='bbox 808 473 894 520; x_wconf 87' lang='lat' dir='ltr'><strong>est,</strong></span> <span class='ocrx_word' id='word_1_11' title='bbox 925 474 975 510; x_wconf 89' lang='lat' dir='ltr'><strong>ut</strong></span> <span class='ocrx_word' id='word_1_12' title='bbox 1005 482 1085 526; x_wconf 90' lang='lat' dir='ltr'><strong>pro</strong></span> <span class='ocrx_word' id='word_1_13' title='bbox 1115 465 1254 512; x_wconf 86' lang='lat' dir='ltr'><strong>vitulo</strong></span> <span class='ocrx_word' id='word_1_14' title='bbox 1283 481 1373 511; x_wconf 87' lang='lat' dir='ltr'><strong>uno</strong></span> <span class='ocrx_word' id='word_1_15' title='bbox 1403 468 1599 530; x_wconf 88' lang='lat' dir='ltr'><strong>quinque</strong></span> <span class='ocrx_word' id='word_1_16' title='bbox 1629 470 1729 514; x_wconf 87' lang='lat' dir='ltr'><strong>red-</strong></span> 
     </span>
    </p>
   </div>
   <div class='ocr_carea' id='block_1_4' title="bbox 343 531 1728 664">
    <p class='ocr_par' dir='ltr' id='par_1_4' title="bbox 343 531 1728 664">
     <span class='ocr_line' id='line_1_4' title="bbox 343 531 1728 600; baseline 0.007 -25"><span class='ocrx_word' id='word_1_17' title='bbox 343 531 519 588; x_wconf 83' lang='lat' dir='ltr'><strong>dantur,</strong></span> <span class='ocrx_word' id='word_1_18' title='bbox 549 548 629 593; x_wconf 90' lang='lat' dir='ltr'><strong>pro</strong></span> <span class='ocrx_word' id='word_1_19' title='bbox 654 549 735 580; x_wconf 87' lang='lat' dir='ltr'><strong>ove</strong></span> <span class='ocrx_word' id='word_1_20' title='bbox 757 543 902 581; x_wconf 87' lang='lat' dir='ltr'><strong>autem</strong></span> <span class='ocrx_word' id='word_1_21' title='bbox 923 540 1157 596; x_wconf 82' lang='lat' dir='ltr'><strong>quatuor1,</strong></span> <span class='ocrx_word' id='word_1_22' title='bbox 1181 537 1263 583; x_wconf 88' lang='lat' dir='ltr'><strong>nisi</strong></span> <span class='ocrx_word' id='word_1_23' title='bbox 1294 536 1461 600; x_wconf 87' lang='lat' dir='ltr'><strong>aliquid</strong></span> <span class='ocrx_word' id='word_1_24' title='bbox 1486 539 1728 599; x_wconf 79' lang='lat' dir='ltr'><strong>significare</strong></span> 
     </span>
     <span class='ocr_line' id='line_1_5' title="bbox 345 602 645 664; baseline 0.01 -17"><span class='ocrx_word' id='word_1_25' title='bbox 345 602 616 664; x_wconf 84' lang='lat' dir='ltr'><strong>intelligatur</strong></span> <span class='ocrx_word' id='word_1_26' title='bbox 627 607 645 649; x_wconf 73' lang='lat'><strong>‘3</strong></span> 
     </span>
    </p>
   </div>
   <div class='ocr_carea' id='block_1_5' title="bbox 806 714 1276 765">
    <p class='ocr_par' dir='ltr' id='par_1_5' title="bbox 806 714 1276 765">
     <span class='ocr_line' id='line_1_6' title="bbox 806 714 1276 765; baseline 0.009 -11"><span class='ocrx_word' id='word_1_27' title='bbox 806 714 1040 765; x_wconf 80' lang='lat' dir='ltr'><strong>QUAEsrlo</strong></span> <span class='ocrx_word' id='word_1_28' title='bbox 1071 716 1276 758; x_wconf 79' lang='lat' dir='ltr'><strong>Lxxxlv.</strong></span> 
     </span>
    </p>
   </div>
   <div class='ocr_carea' id='block_1_6' title="bbox 348 814 1737 1517">
    <p class='ocr_par' dir='ltr' id='par_1_6' title="bbox 348 814 1737 1517">
     <span class='ocr_line' id='line_1_7' title="bbox 407 814 1733 880; baseline 0.004 -21"><span class='ocrx_word' id='word_1_29' title='bbox 407 836 429 859; x_wconf 88' lang='lat'>«</span> <span class='ocrx_word' id='word_1_30' title='bbox 456 818 500 862; x_wconf 92' lang='lat' dir='ltr'><strong>S1</strong></span> <span class='ocrx_word' id='word_1_31' title='bbox 523 825 669 861; x_wconf 90' lang='lat' dir='ltr'><strong>autem</strong></span> <span class='ocrx_word' id='word_1_32' title='bbox 685 814 934 877; x_wconf 84' lang='lat' dir='ltr'><strong>perfodiens</strong></span> <span class='ocrx_word' id='word_1_33' title='bbox 953 818 1156 864; x_wconf 87' lang='lat' dir='ltr'><strong>inventus</strong></span> <span class='ocrx_word' id='word_1_34' title='bbox 1179 817 1312 863; x_wconf 85' lang='lat' dir='ltr'><strong>fuerit</strong></span> <span class='ocrx_word' id='word_1_35' title='bbox 1331 818 1420 875; x_wconf 85' lang='lat' dir='ltr'><strong>fur,</strong></span> <span class='ocrx_word' id='word_1_36' title='bbox 1441 827 1485 864; x_wconf 87' lang='lat' dir='ltr'><strong>et</strong></span> <span class='ocrx_word' id='word_1_37' title='bbox 1505 833 1733 880; x_wconf 87' lang='lat' dir='ltr'><strong>percussus</strong></span> 
     </span>
     <span class='ocr_line' id='line_1_8' title="bbox 349 887 1732 945; baseline 0.003 -14"><span class='ocrx_word' id='word_1_38' title='bbox 349 907 370 931; x_wconf 90' lang='lat'>»</span> <span class='ocrx_word' id='word_1_39' title='bbox 405 897 603 933; x_wconf 89' lang='lat' dir='ltr'><strong>mortuus</strong></span> <span class='ocrx_word' id='word_1_40' title='bbox 641 887 773 933; x_wconf 86' lang='lat' dir='ltr'><strong>fuerit</strong></span> <span class='ocrx_word' id='word_1_41' title='bbox 788 923 799 945; x_wconf 92' lang='lat'>,</span> <span class='ocrx_word' id='word_1_42' title='bbox 837 904 927 934; x_wconf 92' lang='lat' dir='ltr'><strong>non</strong></span> <span class='ocrx_word' id='word_1_43' title='bbox 964 899 1028 934; x_wconf 89' lang='lat' dir='ltr'><strong>est</strong></span> <span class='ocrx_word' id='word_1_44' title='bbox 1059 889 1123 934; x_wconf 87' lang='lat' dir='ltr'><strong>illi</strong></span> <span class='ocrx_word' id='word_1_45' title='bbox 1158 888 1458 935; x_wconf 87' lang='lat' dir='ltr'>homicidium.</span> <span class='ocrx_word' id='word_1_46' title='bbox 1507 891 1550 935; x_wconf 94' lang='lat' dir='ltr'><strong>Si</strong></span> <span class='ocrx_word' id='word_1_47' title='bbox 1587 899 1732 935; x_wconf 88' lang='lat' dir='ltr'><strong>autem</strong></span> 
     </span>
     <span class='ocr_line' id='line_1_9' title="bbox 350 957 1730 1020; baseline 0 -19"><span class='ocrx_word' id='word_1_48' title='bbox 350 977 371 1000; x_wconf 90' lang='lat'>»</span> <span class='ocrx_word' id='word_1_49' title='bbox 406 959 569 1003; x_wconf 90' lang='lat' dir='ltr'><strong>orietur</strong></span> <span class='ocrx_word' id='word_1_50' title='bbox 586 957 649 1003; x_wconf 88' lang='lat' dir='ltr'><strong>sol</strong></span> <span class='ocrx_word' id='word_1_51' title='bbox 665 974 794 1019; x_wconf 90' lang='lat' dir='ltr'><strong>super</strong></span> <span class='ocrx_word' id='word_1_52' title='bbox 811 974 910 1003; x_wconf 89' lang='lat' dir='ltr'><strong>eum</strong></span> <span class='ocrx_word' id='word_1_53' title='bbox 928 994 938 1015; x_wconf 87' lang='lat'>‚</span> <span class='ocrx_word' id='word_1_54' title='bbox 957 975 1055 1004; x_wconf 89' lang='lat' dir='ltr'><strong>reus</strong></span> <span class='ocrx_word' id='word_1_55' title='bbox 1076 969 1139 1004; x_wconf 90' lang='lat' dir='ltr'><strong>est</strong></span> <span class='ocrx_word' id='word_1_56' title='bbox 1154 977 1165 1012; x_wconf 91' lang='lat'>;</span> <span class='ocrx_word' id='word_1_57' title='bbox 1185 974 1264 1020; x_wconf 87' lang='lat' dir='ltr'><strong>pro</strong></span> <span class='ocrx_word' id='word_1_58' title='bbox 1281 969 1422 1005; x_wconf 90' lang='lat' dir='ltr'><strong>morte</strong></span> <span class='ocrx_word' id='word_1_59' title='bbox 1436 960 1688 1006; x_wconf 71' lang='lat' dir='ltr'><strong>morietur2.</strong></span> <span class='ocrx_word' id='word_1_60' title='bbox 1709 980 1730 1002; x_wconf 68' lang='grc' dir='ltr'><strong>η</strong></span> 
     </span>
     <span class='ocr_line' id='line_1_10' title="bbox 349 1027 1735 1090; baseline 0.001 -17"><span class='ocrx_word' id='word_1_61' title='bbox 349 1027 612 1088; x_wconf 84' lang='lat' dir='ltr'><strong>Intelligitur</strong></span> <span class='ocrx_word' id='word_1_62' title='bbox 629 1043 729 1088; x_wconf 82' lang='lat' dir='ltr'><strong>ergo</strong></span> <span class='ocrx_word' id='word_1_63' title='bbox 749 1038 854 1074; x_wconf 89' lang='lat' dir='ltr'><strong>tunc</strong></span> <span class='ocrx_word' id='word_1_64' title='bbox 876 1045 966 1075; x_wconf 91' lang='lat' dir='ltr'><strong>non</strong></span> <span class='ocrx_word' id='word_1_65' title='bbox 983 1031 1199 1090; x_wconf 87' lang='lat' dir='ltr'><strong>pertinere</strong></span> <span class='ocrx_word' id='word_1_66' title='bbox 1216 1029 1272 1074; x_wconf 85' lang='lat' dir='ltr'><strong>ad</strong></span> <span class='ocrx_word' id='word_1_67' title='bbox 1292 1030 1592 1087; x_wconf 85' lang='lat' dir='ltr'><strong>homicidium,</strong></span> <span class='ocrx_word' id='word_1_68' title='bbox 1614 1030 1647 1075; x_wconf 90' lang='lat' dir='ltr'><strong>si</strong></span> <span class='ocrx_word' id='word_1_69' title='bbox 1663 1030 1735 1075; x_wconf 89' lang='lat' dir='ltr'><strong>sur</strong></span> 
     </span>
     <span class='ocr_line' id='line_1_11' title="bbox 348 1099 1735 1161; baseline 0.001 -17"><span class='ocrx_word' id='word_1_70' title='bbox 348 1109 589 1145; x_wconf 89' lang='lat' dir='ltr'><strong>nocturnus</strong></span> <span class='ocrx_word' id='word_1_71' title='bbox 616 1099 827 1145; x_wconf 86' lang='lat' dir='ltr'><strong>occiditur</strong></span> <span class='ocrx_word' id='word_1_72' title='bbox 852 1117 861 1143; x_wconf 89' lang='grc'>;</span> <span class='ocrx_word' id='word_1_73' title='bbox 896 1102 930 1146; x_wconf 90' lang='lat' dir='ltr'><strong>si</strong></span> <span class='ocrx_word' id='word_1_74' title='bbox 963 1111 1110 1146; x_wconf 84' lang='lat' dir='ltr'><strong>autern</strong></span> <span class='ocrx_word' id='word_1_75' title='bbox 1140 1100 1347 1157; x_wconf 86' lang='lat' dir='ltr'><strong>diurnus,</strong></span> <span class='ocrx_word' id='word_1_76' title='bbox 1374 1101 1605 1161; x_wconf 88' lang='lat' dir='ltr'><strong>pertinere.</strong></span> <span class='ocrx_word' id='word_1_77' title='bbox 1642 1105 1735 1147; x_wconf 90' lang='lat' dir='ltr'><strong>Hoc</strong></span> 
     </span>
     <span class='ocr_line' id='line_1_12' title="bbox 349 1170 1735 1232; baseline 0.001 -17"><span class='ocrx_word' id='word_1_78' title='bbox 349 1180 413 1216; x_wconf 89' lang='lat' dir='ltr'><strong>est</strong></span> <span class='ocrx_word' id='word_1_79' title='bbox 437 1172 554 1215; x_wconf 88' lang='lat' dir='ltr'><strong>enim</strong></span> <span class='ocrx_word' id='word_1_80' title='bbox 575 1170 696 1232; x_wconf 87' lang='lat' dir='ltr'><strong>quod</strong></span> <span class='ocrx_word' id='word_1_81' title='bbox 718 1172 776 1216; x_wconf 89' lang='lat' dir='ltr'><strong>ait</strong></span> <span class='ocrx_word' id='word_1_82' title='bbox 796 1192 805 1217; x_wconf 89' lang='lat'>:</span> <span class='ocrx_word' id='word_1_83' title='bbox 838 1192 856 1214; x_wconf 87' lang='lat'>«</span> <span class='ocrx_word' id='word_1_84' title='bbox 879 1172 921 1217; x_wconf 91' lang='lat' dir='ltr'><strong>Si</strong></span> <span class='ocrx_word' id='word_1_85' title='bbox 943 1173 1106 1217; x_wconf 86' lang='lat' dir='ltr'><strong>orietur</strong></span> <span class='ocrx_word' id='word_1_86' title='bbox 1128 1171 1192 1217; x_wconf 90' lang='lat' dir='ltr'><strong>sol</strong></span> <span class='ocrx_word' id='word_1_87' title='bbox 1213 1188 1343 1232; x_wconf 86' lang='lat' dir='ltr'><strong>super</strong></span> <span class='ocrx_word' id='word_1_88' title='bbox 1365 1187 1481 1216; x_wconf 89' lang='lat' dir='ltr'><strong>eum.</strong></span> <span class='ocrx_word' id='word_1_89' title='bbox 1511 1190 1532 1214; x_wconf 73' lang='lat' dir='ltr'><strong>n</strong></span> <span class='ocrx_word' id='word_1_90' title='bbox 1561 1176 1735 1217; x_wconf 81' lang='lat' dir='ltr'>Poterat</span> 
     </span>
     <span class='ocr_line' id='line_1_13' title="bbox 349 1235 1735 1304; baseline 0.001 -18"><span class='ocrx_word' id='word_1_91' title='bbox 349 1243 513 1304; x_wconf 87' lang='lat' dir='ltr'><strong>quippe</strong></span> <span class='ocrx_word' id='word_1_92' title='bbox 535 1241 721 1287; x_wconf 81' lang='lat' dir='ltr'><strong>discerni</strong></span> <span class='ocrx_word' id='word_1_93' title='bbox 737 1242 859 1304; x_wconf 89' lang='lat' dir='ltr'><strong>quod</strong></span> <span class='ocrx_word' id='word_1_94' title='bbox 879 1243 934 1287; x_wconf 89' lang='lat' dir='ltr'><strong>ad</strong></span> <span class='ocrx_word' id='word_1_95' title='bbox 959 1242 1196 1288; x_wconf 84' lang='lat' dir='ltr'><strong>furandum</strong></span> <span class='ocrx_word' id='word_1_96' title='bbox 1210 1279 1220 1299; x_wconf 86' lang='lat'>‚</span> <span class='ocrx_word' id='word_1_97' title='bbox 1246 1260 1336 1288; x_wconf 90' lang='lat' dir='ltr'><strong>non</strong></span> <span class='ocrx_word' id='word_1_98' title='bbox 1359 1243 1414 1288; x_wconf 90' lang='lat' dir='ltr'><strong>ad</strong></span> <span class='ocrx_word' id='word_1_99' title='bbox 1447 1235 1735 1288; x_wconf 69' lang='lat' dir='ltr'><strong>occidendum</strong></span> 
     </span>
     <span class='ocr_line' id='line_1_14' title="bbox 351 1314 1737 1373; baseline 0 -14"><span class='ocrx_word' id='word_1_100' title='bbox 351 1314 563 1370; x_wconf 81' lang='lat' dir='ltr'><strong>venisset,</strong></span> <span class='ocrx_word' id='word_1_101' title='bbox 590 1324 632 1359; x_wconf 91' lang='lat' dir='ltr'><strong>et</strong></span> <span class='ocrx_word' id='word_1_102' title='bbox 653 1314 751 1360; x_wconf 93' lang='lat' dir='ltr'><strong>ideo</strong></span> <span class='ocrx_word' id='word_1_103' title='bbox 786 1330 876 1360; x_wconf 89' lang='lat' dir='ltr'><strong>non</strong></span> <span class='ocrx_word' id='word_1_104' title='bbox 907 1315 1087 1359; x_wconf 82' lang='lat' dir='ltr'><strong>deberet</strong></span> <span class='ocrx_word' id='word_1_105' title='bbox 1117 1314 1271 1360; x_wconf 91' lang='lat' dir='ltr'><strong>occidi.</strong></span> <span class='ocrx_word' id='word_1_106' title='bbox 1298 1317 1391 1359; x_wconf 92' lang='lat' dir='ltr'><strong>Hoc</strong></span> <span class='ocrx_word' id='word_1_107' title='bbox 1418 1323 1461 1359; x_wconf 92' lang='lat' dir='ltr'><strong>et</strong></span> <span class='ocrx_word' id='word_1_108' title='bbox 1490 1316 1535 1358; x_wconf 90' lang='lat' dir='ltr'><strong>in</strong></span> <span class='ocrx_word' id='word_1_109' title='bbox 1565 1314 1737 1373; x_wconf 80' lang='lat' dir='ltr'><strong>legibus</strong></span> 
     </span>
     <span class='ocr_line' id='line_1_15' title="bbox 351 1385 1733 1447; baseline 0 -17"><span class='ocrx_word' id='word_1_110' title='bbox 351 1385 539 1446; x_wconf 86' lang='lat' dir='ltr'><strong>antiquis</strong></span> <span class='ocrx_word' id='word_1_111' title='bbox 559 1385 839 1430; x_wconf 78' lang='lat' dir='ltr'><strong>saecularibus</strong></span> <span class='ocrx_word' id='word_1_112' title='bbox 861 1387 939 1444; x_wconf 74' lang='lat'>(2),</span> <span class='ocrx_word' id='word_1_113' title='bbox 965 1386 1125 1447; x_wconf 89' lang='lat' dir='ltr'><strong>quibus</strong></span> <span class='ocrx_word' id='word_1_114' title='bbox 1145 1395 1294 1430; x_wconf 90' lang='lat' dir='ltr'><strong>tamen</strong></span> <span class='ocrx_word' id='word_1_115' title='bbox 1314 1386 1394 1430; x_wconf 90' lang='lat' dir='ltr'><strong>ista</strong></span> <span class='ocrx_word' id='word_1_116' title='bbox 1415 1395 1481 1430; x_wconf 90' lang='lat' dir='ltr'><strong>est</strong></span> <span class='ocrx_word' id='word_1_117' title='bbox 1498 1386 1733 1446; x_wconf 83' lang='lat' dir='ltr'><strong>antiquior,</strong></span> 
     </span>
     <span class='ocr_line' id='line_1_16' title="bbox 350 1454 1733 1517; baseline 0 -17"><span class='ocrx_word' id='word_1_118' title='bbox 350 1456 586 1511; x_wconf 86' lang='lat' dir='ltr'><strong>invenitur,</strong></span> <span class='ocrx_word' id='word_1_119' title='bbox 603 1456 783 1516; x_wconf 88' lang='lat' dir='ltr'><strong>impune</strong></span> <span class='ocrx_word' id='word_1_120' title='bbox 802 1457 941 1501; x_wconf 91' lang='lat' dir='ltr'><strong>occidi</strong></span> <span class='ocrx_word' id='word_1_121' title='bbox 952 1466 1218 1501; x_wconf 86' lang='lat' dir='ltr'><strong>nocturnum</strong></span> <span class='ocrx_word' id='word_1_122' title='bbox 1235 1455 1378 1500; x_wconf 89' lang='lat' dir='ltr'><strong>furem</strong></span> <span class='ocrx_word' id='word_1_123' title='bbox 1391 1471 1572 1517; x_wconf 85' lang='lat' dir='ltr'><strong>quoquo</strong></span> <span class='ocrx_word' id='word_1_124' title='bbox 1582 1454 1733 1511; x_wconf 86' lang='lat' dir='ltr'><strong>modo,</strong></span> 
     </span>
    </p>
   </div>
   <div class='ocr_carea' id='block_1_7' title="bbox 1850 481 1859 999">
    <p class='ocr_par' dir='ltr' id='par_1_7' title="bbox 1850 481 1859 999">
     <span class='ocr_line' id='line_1_17' title="bbox 1850 481 1859 999; baseline 0 0"><span class='ocrx_word' id='word_1_125' title='bbox 1850 481 1859 999; x_wconf 95' lang='lat' dir='ltr'><strong> </strong></span> 
     </span>
    </p>
   </div>
   <div class='ocr_carea' id='block_1_8' title="bbox 351 1525 1809 1588">
    <p class='ocr_par' dir='ltr' id='par_1_8' title="bbox 351 1525 1809 1588">
     <span class='ocr_line' id='line_1_18' title="bbox 351 1525 1809 1588; baseline 0.001 -18"><span class='ocrx_word' id='word_1_126' title='bbox 351 1526 560 1571; x_wconf 88' lang='lat' dir='ltr'><strong>diurnum</strong></span> <span class='ocrx_word' id='word_1_127' title='bbox 581 1536 728 1571; x_wconf 88' lang='lat' dir='ltr'><strong>autem</strong></span> <span class='ocrx_word' id='word_1_128' title='bbox 749 1528 783 1572; x_wconf 90' lang='lat' dir='ltr'><strong>si</strong></span> <span class='ocrx_word' id='word_1_129' title='bbox 804 1542 849 1572; x_wconf 90' lang='lat' dir='ltr'><strong>se</strong></span> <span class='ocrx_word' id='word_1_130' title='bbox 869 1525 955 1572; x_wconf 89' lang='lat' dir='ltr'><strong>telo</strong></span> <span class='ocrx_word' id='word_1_131' title='bbox 976 1525 1244 1573; x_wconf 87' lang='lat' dir='ltr'><strong>defenderit:</strong></span> <span class='ocrx_word' id='word_1_132' title='bbox 1267 1529 1358 1588; x_wconf 89' lang='lat' dir='ltr'><strong>jam</strong></span> <span class='ocrx_word' id='word_1_133' title='bbox 1385 1527 1500 1572; x_wconf 90' lang='lat' dir='ltr'><strong>enim</strong></span> <span class='ocrx_word' id='word_1_134' title='bbox 1524 1527 1621 1587; x_wconf 91' lang='lat' dir='ltr'><strong>plus</strong></span> <span class='ocrx_word' id='word_1_135' title='bbox 1643 1535 1705 1572; x_wconf 89' lang='lat' dir='ltr'><strong>est</strong></span> <span class='ocrx_word' id='word_1_136' title='bbox 1721 1562 1734 1582; x_wconf 80' lang='grc'>,</span> <span class='ocrx_word' id='word_1_137' title='bbox 1808 1565 1809 1586; x_wconf 39' lang='lat'><em>3</em></span> 
     </span>
    </p>
   </div>
   <div class='ocr_carea' id='block_1_9' title="bbox 356 1596 1283 1754">
    <p class='ocr_par' dir='ltr' id='par_1_9' title="bbox 356 1596 1283 1754">
     <span class='ocr_line' id='line_1_19' title="bbox 356 1596 598 1658; baseline 0 -17"><span class='ocrx_word' id='word_1_138' title='bbox 356 1612 491 1658; x_wconf 85' lang='lat' dir='ltr'><strong>quam</strong></span> <span class='ocrx_word' id='word_1_139' title='bbox 513 1596 598 1642; x_wconf 83' lang='lat' dir='ltr'><strong>fur.</strong></span> 
     </span>
     <span class='ocr_line' id='line_1_20' title="bbox 826 1705 1283 1754; baseline 0.011 -13"><span class='ocrx_word' id='word_1_140' title='bbox 826 1705 1062 1754; x_wconf 85' lang='lat' dir='ltr'>QUAESTIO</span> <span class='ocrx_word' id='word_1_141' title='bbox 1094 1706 1283 1746; x_wconf 75' lang='lat' dir='ltr'><strong>Lxxxv.</strong></span> 
     </span>
    </p>
   </div>
   <div class='ocr_carea' id='block_1_10' title="bbox 413 1805 1738 1866">
    <p class='ocr_par' dir='ltr' id='par_1_10' title="bbox 413 1805 1738 1866">
     <span class='ocr_line' id='line_1_21' title="bbox 413 1805 1738 1866; baseline 0 -16"><span class='ocrx_word' id='word_1_142' title='bbox 413 1809 530 1860; x_wconf 80' lang='lat' dir='ltr'><strong>Qum</strong></span> <span class='ocrx_word' id='word_1_143' title='bbox 553 1816 644 1851; x_wconf 80' lang='lat' dir='ltr'><strong>est:</strong></span> <span class='ocrx_word' id='word_1_144' title='bbox 671 1826 691 1849; x_wconf 89' lang='lat'>«</span> <span class='ocrx_word' id='word_1_145' title='bbox 716 1807 801 1860; x_wconf 88' lang='lat' dir='ltr'><strong>Qui</strong></span> <span class='ocrx_word' id='word_1_146' title='bbox 829 1806 1052 1851; x_wconf 85' lang='lat' dir='ltr'><strong>convietus</strong></span> <span class='ocrx_word' id='word_1_147' title='bbox 1085 1805 1216 1850; x_wconf 86' lang='lat' dir='ltr'><strong>fuerit</strong></span> <span class='ocrx_word' id='word_1_148' title='bbox 1248 1821 1326 1866; x_wconf 92' lang='lat' dir='ltr'><strong>per</strong></span> <span class='ocrx_word' id='word_1_149' title='bbox 1348 1808 1487 1850; x_wconf 87' lang='lat' dir='ltr'><strong>Deum</strong></span> <span class='ocrx_word' id='word_1_150' title='bbox 1503 1840 1514 1861; x_wconf 86' lang='lat'><strong>‚</strong></span> <span class='ocrx_word' id='word_1_151' title='bbox 1543 1805 1738 1850; x_wconf 81' lang='lat' dir='ltr'><strong>restituet</strong></span> 
     </span>
    </p>
   </div>
   <div class='ocr_carea' id='block_1_11' title="bbox 355 1874 1809 1939">
    <p class='ocr_par' dir='ltr' id='par_1_11' title="bbox 355 1874 1809 1939">
     <span class='ocr_line' id='line_1_22' title="bbox 355 1874 1809 1939; baseline 0.002 -21"><span class='ocrx_word' id='word_1_152' title='bbox 355 1896 377 1919; x_wconf 83' lang='lat'>»</span> <span class='ocrx_word' id='word_1_153' title='bbox 412 1877 573 1938; x_wconf 76' lang='lat' dir='ltr'><strong>duplo³</strong></span> <span class='ocrx_word' id='word_1_154' title='bbox 592 1898 601 1923; x_wconf 86' lang='lat'>:</span> <span class='ocrx_word' id='word_1_155' title='bbox 622 1896 641 1919; x_wconf 91' lang='lat'>»</span> <span class='ocrx_word' id='word_1_156' title='bbox 663 1878 742 1922; x_wconf 91' lang='lat' dir='ltr'><strong>nisi</strong></span> <span class='ocrx_word' id='word_1_157' title='bbox 764 1878 866 1939; x_wconf 85' lang='lat' dir='ltr'><strong>quia</strong></span> <span class='ocrx_word' id='word_1_158' title='bbox 884 1876 978 1922; x_wconf 88' lang='lat' dir='ltr'><strong>vult</strong></span> <span class='ocrx_word' id='word_1_159' title='bbox 994 1880 1108 1921; x_wconf 91' lang='lat' dir='ltr'><strong>Deus</strong></span> <span class='ocrx_word' id='word_1_160' title='bbox 1122 1875 1359 1935; x_wconf 88' lang='lat' dir='ltr'><strong>aliquando</strong></span> <span class='ocrx_word' id='word_1_161' title='bbox 1376 1877 1500 1934; x_wconf 85' lang='lat' dir='ltr'><strong>signo</strong></span> <span class='ocrx_word' id='word_1_162' title='bbox 1517 1874 1620 1920; x_wconf 81' lang='lat' dir='ltr'><strong>dato</strong></span> <span class='ocrx_word' id='word_1_163' title='bbox 1636 1892 1737 1936; x_wconf 87' lang='lat' dir='ltr'><strong>pro-</strong></span> <span class='ocrx_word' id='word_1_164' title='bbox 1808 1904 1809 1908; x_wconf 65' lang='lat'><em>=</em></span> 
     </span>
    </p>
   </div>
   <div class='ocr_carea' id='block_1_12' title="bbox 356 1947 1288 2101">
    <p class='ocr_par' dir='ltr' id='par_1_12' title="bbox 356 1947 1288 2101">
     <span class='ocr_line' id='line_1_23' title="bbox 356 1947 771 2011; baseline 0.002 -20"><span class='ocrx_word' id='word_1_165' title='bbox 356 1947 459 1992; x_wconf 85' lang='lat' dir='ltr'><strong>dere</strong></span> <span class='ocrx_word' id='word_1_166' title='bbox 476 1949 771 2011; x_wconf 78' lang='lat' dir='ltr'><strong>pejerantem?</strong></span> 
     </span>
     <span class='ocr_line' id='line_1_24' title="bbox 815 2050 1288 2101; baseline 0.002 -11"><span class='ocrx_word' id='word_1_167' title='bbox 815 2050 1050 2101; x_wconf 79' lang='lat' dir='ltr'>QUAESTIO</span> <span class='ocrx_word' id='word_1_168' title='bbox 1082 2051 1288 2091; x_wconf 83' lang='lat' dir='ltr'><strong>LXXXVI.</strong></span> 
     </span>
    </p>
   </div>
   <div class='ocr_carea' id='block_1_13' title="bbox 418 2152 1842 2214">
    <p class='ocr_par' dir='ltr' id='par_1_13' title="bbox 418 2152 1842 2214">
     <span class='ocr_line' id='line_1_25' title="bbox 418 2152 1842 2214; baseline 0.001 -17"><span class='ocrx_word' id='word_1_169' title='bbox 418 2175 438 2197; x_wconf 67' lang='grc' dir='ltr'><strong>ι(</strong></span> <span class='ocrx_word' id='word_1_170' title='bbox 462 2158 573 2200; x_wconf 67' lang='lat' dir='ltr'><strong>Deos</strong></span> <span class='ocrx_word' id='word_1_171' title='bbox 595 2169 683 2198; x_wconf 92' lang='lat' dir='ltr'><strong>non</strong></span> <span class='ocrx_word' id='word_1_172' title='bbox 704 2152 934 2198; x_wconf 85' lang='lat' dir='ltr'><strong>maledices</strong></span> <span class='ocrx_word' id='word_1_173' title='bbox 948 2155 977 2197; x_wconf 71' lang='lat'><strong>4.</strong></span> <span class='ocrx_word' id='word_1_174' title='bbox 1009 2171 1029 2194; x_wconf 89' lang='lat'>»</span> <span class='ocrx_word' id='word_1_175' title='bbox 1057 2153 1277 2206; x_wconf 76' lang='lat' dir='ltr'><strong>Quaeritur</strong></span> <span class='ocrx_word' id='word_1_176' title='bbox 1299 2169 1407 2214; x_wconf 89' lang='lat' dir='ltr'><strong>quos</strong></span> <span class='ocrx_word' id='word_1_177' title='bbox 1430 2154 1583 2198; x_wconf 79' lang='lat' dir='ltr'><strong>dixerit</strong></span> <span class='ocrx_word' id='word_1_178' title='bbox 1605 2153 1708 2198; x_wconf 88' lang='lat' dir='ltr'><strong>deos</strong></span> <span class='ocrx_word' id='word_1_179' title='bbox 1723 2189 1736 2210; x_wconf 90' lang='lat'>,</span> <span class='ocrx_word' id='word_1_180' title='bbox 1806 2159 1808 2199; x_wconf 68' lang='grc' dir='ltr'><strong>ἱ</strong></span> <span class='ocrx_word' id='word_1_181' title='bbox 1840 2166 1842 2186; x_wconf 56' lang='lat'><em>2</em></span> 
     </span>
    </p>
   </div>
   <div class='ocr_carea' id='block_1_14' title="bbox 1805 2321 1872 2672">
    <p class='ocr_par' dir='ltr' id='par_1_14' title="bbox 1805 2321 1872 2672">
     <span class='ocr_line' id='line_1_26' title="bbox 1858 2321 1863 2337; baseline 0 -3"><span class='ocrx_word' id='word_1_182' title='bbox 1858 2321 1863 2337; x_wconf 61' lang='lat' dir='ltr'><strong>i</strong></span> 
     </span>
     <span class='ocr_line' id='line_1_27' title="bbox 1806 2355 1866 2393; baseline 0.033 -2"><span class='ocrx_word' id='word_1_183' title='bbox 1806 2378 1807 2388; x_wconf 60' lang='lat' dir='ltr'><strong>i</strong></span> <span class='ocrx_word' id='word_1_184' title='bbox 1843 2355 1845 2369; x_wconf 38' lang='lat' dir='ltr'><strong>i</strong></span> <span class='ocrx_word' id='word_1_185' title='bbox 1858 2368 1866 2393; x_wconf 58' lang='grc' dir='ltr'><strong>«Ῐι</strong></span> 
     </span>
     <span class='ocr_line' id='line_1_28' title="bbox 1805 2376 1872 2526; baseline -0.015 -63"><span class='ocrx_word' id='word_1_186' title='bbox 1805 2440 1807 2463; x_wconf 68' lang='lat' dir='ltr'><strong>i</strong></span> <span class='ocrx_word' id='word_1_187' title='bbox 1842 2376 1847 2526; x_wconf 52' lang='grc' dir='ltr'><strong>ζ</strong></span> <span class='ocrx_word' id='word_1_188' title='bbox 1858 2439 1872 2479; x_wconf 45' lang='lat' dir='ltr'><strong>iffi</strong></span> 
     </span>
     <span class='ocr_line' id='line_1_29' title="bbox 1805 2522 1871 2672; baseline 0 -135"><span class='ocrx_word' id='word_1_189' title='bbox 1805 2522 1806 2537; x_wconf 62' lang='lat' dir='ltr'><strong>i</strong></span> <span class='ocrx_word' id='word_1_190' title='bbox 1842 2527 1848 2672; x_wconf 65' lang='grc'>1</span> <span class='ocrx_word' id='word_1_191' title='bbox 1859 2531 1871 2564; x_wconf 39' lang='lat' dir='ltr'><strong>[Q</strong></span> 
     </span>
     <span class='ocr_line' id='line_1_30' title="bbox 1805 2650 1806 2667; baseline 0 0"><span class='ocrx_word' id='word_1_192' title='bbox 1805 2650 1806 2667; x_wconf 64' lang='lat' dir='ltr'><strong>i</strong></span> 
     </span>
    </p>
   </div>
   <div class='ocr_carea' id='block_1_15' title="bbox 350 2221 1739 2500">
    <p class='ocr_par' dir='ltr' id='par_1_15' title="bbox 350 2221 1739 2500">
     <span class='ocr_line' id='line_1_31' title="bbox 354 2221 1739 2285; baseline -0.001 -15"><span class='ocrx_word' id='word_1_193' title='bbox 354 2235 501 2270; x_wconf 84' lang='lat' dir='ltr'><strong>utrum</strong></span> <span class='ocrx_word' id='word_1_194' title='bbox 523 2225 738 2285; x_wconf 88' lang='lat' dir='ltr'><strong>principes</strong></span> <span class='ocrx_word' id='word_1_195' title='bbox 767 2224 842 2284; x_wconf 90' lang='lat' dir='ltr'><strong>qui</strong></span> <span class='ocrx_word' id='word_1_196' title='bbox 869 2221 1068 2283; x_wconf 85' lang='lat' dir='ltr'><strong>judicant</strong></span> <span class='ocrx_word' id='word_1_197' title='bbox 1089 2223 1325 2283; x_wconf 88' lang='lat' dir='ltr'><strong>populum,</strong></span> <span class='ocrx_word' id='word_1_198' title='bbox 1351 2224 1463 2268; x_wconf 88' lang='lat' dir='ltr'><strong>sicut</strong></span> <span class='ocrx_word' id='word_1_199' title='bbox 1483 2223 1650 2268; x_wconf 89' lang='lat' dir='ltr'><strong>dictum</strong></span> <span class='ocrx_word' id='word_1_200' title='bbox 1674 2233 1739 2268; x_wconf 87' lang='lat' dir='ltr'><strong>est</strong></span> 
     </span>
     <span class='ocr_line' id='line_1_32' title="bbox 353 2294 1739 2357; baseline -0.001 -15"><span class='ocrx_word' id='word_1_201' title='bbox 353 2297 408 2343; x_wconf 90' lang='lat' dir='ltr'><strong>de</strong></span> <span class='ocrx_word' id='word_1_202' title='bbox 435 2300 605 2355; x_wconf 88' lang='lat' dir='ltr'><strong>Moyse,</strong></span> <span class='ocrx_word' id='word_1_203' title='bbox 643 2294 764 2357; x_wconf 86' lang='lat' dir='ltr'><strong>quod</strong></span> <span class='ocrx_word' id='word_1_204' title='bbox 798 2295 923 2340; x_wconf 86' lang='lat' dir='ltr'><strong>datus</strong></span> <span class='ocrx_word' id='word_1_205' title='bbox 953 2295 1095 2339; x_wconf 83' lang='lat' dir='ltr'><strong>fuerat</strong></span> <span class='ocrx_word' id='word_1_206' title='bbox 1126 2299 1237 2340; x_wconf 89' lang='lat' dir='ltr'><strong>Deus</strong></span> <span class='ocrx_word' id='word_1_207' title='bbox 1272 2296 1512 2339; x_wconf 83' lang='lat' dir='ltr'><strong>Pharaoni⁵</strong></span> <span class='ocrx_word' id='word_1_208' title='bbox 1537 2316 1545 2340; x_wconf 77' lang='grc' dir='ltr'>ε</span> <span class='ocrx_word' id='word_1_209' title='bbox 1580 2305 1629 2340; x_wconf 88' lang='lat' dir='ltr'><strong>ut</strong></span> <span class='ocrx_word' id='word_1_210' title='bbox 1660 2311 1739 2356; x_wconf 85' lang='lat' dir='ltr'><strong>per</strong></span> 
     </span>
     <span class='ocr_line' id='line_1_33' title="bbox 350 2365 1730 2428; baseline -0.002 -15"><span class='ocrx_word' id='word_1_211' title='bbox 350 2368 658 2428; x_wconf 80' lang='lat' dir='ltr'><strong>expositionem</strong></span> <span class='ocrx_word' id='word_1_212' title='bbox 679 2367 732 2411; x_wconf 88' lang='lat' dir='ltr'><strong>sit</strong></span> <span class='ocrx_word' id='word_1_213' title='bbox 753 2366 920 2411; x_wconf 71' lang='lat' dir='ltr'><strong>dictum</strong></span> <span class='ocrx_word' id='word_1_214' title='bbox 943 2366 1064 2426; x_wconf 88' lang='lat' dir='ltr'><strong>quod</strong></span> <span class='ocrx_word' id='word_1_215' title='bbox 1084 2366 1295 2425; x_wconf 87' lang='lat' dir='ltr'><strong>sequitur,</strong></span> <span class='ocrx_word' id='word_1_216' title='bbox 1315 2365 1436 2410; x_wconf 88' lang='lat' dir='ltr'><strong>velut</strong></span> <span class='ocrx_word' id='word_1_217' title='bbox 1458 2365 1730 2410; x_wconf 88' lang='lat' dir='ltr'><strong>ostendendo</strong></span> 
     </span>
     <span class='ocr_line' id='line_1_34' title="bbox 350 2435 1733 2500; baseline -0.001 -17"><span class='ocrx_word' id='word_1_218' title='bbox 350 2455 459 2500; x_wconf 88' lang='lat' dir='ltr'><strong>quos</strong></span> <span class='ocrx_word' id='word_1_219' title='bbox 477 2438 632 2483; x_wconf 81' lang='lat' dir='ltr'><strong>dixerit</strong></span> <span class='ocrx_word' id='word_1_220' title='bbox 653 2437 754 2482; x_wconf 89' lang='lat' dir='ltr'><strong>deos</strong></span> <span class='ocrx_word' id='word_1_221' title='bbox 769 2472 780 2492; x_wconf 92' lang='lat'>‚</span> <span class='ocrx_word' id='word_1_222' title='bbox 798 2437 875 2481; x_wconf 90' lang='lat' dir='ltr'><strong>ubi</strong></span> <span class='ocrx_word' id='word_1_223' title='bbox 893 2436 950 2481; x_wconf 84' lang='lat' dir='ltr'><strong>ait</strong></span> <span class='ocrx_word' id='word_1_224' title='bbox 970 2456 979 2482; x_wconf 78' lang='lat'>2</span> <span class='ocrx_word' id='word_1_225' title='bbox 1004 2456 1024 2479; x_wconf 91' lang='lat'>«</span> <span class='ocrx_word' id='word_1_226' title='bbox 1045 2439 1101 2480; x_wconf 90' lang='lat' dir='ltr'><strong>Et</strong></span> <span class='ocrx_word' id='word_1_227' title='bbox 1117 2437 1360 2496; x_wconf 84' lang='lat' dir='ltr'><strong>principem</strong></span> <span class='ocrx_word' id='word_1_228' title='bbox 1380 2435 1532 2496; x_wconf 88' lang='lat' dir='ltr'><strong>populi</strong></span> <span class='ocrx_word' id='word_1_229' title='bbox 1554 2437 1617 2481; x_wconf 90' lang='lat' dir='ltr'><strong>tui</strong></span> <span class='ocrx_word' id='word_1_230' title='bbox 1641 2452 1733 2481; x_wconf 90' lang='lat' dir='ltr'><strong>non</strong></span> 
     </span>
    </p>
   </div>
   <div class='ocr_carea' id='block_1_16' title="bbox 352 2531 1729 2633">
    <p class='ocr_par' dir='ltr' id='par_1_16' title="bbox 352 2531 1729 2633">
     <span class='ocr_line' id='line_1_35' title="bbox 398 2531 1729 2578; baseline -0.002 -11"><span class='ocrx_word' id='word_1_231' title='bbox 398 2536 523 2568; x_wconf 82' lang='lat' dir='ltr'><strong>¹Exod.</strong></span> <span class='ocrx_word' id='word_1_232' title='bbox 544 2547 607 2578; x_wconf 73' lang='lat' dir='ltr'><strong>xxi,</strong></span> <span class='ocrx_word' id='word_1_233' title='bbox 638 2547 665 2567; x_wconf 88' lang='lat'><strong>1.</strong></span> <span class='ocrx_word' id='word_1_234' title='bbox 688 2551 728 2557; x_wconf 79' lang='lat'><strong>—-</strong></span> <span class='ocrx_word' id='word_1_235' title='bbox 751 2534 822 2567; x_wconf 84' lang='lat' dir='ltr'><strong>²ld.</strong></span> <span class='ocrx_word' id='word_1_236' title='bbox 844 2545 921 2576; x_wconf 65' lang='lat' dir='ltr'><strong>xxii,</strong></span> <span class='ocrx_word' id='word_1_237' title='bbox 947 2544 979 2566; x_wconf 61' lang='grc' dir='ltr'><strong>υ..</strong></span> <span class='ocrx_word' id='word_1_238' title='bbox 997 2551 1037 2556; x_wconf 83' lang='lat'><em>-</em></span> <span class='ocrx_word' id='word_1_239' title='bbox 1063 2532 1174 2566; x_wconf 79' lang='lat' dir='ltr'><strong>31bid.</strong></span> <span class='ocrx_word' id='word_1_240' title='bbox 1199 2536 1231 2566; x_wconf 81' lang='lat'><strong>9.</strong></span> <span class='ocrx_word' id='word_1_241' title='bbox 1259 2551 1300 2557; x_wconf 80' lang='lat'>—</span> <span class='ocrx_word' id='word_1_242' title='bbox 1323 2533 1338 2564; x_wconf 70' lang='lat'>4</span> <span class='ocrx_word' id='word_1_243' title='bbox 1362 2534 1442 2567; x_wconf 80' lang='lat' dir='ltr'><strong>Ibid.</strong></span> <span class='ocrx_word' id='word_1_244' title='bbox 1463 2534 1517 2568; x_wconf 77' lang='lat'><strong>28.</strong></span> <span class='ocrx_word' id='word_1_245' title='bbox 1542 2550 1583 2556; x_wconf 89' lang='lat'>—</span> <span class='ocrx_word' id='word_1_246' title='bbox 1600 2531 1729 2566; x_wconf 80' lang='lat' dir='ltr'><strong>5Ex0d.</strong></span> 
     </span>
     <span class='ocr_line' id='line_1_36' title="bbox 352 2602 458 2633; baseline 0.009 -11"><span class='ocrx_word' id='word_1_247' title='bbox 352 2602 408 2633; x_wconf 63' lang='lat' dir='ltr'><strong>Vll,</strong></span> <span class='ocrx_word' id='word_1_248' title='bbox 431 2602 458 2623; x_wconf 76' lang='lat'><strong>1.</strong></span> 
     </span>
    </p>
   </div>
   <div class='ocr_carea' id='block_1_17' title="bbox 1846 2703 1849 2757">
    <p class='ocr_par' dir='ltr' id='par_1_17' title="bbox 1846 2703 1849 2757">
     <span class='ocr_line' id='line_1_37' title="bbox 1846 2703 1849 2730; baseline 0 0"><span class='ocrx_word' id='word_1_249' title='bbox 1846 2703 1849 2730; x_wconf 75' lang='grc' dir='ltr'>Ι</span> 
     </span>
     <span class='ocr_line' id='line_1_38' title="bbox 1847 2740 1849 2757; baseline 0 0"><span class='ocrx_word' id='word_1_250' title='bbox 1847 2740 1849 2757; x_wconf 62' lang='lat'>³</span> 
     </span>
    </p>
   </div>
   <div class='ocr_carea' id='block_1_18' title="bbox 1847 2814 1850 2865">
    <p class='ocr_par' dir='ltr' id='par_1_18' title="bbox 1847 2814 1850 2865">
     <span class='ocr_line' id='line_1_39' title="bbox 1847 2814 1850 2865; baseline 0 0"><span class='ocrx_word' id='word_1_251' title='bbox 1847 2814 1850 2865; x_wconf 73' lang='grc' dir='ltr'>ἰ</span> 
     </span>
    </p>
   </div>
  </div>
 </body>
</html>
