1872 3267
334 277 592 304 LerTmNEs
624 278 677 304 DE
711 278 926 316 NUMEIMS,
962 279 1043 305 Lus.
1082 280 1139 304 iv.
1374 267 1428 304 83

0 357 1 388 l
51 358 72 381 »
108 340 285 384 Eleazar
323 341 534 386 sacerdoti
568 342 778 402 primitias
819 343 992 387 Domini
1015 345 1027 369 ¹
1059 361 1067 386 ε
1103 360 1123 382 »
1161 357 1251 386 non
1286 342 1393 387 dixit
1416 363 1424 387 :

49 427 71 452 »
108 410 285 455 Dabitis.
315 428 336 453 »

105 484 218 527 CVI.
246 501 267 525 «
284 485 341 527 Et
355 481 510 527 animae
526 483 757 528 hominum
776 498 799 528 a
816 483 1088 539 mulieribus,
1105 498 1204 543 quae
1226 498 1315 527 non
1332 499 1433 542 cog-

49 570 70 593 »
105 563 322 598 noverunt
338 554 620 598 concubitum
638 555 740 610 viri,
762 556 902 599 omnis
924 555 1066 599 anima
1087 552 1175 597 duo
1193 563 1236 598 et
1259 554 1433 612 triginta

48 640 71 664 »
104 622 265 668 millia²
291 643 300 669 :
335 643 356 666 »
383 633 426 669 et
447 625 517 670 hic
543 626 738 685 superior
756 625 920 671 locutio
939 625 1193 671 confirmata
1217 634 1304 680 est,
1330 640 1431 669 mu-

44 693 166 739 lieres
187 695 273 741 dici
290 696 420 741 etiam
442 713 542 757 quae
563 713 654 743 non
680 707 984 758 cognoverunt
1010 696 1294 767 concubitum
1324 697 1428 754 viri,

45 764 91 809 id
113 775 195 821 est,
219 767 423 827 virgines.

104 839 241 882 CVII.
271 857 291 879 «
310 840 365 882 Et
378 837 545 898 accepit
558 842 729 897 Moyses
752 848 795 883 et
816 838 994 884 Eleazar
1010 838 1208 884 sacerdos
1227 854 1379 883 aurum
1407 855 1432 884 a

49 924 69 948 »
103 907 347 952 chiliarchis
364 918 408 953 et
429 925 450 953 a
475 910 804 954 centurionibus
818 945 829 965 ,
855 919 898 954 et
920 909 1069 954 intulit
1091 926 1140 954 ea
1157 910 1202 953 in
1224 911 1432 954 taberna-

47 995 68 1019 »
103 977 251 1022 culum
274 979 526 1024 testimonii3
547 1000 555 1025 :
581 999 600 1022 »
627 980 812 1026 Videtur
835 980 979 1025 dicere
998 981 1215 1037 debuisse,
1247 1001 1266 1024 «
1282 985 1339 1025 Et
1360 982 1432 1026 in-

48 1065 69 1088 »
103 1048 321 1093 tulitillud
334 1049 379 1093 in
390 1050 724 1095 tabernaculum
738 1050 971 1095 testimonii
987 1072 997 1108 3
1016 1069 1036 1091 »
1054 1051 1262 1111 quoniam
1277 1068 1433 1096 aurum

45 1129 272 1179 acceptum
300 1136 389 1165 esse
417 1121 673 1181 praedixerat
690 1158 700 1178 ‚
726 1131 769 1166 et
799 1121 995 1182 plerique
1021 1121 1144 1166 latini
1177 1122 1346 1167 codices
1373 1123 1434 1168 sic

45 1190 210 1235 habent
238 1211 245 1236 :
272 1190 347 1236 sed
374 1191 472 1236 ideo
497 1191 723 1253 pluraliter
752 1191 927 1237 videtur
955 1192 1126 1237 illatum
1157 1202 1208 1237 ut
1239 1192 1431 1250 diceret,

48 1279 69 1303 «
104 1261 260 1306 Intulit
280 1278 351 1318 ea,
382 1281 399 1304 r>
425 1264 525 1323 quia
548 1263 687 1307 multa
707 1279 806 1308 vasa
823 1262 1000 1308 fuerant
1018 1264 1214 1324 superius
1237 1280 1433 1310 comme-

44 1342 208 1378 morata
221 1369 231 1388 ‚
255 1333 302 1378 in
319 1333 478 1394 quibus
501 1343 592 1379 erat
607 1335 691 1379 hoc
710 1349 883 1378 aurum.

102 1406 260 1449 CVIII.
291 1424 311 1446 «
326 1407 383 1448 Et
396 1420 567 1465 pecora⁷
593 1404 832 1449 multitudo
855 1413 950 1449 erat
972 1404 1070 1450 filiis
1093 1405 1253 1450 Ruben
1272 1415 1315 1451 et
1336 1406 1435 1451 filiis

47 1491 68 1515 »
86 1474 213 1530 ·G-ad,
240 1474 480 1520 multitudo
502 1476 674 1535 copiosa
694 1475 847 1520 valde⁴
869 1495 878 1520 :
909 1494 928 1517 »
956 1492 1046 1520 non
1069 1476 1177 1521 dixit
1197 1497 1205 1521 ε
1237 1496 1256 1520 «
1281 1480 1339 1521 Et
1355 1494 1434 1538 pe-

47 1563 68 1587 »
104 1561 252 1589 corum
277 1545 515 1590 multitudo
535 1556 640 1590 erat.
660 1565 680 1587 η

103 1617 219 1660 CIX.
246 1636 265 1658 «
280 1619 337 1660 Et
350 1616 556 1660 viderunt
576 1617 794 1675 regionem
808 1618 932 1660 Jazcr
948 1625 991 1660 et
1009 1618 1225 1675 regionem
1250 1618 1430 1675 GaLaad,

44 1704 65 1727 »
100 1696 143 1731 et
165 1696 256 1731 crat
281 1686 423 1742 locus,
448 1687 570 1731 locus
592 1687 822 1746 pecoribus
840 1688 853 1712 ⁵
881 1706 889 1730 :
921 1704 940 1727 »
966 1702 1055 1731 non
1071 1687 1350 1746 jungendum
1370 1699 1434 1735 est

41 1757 86 1801 in
103 1758 457 1818 pronuntiatione
475 1756 597 1818 quod
615 1756 679 1800 bis
697 1755 807 1800 dixit
825 1775 845 1799 «
870 1755 992 1801 locus
1018 1777 1025 1801 :
1056 1776 1075 1798 ))
1102 1757 1177 1802 sed
1193 1758 1432 1804 subdistin-

42 1828 279 1886 guendum,
305 1831 392 1873 «Et
407 1837 498 1872 erat
514 1828 657 1885 locus3
677 1845 698 1868 ³>
718 1836 761 1871 et
777 1826 936 1871 deinde
950 1827 1244 1885 inferendum,
1271 1850 1290 1874 «
1311 1830 1432 1876 locus

44 1917 65 1941 »
99 1900 343 1960 pecoribus.
369 1918 388 1941 »
415 1899 546 1953 Quasi
568 1898 685 1942 enim
713 1908 1015 1958 expectaretur
1043 1899 1182 1960 qualis
1202 1900 1346 1958 locus,
1371 1903 1431 1948 ita

41 1971 239 2031 repetitio
260 1970 481 2030 eleganter
502 1969 623 2014 illata
643 1979 722 2013 est.

96 2045 188 2088 CX.
225 2062 245 2085 «
269 2045 325 2087 Et
347 2042 600 2087 accedentes
622 2041 700 2086 filii
723 2040 881 2085 Ruben
909 2050 952 2086 et
980 2041 1056 2086 filii
1078 2042 1199 2099 Gad,
1227 2044 1432 2091 dixerunt

44 2132 64 2156 »
100 2113 154 2158 ad
173 2117 353 2172 Moysen
370 2123 412 2158 et
432 2114 610 2158 Eleazar
632 2113 916 2169 sacerdotem,
939 2122 982 2158 et
995 2113 1050 2158 ad
1064 2115 1278 2176 principes
1300 2134 1431 2176 syna-

43 2202 65 2226 »
99 2199 240 2243 gogae,
266 2184 486 2229 dicentes⁶
515 2204 524 2229 ι
552 2203 572 2227 n
600 2200 691 2229 non
715 2194 779 2229 est
811 2184 892 2228 ista
923 2184 993 2229 vel
1026 2200 1165 2244 graeca
1198 2186 1269 2231 vel
1297 2187 1431 2234 latina

40 2254 217 2311 locutio,
247 2255 484 2300 «dixerunt
506 2255 713 2312 dicentes,
741 2274 762 2297 »
783 2254 858 2299 sed
880 2256 1054 2300 hebraea
1075 2256 1265 2302 videtur.

97 2329 212 2372 CXI.
242 2331 413 2372 «Detur
430 2338 541 2372 terra
562 2329 641 2372 ista
664 2326 837 2372 famulis
850 2327 934 2371 tuis
950 2327 994 2371 in
1013 2329 1324 2387 possessionem
1340 2334 1357 2349 ⁷
1377 2351 1385 2376 :
1408 2351 1429 2374 »

39 2398 160 2457 quasi
184 2397 239 2443 de
260 2398 352 2443 aliis
375 2399 593 2454 dicerent,
618 2413 719 2443 curn
741 2398 824 2442 sibi
846 2407 1061 2458 peterent.

98 2471 236 2514 CXII.
266 2489 282 2511 «
302 2473 400 2516 Non
424 2471 540 2514 enim
559 2471 695 2515 secuti
723 2479 826 2514 sunt
846 2479 943 2530 post
963 2485 1055 2526 me,
1083 2480 1243 2531 praeter
1264 2473 1430 2519 Chaleb

86 2572 95 2588 ¹
115 2567 208 2598 Num.
235 2577 325 2608 xxxi,
345 2567 401 2608 28,
423 2576 476 2610 29.
500 2585 540 2590 —
560 2574 572 2590 ²
594 2568 675 2599 Ibid.
698 2567 750 2600 35.
772 2585 813 2591 —
835 2565 848 2590 3
874 2567 956 2600 lbid.
980 2567 1036 2610 54.
1061 2581 1103 2590 ὼ
1118 2567 1133 2594 Δ
1154 2569 1201 2601 Id.
1217 2581 1315 2612 xxxii,
1340 2583 1368 2603 1.
1387 2589 1429 2595 —-=

38 2638 79 2645 ·-
96 2620 204 2656 51bid.
220 2639 262 2645 -
286 2621 302 2646 6
370 2624 402 2655 d.
422 2632 455 2656 2.
471 2640 513 2647 —-
531 2631 544 2657 7
567 2624 648 2656 Ibid.
671 2623 704 2656 5.

1175 2682 1213 2720 6.
