<?xml version="1.0" encoding="UTF-8"?>
<!DOCTYPE html PUBLIC "-//W3C//DTD XHTML 1.0 Transitional//EN"
    "http://www.w3.org/TR/xhtml1/DTD/xhtml1-transitional.dtd">
<html xmlns="http://www.w3.org/1999/xhtml" xml:lang="en" lang="en">
 <head>
  <title>
</title>
<meta http-equiv="Content-Type" content="text/html;charset=utf-8" />
  <meta name='ocr-system' content='tesseract 3.04.00' />
  <meta name='ocr-capabilities' content='ocr_page ocr_carea ocr_par ocr_line ocrx_word'/>
</head>
<body>
  <div class='ocr_page' id='page_1' title='image "./operaomniaaccura06auguuoft_0494.png"; bbox 0 0 1872 3267; ppageno 0'>
   <div class='ocr_carea' id='block_1_1' title="bbox 363 209 1303 253">
    <p class='ocr_par' dir='ltr' id='par_1_1' title="bbox 363 209 1303 253">
     <span class='ocr_line' id='line_1_1' title="bbox 363 209 1303 253; baseline 0.006 -6"><span class='ocrx_word' id='word_1_1' title='bbox 363 209 444 248; x_wconf 72' lang='lat'>488</span> <span class='ocrx_word' id='word_1_2' title='bbox 795 223 827 251; x_wconf 91' lang='lat' dir='ltr'>s.</span> <span class='ocrx_word' id='word_1_3' title='bbox 864 224 1091 253; x_wconf 78' lang='lat' dir='ltr'><strong>AUGUSTINI</strong></span> <span class='ocrx_word' id='word_1_4' title='bbox 1126 225 1303 253; x_wconf 76' lang='lat' dir='ltr'><strong>EPISCOPI</strong></span> 
     </span>
    </p>
   </div>
   <div class='ocr_carea' id='block_1_2' title="bbox 358 287 1743 634">
    <p class='ocr_par' dir='ltr' id='par_1_2' title="bbox 358 287 1743 634">
     <span class='ocr_line' id='line_1_2' title="bbox 363 287 1739 352; baseline 0.006 -24"><span class='ocrx_word' id='word_1_5' title='bbox 363 305 382 327; x_wconf 67' lang='grc' dir='ltr'>υ</span> <span class='ocrx_word' id='word_1_6' title='bbox 419 287 629 333; x_wconf 79' lang='lat' dir='ltr'>Dominus</span> <span class='ocrx_word' id='word_1_7' title='bbox 653 287 710 331; x_wconf 78' lang='lat' dir='ltr'>ad</span> <span class='ocrx_word' id='word_1_8' title='bbox 737 304 811 333; x_wconf 89' lang='lat' dir='ltr'>vos</span> <span class='ocrx_word' id='word_1_9' title='bbox 841 289 884 332; x_wconf 92' lang='lat' dir='ltr'>in</span> <span class='ocrx_word' id='word_1_10' title='bbox 907 299 1054 334; x_wconf 90' lang='lat' dir='ltr'>monte</span> <span class='ocrx_word' id='word_1_11' title='bbox 1084 306 1106 333; x_wconf 91' lang='lat' dir='ltr'>e</span> <span class='ocrx_word' id='word_1_12' title='bbox 1138 287 1282 333; x_wconf 88' lang='lat' dir='ltr'>medio</span> <span class='ocrx_word' id='word_1_13' title='bbox 1310 290 1478 348; x_wconf 76' lang='lat' dir='ltr'>ignis¹P</span> <span class='ocrx_word' id='word_1_14' title='bbox 1498 309 1518 332; x_wconf 84' lang='lat'>»</span> <span class='ocrx_word' id='word_1_15' title='bbox 1549 293 1618 336; x_wconf 84' lang='lat' dir='ltr'>An</span> <span class='ocrx_word' id='word_1_16' title='bbox 1639 292 1739 352; x_wconf 89' lang='lat' dir='ltr'>quia</span> 
     </span>
     <span class='ocr_line' id='line_1_3' title="bbox 358 356 1740 420; baseline 0.004 -19"><span class='ocrx_word' id='word_1_17' title='bbox 358 356 420 401; x_wconf 88' lang='lat' dir='ltr'>illi</span> <span class='ocrx_word' id='word_1_18' title='bbox 438 357 515 417; x_wconf 88' lang='lat' dir='ltr'>qui</span> <span class='ocrx_word' id='word_1_19' title='bbox 537 373 626 402; x_wconf 91' lang='lat' dir='ltr'>non</span> <span class='ocrx_word' id='word_1_20' title='bbox 648 357 954 416; x_wconf 86' lang='lat' dir='ltr'>ingrediuntur</span> <span class='ocrx_word' id='word_1_21' title='bbox 968 360 1013 403; x_wconf 91' lang='lat' dir='ltr'>in</span> <span class='ocrx_word' id='word_1_22' title='bbox 1038 368 1194 403; x_wconf 86' lang='lat' dir='ltr'>terram</span> <span class='ocrx_word' id='word_1_23' title='bbox 1216 360 1525 419; x_wconf 77' lang='lat' dir='ltr'>promissionis,</span> <span class='ocrx_word' id='word_1_24' title='bbox 1556 363 1740 420; x_wconf 87' lang='lat' dir='ltr'>(mortui</span> 
     </span>
     <span class='ocr_line' id='line_1_4' title="bbox 359 428 1738 490; baseline 0.004 -19"><span class='ocrx_word' id='word_1_25' title='bbox 359 437 461 472; x_wconf 90' lang='lat' dir='ltr'>sunt</span> <span class='ocrx_word' id='word_1_26' title='bbox 483 428 598 472; x_wconf 81' lang='lat' dir='ltr'>enim</span> <span class='ocrx_word' id='word_1_27' title='bbox 628 432 832 489; x_wconf 84' lang='lat' dir='ltr'>omnes‚)</span> <span class='ocrx_word' id='word_1_28' title='bbox 864 446 954 475; x_wconf 90' lang='lat' dir='ltr'>non</span> <span class='ocrx_word' id='word_1_29' title='bbox 976 431 1194 490; x_wconf 81' lang='lat' dir='ltr'>pertinent</span> <span class='ocrx_word' id='word_1_30' title='bbox 1215 431 1270 475; x_wconf 87' lang='lat' dir='ltr'>ad</span> <span class='ocrx_word' id='word_1_31' title='bbox 1302 431 1384 476; x_wconf 91' lang='lat' dir='ltr'>hoc</span> <span class='ocrx_word' id='word_1_32' title='bbox 1406 441 1712 477; x_wconf 86' lang='lat' dir='ltr'>testamentum</span> <span class='ocrx_word' id='word_1_33' title='bbox 1727 469 1738 488; x_wconf 85' lang='lat'>‚</span> 
     </span>
     <span class='ocr_line' id='line_1_5' title="bbox 360 500 1743 562; baseline 0.004 -20"><span class='ocrx_word' id='word_1_34' title='bbox 360 515 550 560; x_wconf 90' lang='lat' dir='ltr'>quorum</span> <span class='ocrx_word' id='word_1_35' title='bbox 582 509 687 544; x_wconf 89' lang='lat' dir='ltr'>tune</span> <span class='ocrx_word' id='word_1_36' title='bbox 718 501 956 560; x_wconf 82' lang='lat' dir='ltr'>recognitio</span> <span class='ocrx_word' id='word_1_37' title='bbox 994 500 1106 546; x_wconf 79' lang='lat' dir='ltr'>facta</span> <span class='ocrx_word' id='word_1_38' title='bbox 1137 511 1222 558; x_wconf 83' lang='lat' dir='ltr'>est,</span> <span class='ocrx_word' id='word_1_39' title='bbox 1254 519 1355 547; x_wconf 89' lang='lat' dir='ltr'>cum</span> <span class='ocrx_word' id='word_1_40' title='bbox 1381 518 1405 546; x_wconf 90' lang='lat' dir='ltr'>a</span> <span class='ocrx_word' id='word_1_41' title='bbox 1435 503 1588 562; x_wconf 89' lang='lat' dir='ltr'>viginti</span> <span class='ocrx_word' id='word_1_42' title='bbox 1621 505 1743 548; x_wconf 88' lang='lat' dir='ltr'>annis</span> 
     </span>
     <span class='ocr_line' id='line_1_6' title="bbox 358 570 1743 634; baseline 0.004 -20"><span class='ocrx_word' id='word_1_43' title='bbox 358 570 496 614; x_wconf 73' lang='lat' dir='ltr'>aetatis</span> <span class='ocrx_word' id='word_1_44' title='bbox 513 580 556 615; x_wconf 83' lang='lat' dir='ltr'>e‘t</span> <span class='ocrx_word' id='word_1_45' title='bbox 566 587 694 631; x_wconf 89' lang='lat' dir='ltr'>supra</span> <span class='ocrx_word' id='word_1_46' title='bbox 708 581 1040 616; x_wconf 77' lang='lat' dir='ltr'>numerarentur</span> <span class='ocrx_word' id='word_1_47' title='bbox 1055 589 1192 633; x_wconf 87' lang='lat' dir='ltr'>usque</span> <span class='ocrx_word' id='word_1_48' title='bbox 1205 573 1261 618; x_wconf 88' lang='lat' dir='ltr'>ad</span> <span class='ocrx_word' id='word_1_49' title='bbox 1273 574 1590 634; x_wconf 84' lang='lat' dir='ltr'>quinquaginta</span> <span class='ocrx_word' id='word_1_50' title='bbox 1608 590 1743 619; x_wconf 87' lang='lat' dir='ltr'>annos</span> 
     </span>
    </p>
   </div>
   <div class='ocr_carea' id='block_1_3' title="bbox 359 640 1792 704">
    <p class='ocr_par' dir='ltr' id='par_1_3' title="bbox 359 640 1792 704">
     <span class='ocr_line' id='line_1_7' title="bbox 359 640 1792 704; baseline 0.003 -20"><span class='ocrx_word' id='word_1_51' title='bbox 359 640 524 685; x_wconf 90' lang='lat' dir='ltr'>habiles</span> <span class='ocrx_word' id='word_1_52' title='bbox 547 641 602 686; x_wconf 90' lang='lat' dir='ltr'>ad</span> <span class='ocrx_word' id='word_1_53' title='bbox 619 640 809 687; x_wconf 76' lang='lat' dir='ltr'>bellum?</span> <span class='ocrx_word' id='word_1_54' title='bbox 826 643 1058 696; x_wconf 86' lang='lat' dir='ltr'>Quomodo</span> <span class='ocrx_word' id='word_1_55' title='bbox 1076 658 1177 701; x_wconf 85' lang='lat' dir='ltr'>ergo</span> <span class='ocrx_word' id='word_1_56' title='bbox 1191 643 1254 687; x_wconf 89' lang='lat' dir='ltr'>illi</span> <span class='ocrx_word' id='word_1_57' title='bbox 1272 647 1442 689; x_wconf 84' lang='lat' dir='ltr'>locutus</span> <span class='ocrx_word' id='word_1_58' title='bbox 1455 653 1518 689; x_wconf 88' lang='lat' dir='ltr'>est</span> <span class='ocrx_word' id='word_1_59' title='bbox 1534 645 1744 689; x_wconf 85' lang='lat' dir='ltr'>Dominus</span> <span class='ocrx_word' id='word_1_60' title='bbox 1780 692 1792 704; x_wconf 47' lang='lat' dir='ltr'><em>l</em></span> 
     </span>
    </p>
   </div>
   <div class='ocr_carea' id='block_1_4' title="bbox 357 711 1758 2540">
    <p class='ocr_par' dir='ltr' id='par_1_4' title="bbox 357 711 1749 1393">
     <span class='ocr_line' id='line_1_8' title="bbox 357 711 1744 775; baseline 0.004 -20"><span class='ocrx_word' id='word_1_61' title='bbox 357 712 434 772; x_wconf 87' lang='lat' dir='ltr'>qui</span> <span class='ocrx_word' id='word_1_62' title='bbox 456 711 586 756; x_wconf 83' lang='lat' dir='ltr'>hodie</span> <span class='ocrx_word' id='word_1_63' title='bbox 607 713 793 757; x_wconf 80' lang='lat' dir='ltr'>vivunt?</span> <span class='ocrx_word' id='word_1_64' title='bbox 814 716 882 757; x_wconf 79' lang='lat' dir='ltr'>An</span> <span class='ocrx_word' id='word_1_65' title='bbox 913 714 1014 774; x_wconf 89' lang='lat' dir='ltr'>quia</span> <span class='ocrx_word' id='word_1_66' title='bbox 1041 729 1091 757; x_wconf 77' lang='lat' dir='ltr'>ex</span> <span class='ocrx_word' id='word_1_67' title='bbox 1116 714 1269 773; x_wconf 89' lang='lat' dir='ltr'>viginti</span> <span class='ocrx_word' id='word_1_68' title='bbox 1298 715 1421 759; x_wconf 86' lang='lat' dir='ltr'>annis</span> <span class='ocrx_word' id='word_1_69' title='bbox 1455 724 1498 759; x_wconf 87' lang='lat' dir='ltr'>et</span> <span class='ocrx_word' id='word_1_70' title='bbox 1526 714 1639 759; x_wconf 88' lang='lat' dir='ltr'>infra</span> <span class='ocrx_word' id='word_1_71' title='bbox 1662 732 1744 775; x_wconf 89' lang='lat' dir='ltr'>po-</span> 
     </span>
     <span class='ocr_line' id='line_1_9' title="bbox 362 782 1742 845; baseline 0.003 -19"><span class='ocrx_word' id='word_1_72' title='bbox 362 792 539 827; x_wconf 83' lang='lat' dir='ltr'>tuerunt</span> <span class='ocrx_word' id='word_1_73' title='bbox 558 782 684 827; x_wconf 88' lang='lat' dir='ltr'>multi</span> <span class='ocrx_word' id='word_1_74' title='bbox 707 793 812 828; x_wconf 89' lang='lat' dir='ltr'>tunc</span> <span class='ocrx_word' id='word_1_75' title='bbox 834 799 940 840; x_wconf 85' lang='lat' dir='ltr'>esse,</span> <span class='ocrx_word' id='word_1_76' title='bbox 956 784 1032 845; x_wconf 87' lang='lat' dir='ltr'>qui</span> <span class='ocrx_word' id='word_1_77' title='bbox 1049 785 1132 829; x_wconf 92' lang='lat' dir='ltr'>hoc</span> <span class='ocrx_word' id='word_1_78' title='bbox 1155 785 1267 829; x_wconf 88' lang='lat' dir='ltr'>bene</span> <span class='ocrx_word' id='word_1_79' title='bbox 1284 786 1596 841; x_wconf 86' lang='lat' dir='ltr'>meminissent,</span> <span class='ocrx_word' id='word_1_80' title='bbox 1618 786 1742 830; x_wconf 90' lang='lat' dir='ltr'>alieni</span> 
     </span>
     <span class='ocr_line' id='line_1_10' title="bbox 360 853 1744 916; baseline 0.001 -18"><span class='ocrx_word' id='word_1_81' title='bbox 360 854 415 898; x_wconf 87' lang='lat' dir='ltr'>ab</span> <span class='ocrx_word' id='word_1_82' title='bbox 440 853 510 897; x_wconf 83' lang='lat' dir='ltr'>illa</span> <span class='ocrx_word' id='word_1_83' title='bbox 534 869 688 913; x_wconf 86' lang='lat' dir='ltr'>poena,</span> <span class='ocrx_word' id='word_1_84' title='bbox 712 869 843 915; x_wconf 87' lang='lat' dir='ltr'>quam</span> <span class='ocrx_word' id='word_1_85' title='bbox 867 857 981 898; x_wconf 88' lang='lat' dir='ltr'>Deus</span> <span class='ocrx_word' id='word_1_86' title='bbox 1004 855 1350 913; x_wconf 36' lang='lat' dir='ltr'>constituit-illis,</span> <span class='ocrx_word' id='word_1_87' title='bbox 1371 856 1447 916; x_wconf 88' lang='lat' dir='ltr'>qui</span> <span class='ocrx_word' id='word_1_88' title='bbox 1465 865 1570 901; x_wconf 91' lang='lat' dir='ltr'>tune</span> <span class='ocrx_word' id='word_1_89' title='bbox 1588 871 1744 900; x_wconf 89' lang='lat' dir='ltr'>nurne-</span> 
     </span>
     <span class='ocr_line' id='line_1_11' title="bbox 363 924 1747 985; baseline 0.002 -18"><span class='ocrx_word' id='word_1_90' title='bbox 363 924 442 968; x_wconf 88' lang='lat' dir='ltr'>rati</span> <span class='ocrx_word' id='word_1_91' title='bbox 465 933 589 978; x_wconf 82' lang='lat' dir='ltr'>sunt,</span> <span class='ocrx_word' id='word_1_92' title='bbox 614 939 704 969; x_wconf 91' lang='lat' dir='ltr'>non</span> <span class='ocrx_word' id='word_1_93' title='bbox 719 924 881 968; x_wconf 88' lang='lat' dir='ltr'>intrare</span> <span class='ocrx_word' id='word_1_94' title='bbox 889 925 948 977; x_wconf 70' lang='lat' dir='ltr'>jn</span> <span class='ocrx_word' id='word_1_95' title='bbox 967 934 1125 969; x_wconf 88' lang='lat' dir='ltr'>terram</span> <span class='ocrx_word' id='word_1_96' title='bbox 1146 925 1438 985; x_wconf 83' lang='lat' dir='ltr'>promissionis</span> <span class='ocrx_word' id='word_1_97' title='bbox 1460 945 1467 970; x_wconf 91' lang='lat'>:</span> <span class='ocrx_word' id='word_1_98' title='bbox 1494 935 1537 969; x_wconf 93' lang='lat' dir='ltr'>et</span> <span class='ocrx_word' id='word_1_99' title='bbox 1557 926 1635 970; x_wconf 90' lang='lat' dir='ltr'>hos</span> <span class='ocrx_word' id='word_1_100' title='bbox 1656 927 1747 970; x_wconf 88' lang='lat' dir='ltr'>uti-</span> 
     </span>
     <span class='ocr_line' id='line_1_12' title="bbox 361 994 1747 1062; baseline 0.003 -25"><span class='ocrx_word' id='word_1_101' title='bbox 361 1010 447 1055; x_wconf 88' lang='lat' dir='ltr'>que</span> <span class='ocrx_word' id='word_1_102' title='bbox 470 994 680 1055; x_wconf 77' lang='lat' dir='ltr'>appellat,</span> <span class='ocrx_word' id='word_1_103' title='bbox 706 995 781 1056; x_wconf 86' lang='lat' dir='ltr'>qui</span> <span class='ocrx_word' id='word_1_104' title='bbox 803 995 1000 1062; x_wconf 78' lang='lat' dir='ltr'>quamvis</span> <span class='ocrx_word' id='word_1_105' title='bbox 1027 995 1180 1053; x_wconf 88' lang='lat' dir='ltr'>viginti</span> <span class='ocrx_word' id='word_1_106' title='bbox 1202 1011 1415 1040; x_wconf 90' lang='lat' dir='ltr'>annorum</span> <span class='ocrx_word' id='word_1_107' title='bbox 1438 1005 1482 1039; x_wconf 85' lang='lat' dir='ltr'>et</span> <span class='ocrx_word' id='word_1_108' title='bbox 1503 1012 1632 1056; x_wconf 89' lang='lat' dir='ltr'>supra</span> <span class='ocrx_word' id='word_1_109' title='bbox 1658 1012 1747 1041; x_wconf 93' lang='lat' dir='ltr'>non</span> 
     </span>
     <span class='ocr_line' id='line_1_13' title="bbox 362 1066 1748 1127; baseline 0.002 -18"><span class='ocrx_word' id='word_1_110' title='bbox 362 1074 531 1121; x_wconf 73' lang='lat' dir='ltr'>essent,</span> <span class='ocrx_word' id='word_1_111' title='bbox 560 1066 737 1126; x_wconf 88' lang='lat' dir='ltr'>quando</span> <span class='ocrx_word' id='word_1_112' title='bbox 757 1069 871 1110; x_wconf 89' lang='lat' dir='ltr'>Deus</span> <span class='ocrx_word' id='word_1_113' title='bbox 899 1067 944 1109; x_wconf 92' lang='lat' dir='ltr'>in</span> <span class='ocrx_word' id='word_1_114' title='bbox 965 1076 1115 1111; x_wconf 87' lang='lat' dir='ltr'>monte</span> <span class='ocrx_word' id='word_1_115' title='bbox 1135 1066 1415 1127; x_wconf 77' lang='lat' dir='ltr'>loquebatur,</span> <span class='ocrx_word' id='word_1_116' title='bbox 1447 1076 1498 1111; x_wconf 90' lang='lat' dir='ltr'>ut</span> <span class='ocrx_word' id='word_1_117' title='bbox 1529 1069 1748 1112; x_wconf 88' lang='lat' dir='ltr'>numerari</span> 
     </span>
     <span class='ocr_line' id='line_1_14' title="bbox 361 1136 1748 1196; baseline 0.001 -16"><span class='ocrx_word' id='word_1_118' title='bbox 361 1146 467 1180; x_wconf 86' lang='lat' dir='ltr'>tunc</span> <span class='ocrx_word' id='word_1_119' title='bbox 489 1145 690 1196; x_wconf 80' lang='lat' dir='ltr'>possent,</span> <span class='ocrx_word' id='word_1_120' title='bbox 715 1145 956 1196; x_wconf 87' lang='lat' dir='ltr'>potuerunt</span> <span class='ocrx_word' id='word_1_121' title='bbox 981 1146 1129 1180; x_wconf 88' lang='lat' dir='ltr'>tamen</span> <span class='ocrx_word' id='word_1_122' title='bbox 1163 1152 1252 1181; x_wconf 81' lang='lat' dir='ltr'>esse</span> <span class='ocrx_word' id='word_1_123' title='bbox 1279 1136 1431 1181; x_wconf 87' lang='lat' dir='ltr'>decem</span> <span class='ocrx_word' id='word_1_124' title='bbox 1454 1146 1497 1181; x_wconf 91' lang='lat' dir='ltr'>et</span> <span class='ocrx_word' id='word_1_125' title='bbox 1518 1153 1676 1182; x_wconf 88' lang='lat' dir='ltr'>novem</span> <span class='ocrx_word' id='word_1_126' title='bbox 1705 1147 1748 1182; x_wconf 89' lang='lat' dir='ltr'>et</span> 
     </span>
     <span class='ocr_line' id='line_1_15' title="bbox 363 1206 1748 1268; baseline -0.001 -15"><span class='ocrx_word' id='word_1_127' title='bbox 363 1206 475 1253; x_wconf 88' lang='lat' dir='ltr'>infra</span> <span class='ocrx_word' id='word_1_128' title='bbox 510 1223 650 1268; x_wconf 90' lang='lat' dir='ltr'>usquc</span> <span class='ocrx_word' id='word_1_129' title='bbox 675 1207 730 1251; x_wconf 87' lang='lat' dir='ltr'>ad</span> <span class='ocrx_word' id='word_1_130' title='bbox 763 1207 976 1267; x_wconf 88' lang='lat' dir='ltr'>puerilem</span> <span class='ocrx_word' id='word_1_131' title='bbox 1010 1217 1202 1263; x_wconf 73' lang='lat' dir='ltr'>aetatem,</span> <span class='ocrx_word' id='word_1_132' title='bbox 1242 1224 1340 1268; x_wconf 83' lang='lat' dir='ltr'>quae</span> <span class='ocrx_word' id='word_1_133' title='bbox 1371 1217 1514 1267; x_wconf 88' lang='lat' dir='ltr'>posset</span> <span class='ocrx_word' id='word_1_134' title='bbox 1542 1206 1615 1252; x_wconf 86' lang='lat' dir='ltr'>illa</span> <span class='ocrx_word' id='word_1_135' title='bbox 1649 1224 1748 1268; x_wconf 79' lang='lat' dir='ltr'>quae</span> 
     </span>
     <span class='ocr_line' id='line_1_16' title="bbox 362 1276 1749 1334; baseline -0.001 -11"><span class='ocrx_word' id='word_1_136' title='bbox 362 1278 477 1323; x_wconf 80' lang='lat' dir='ltr'>facta</span> <span class='ocrx_word' id='word_1_137' title='bbox 499 1288 542 1322; x_wconf 89' lang='lat' dir='ltr'>et</span> <span class='ocrx_word' id='word_1_138' title='bbox 561 1277 677 1322; x_wconf 88' lang='lat' dir='ltr'>dicta</span> <span class='ocrx_word' id='word_1_139' title='bbox 710 1287 811 1322; x_wconf 91' lang='lat' dir='ltr'>sunt</span> <span class='ocrx_word' id='word_1_140' title='bbox 838 1287 882 1322; x_wconf 88' lang='lat' dir='ltr'>et</span> <span class='ocrx_word' id='word_1_141' title='bbox 902 1276 1048 1322; x_wconf 87' lang='lat' dir='ltr'>videre</span> <span class='ocrx_word' id='word_1_142' title='bbox 1063 1313 1073 1332; x_wconf 83' lang='lat'>‚</span> <span class='ocrx_word' id='word_1_143' title='bbox 1111 1287 1154 1322; x_wconf 91' lang='lat' dir='ltr'>et</span> <span class='ocrx_word' id='word_1_144' title='bbox 1181 1277 1355 1334; x_wconf 81' lang='lat' dir='ltr'>audire,</span> <span class='ocrx_word' id='word_1_145' title='bbox 1387 1288 1430 1322; x_wconf 90' lang='lat' dir='ltr'>et</span> <span class='ocrx_word' id='word_1_146' title='bbox 1450 1279 1658 1323; x_wconf 87' lang='lat' dir='ltr'>memoria</span> <span class='ocrx_word' id='word_1_147' title='bbox 1680 1294 1749 1322; x_wconf 85' lang='lat' dir='ltr'>re-</span> 
     </span>
     <span class='ocr_line' id='line_1_17' title="bbox 368 1349 521 1393; baseline -0.013 0"><span class='ocrx_word' id='word_1_148' title='bbox 368 1349 521 1393; x_wconf 84' lang='lat' dir='ltr'>tinere.</span> 
     </span>
    </p>

    <p class='ocr_par' dir='ltr' id='par_1_5' title="bbox 366 1417 1758 2540">
     <span class='ocr_line' id='line_1_18' title="bbox 425 1417 1751 1478; baseline 0 -15"><span class='ocrx_word' id='word_1_149' title='bbox 425 1422 482 1463; x_wconf 90' lang='lat'>11.</span> <span class='ocrx_word' id='word_1_150' title='bbox 506 1417 590 1463; x_wconf 86' lang='lat' dir='ltr'>Sed</span> <span class='ocrx_word' id='word_1_151' title='bbox 613 1417 721 1478; x_wconf 88' lang='lat' dir='ltr'>quid</span> <span class='ocrx_word' id='word_1_152' title='bbox 736 1427 799 1462; x_wconf 87' lang='lat' dir='ltr'>est</span> <span class='ocrx_word' id='word_1_153' title='bbox 816 1417 937 1478; x_wconf 88' lang='lat' dir='ltr'>quod</span> <span class='ocrx_word' id='word_1_154' title='bbox 959 1419 1042 1462; x_wconf 86' lang='lat' dir='ltr'>ait:</span> <span class='ocrx_word' id='word_1_155' title='bbox 1067 1436 1087 1460; x_wconf 90' lang='lat'>«</span> <span class='ocrx_word' id='word_1_156' title='bbox 1109 1418 1235 1462; x_wconf 83' lang='lat' dir='ltr'>Facie</span> <span class='ocrx_word' id='word_1_157' title='bbox 1257 1417 1478 1462; x_wconf 86' lang='lat' dir='ltr'>adfaciem</span> <span class='ocrx_word' id='word_1_158' title='bbox 1499 1418 1671 1463; x_wconf 90' lang='lat' dir='ltr'>locutus</span> <span class='ocrx_word' id='word_1_159' title='bbox 1687 1427 1751 1463; x_wconf 89' lang='lat' dir='ltr'>est</span> 
     </span>
     <span class='ocr_line' id='line_1_19' title="bbox 369 1488 1750 1550; baseline 0.001 -18"><span class='ocrx_word' id='word_1_160' title='bbox 369 1510 388 1532; x_wconf 87' lang='lat'>»</span> <span class='ocrx_word' id='word_1_161' title='bbox 424 1490 636 1534; x_wconf 89' lang='lat' dir='ltr'>Dominus</span> <span class='ocrx_word' id='word_1_162' title='bbox 669 1488 725 1533; x_wconf 90' lang='lat' dir='ltr'>ad</span> <span class='ocrx_word' id='word_1_163' title='bbox 752 1505 828 1534; x_wconf 88' lang='lat' dir='ltr'>vos</span> <span class='ocrx_word' id='word_1_164' title='bbox 851 1509 860 1533; x_wconf 90' lang='lat'>:</span> <span class='ocrx_word' id='word_1_165' title='bbox 885 1505 993 1550; x_wconf 90' lang='lat' dir='ltr'>quos</span> <span class='ocrx_word' id='word_1_166' title='bbox 1018 1488 1148 1549; x_wconf 88' lang='lat' dir='ltr'>paulo</span> <span class='ocrx_word' id='word_1_167' title='bbox 1173 1498 1273 1533; x_wconf 84' lang='lat' dir='ltr'>ante</span> <span class='ocrx_word' id='word_1_168' title='bbox 1299 1490 1486 1533; x_wconf 81' lang='lat' dir='ltr'>maxime</span> <span class='ocrx_word' id='word_1_169' title='bbox 1517 1488 1750 1534; x_wconf 86' lang='lat' dir='ltr'>admonere</span> 
     </span>
     <span class='ocr_line' id='line_1_20' title="bbox 366 1558 1754 1621; baseline -0.001 -16"><span class='ocrx_word' id='word_1_170' title='bbox 366 1561 563 1616; x_wconf 75' lang='lat' dir='ltr'>curavit,</span> <span class='ocrx_word' id='word_1_171' title='bbox 592 1559 713 1621; x_wconf 87' lang='lat' dir='ltr'>quod</span> <span class='ocrx_word' id='word_1_172' title='bbox 735 1559 901 1604; x_wconf 89' lang='lat' dir='ltr'>nullam</span> <span class='ocrx_word' id='word_1_173' title='bbox 924 1558 1253 1604; x_wconf 87' lang='lat' dir='ltr'>similitudinem</span> <span class='ocrx_word' id='word_1_174' title='bbox 1279 1559 1490 1615; x_wconf 81' lang='lat' dir='ltr'>viderint,</span> <span class='ocrx_word' id='word_1_175' title='bbox 1522 1558 1597 1604; x_wconf 89' lang='lat' dir='ltr'>sed</span> <span class='ocrx_word' id='word_1_176' title='bbox 1619 1559 1754 1605; x_wconf 86' lang='lat' dir='ltr'>solam</span> 
     </span>
     <span class='ocr_line' id='line_1_21' title="bbox 368 1630 1756 1691; baseline -0.001 -14"><span class='ocrx_word' id='word_1_177' title='bbox 368 1647 521 1677; x_wconf 90' lang='lat' dir='ltr'>vocem</span> <span class='ocrx_word' id='word_1_178' title='bbox 544 1631 599 1675; x_wconf 90' lang='lat' dir='ltr'>de</span> <span class='ocrx_word' id='word_1_179' title='bbox 627 1631 772 1675; x_wconf 90' lang='lat' dir='ltr'>medio</span> <span class='ocrx_word' id='word_1_180' title='bbox 795 1631 902 1688; x_wconf 84' lang='lat' dir='ltr'>ignis</span> <span class='ocrx_word' id='word_1_181' title='bbox 925 1630 1173 1675; x_wconf 79' lang='lat' dir='ltr'>audierint?</span> <span class='ocrx_word' id='word_1_182' title='bbox 1197 1634 1263 1677; x_wconf 85' lang='lat' dir='ltr'>An</span> <span class='ocrx_word' id='word_1_183' title='bbox 1294 1640 1472 1691; x_wconf 87' lang='lat' dir='ltr'>propter</span> <span class='ocrx_word' id='word_1_184' title='bbox 1501 1647 1643 1675; x_wconf 89' lang='lat' dir='ltr'>rerum</span> <span class='ocrx_word' id='word_1_185' title='bbox 1666 1632 1756 1676; x_wconf 84' lang='lat' dir='ltr'>evi-</span> 
     </span>
     <span class='ocr_line' id='line_1_22' title="bbox 369 1700 1758 1762; baseline -0.002 -14"><span class='ocrx_word' id='word_1_186' title='bbox 369 1703 562 1748; x_wconf 85' lang='lat' dir='ltr'>dentiam</span> <span class='ocrx_word' id='word_1_187' title='bbox 578 1738 588 1758; x_wconf 85' lang='lat'>,</span> <span class='ocrx_word' id='word_1_188' title='bbox 614 1711 658 1745; x_wconf 93' lang='lat' dir='ltr'>et</span> <span class='ocrx_word' id='word_1_189' title='bbox 674 1700 867 1762; x_wconf 87' lang='lat' dir='ltr'>quodam</span> <span class='ocrx_word' id='word_1_190' title='bbox 888 1701 1019 1746; x_wconf 91' lang='lat' dir='ltr'>modo</span> <span class='ocrx_word' id='word_1_191' title='bbox 1037 1702 1309 1762; x_wconf 82' lang='lat' dir='ltr'>praesentiam</span> <span class='ocrx_word' id='word_1_192' title='bbox 1337 1701 1622 1747; x_wconf 70' lang='lat' dir='ltr'>manifestatae</span> <span class='ocrx_word' id='word_1_193' title='bbox 1639 1702 1758 1746; x_wconf 85' lang='lat' dir='ltr'>Divi-</span> 
     </span>
     <span class='ocr_line' id='line_1_23' title="bbox 370 1772 1756 1833; baseline -0.001 -15"><span class='ocrx_word' id='word_1_194' title='bbox 370 1774 531 1828; x_wconf 74' lang='lat' dir='ltr'>nitatis‚</span> <span class='ocrx_word' id='word_1_195' title='bbox 559 1772 612 1817; x_wconf 91' lang='lat' dir='ltr'>de</span> <span class='ocrx_word' id='word_1_196' title='bbox 634 1788 719 1833; x_wconf 87' lang='lat' dir='ltr'>qua</span> <span class='ocrx_word' id='word_1_197' title='bbox 742 1772 944 1817; x_wconf 83' lang='lat' dir='ltr'>dubitare</span> <span class='ocrx_word' id='word_1_198' title='bbox 965 1788 1093 1817; x_wconf 88' lang='lat' dir='ltr'>nemo</span> <span class='ocrx_word' id='word_1_199' title='bbox 1116 1782 1279 1832; x_wconf 80' lang='lat' dir='ltr'>posset,</span> <span class='ocrx_word' id='word_1_200' title='bbox 1305 1773 1370 1817; x_wconf 88' lang='lat' dir='ltr'>his</span> <span class='ocrx_word' id='word_1_201' title='bbox 1388 1773 1530 1817; x_wconf 87' lang='lat' dir='ltr'>verbis</span> <span class='ocrx_word' id='word_1_202' title='bbox 1548 1788 1649 1817; x_wconf 87' lang='lat' dir='ltr'>usus</span> <span class='ocrx_word' id='word_1_203' title='bbox 1665 1774 1756 1832; x_wconf 74' lang='lat' dir='ltr'>est?</span> 
     </span>
     <span class='ocr_line' id='line_1_24' title="bbox 369 1843 1756 1904; baseline -0.001 -15"><span class='ocrx_word' id='word_1_204' title='bbox 369 1845 499 1900; x_wconf 85' lang='lat' dir='ltr'>Quod</span> <span class='ocrx_word' id='word_1_205' title='bbox 529 1845 562 1889; x_wconf 90' lang='lat' dir='ltr'>si</span> <span class='ocrx_word' id='word_1_206' title='bbox 591 1845 650 1889; x_wconf 82' lang='lat' dir='ltr'>ita</span> <span class='ocrx_word' id='word_1_207' title='bbox 672 1853 735 1888; x_wconf 83' lang='lat' dir='ltr'>est</span> <span class='ocrx_word' id='word_1_208' title='bbox 752 1879 762 1899; x_wconf 85' lang='lat'>,</span> <span class='ocrx_word' id='word_1_209' title='bbox 799 1843 1036 1904; x_wconf 89' lang='lat' dir='ltr'>quidquid</span> <span class='ocrx_word' id='word_1_210' title='bbox 1059 1844 1259 1903; x_wconf 84' lang='lat' dir='ltr'>prohibet</span> <span class='ocrx_word' id='word_1_211' title='bbox 1287 1843 1341 1887; x_wconf 88' lang='lat' dir='ltr'>de</span> <span class='ocrx_word' id='word_1_212' title='bbox 1377 1845 1468 1903; x_wconf 89' lang='lat' dir='ltr'>ipso</span> <span class='ocrx_word' id='word_1_213' title='bbox 1500 1846 1650 1901; x_wconf 83' lang='lat' dir='ltr'>Moyse</span> <span class='ocrx_word' id='word_1_214' title='bbox 1672 1844 1756 1888; x_wconf 88' lang='lat' dir='ltr'>hoc</span> 
     </span>
     <span class='ocr_line' id='line_1_25' title="bbox 373 1913 1756 1976; baseline -0.001 -15"><span class='ocrx_word' id='word_1_215' title='bbox 373 1917 576 1976; x_wconf 76' lang='lat' dir='ltr'>intelligi,</span> <span class='ocrx_word' id='word_1_216' title='bbox 614 1917 659 1959; x_wconf 89' lang='lat' dir='ltr'>in</span> <span class='ocrx_word' id='word_1_217' title='bbox 687 1931 738 1960; x_wconf 91' lang='lat' dir='ltr'>eo</span> <span class='ocrx_word' id='word_1_218' title='bbox 764 1914 884 1975; x_wconf 91' lang='lat' dir='ltr'>quod</span> <span class='ocrx_word' id='word_1_219' title='bbox 910 1914 964 1959; x_wconf 90' lang='lat' dir='ltr'>de</span> <span class='ocrx_word' id='word_1_220' title='bbox 994 1914 1069 1959; x_wconf 89' lang='lat' dir='ltr'>illo</span> <span class='ocrx_word' id='word_1_221' title='bbox 1092 1915 1259 1959; x_wconf 87' lang='lat' dir='ltr'>dietum</span> <span class='ocrx_word' id='word_1_222' title='bbox 1295 1924 1379 1970; x_wconf 81' lang='lat' dir='ltr'>est,</span> <span class='ocrx_word' id='word_1_223' title='bbox 1418 1913 1538 1975; x_wconf 81' lang='lat' dir='ltr'>quod</span> <span class='ocrx_word' id='word_1_224' title='bbox 1569 1914 1678 1959; x_wconf 83' lang='lat' dir='ltr'>faeie</span> <span class='ocrx_word' id='word_1_225' title='bbox 1701 1914 1756 1960; x_wconf 88' lang='lat' dir='ltr'>ad</span> 
     </span>
     <span class='ocr_line' id='line_1_26' title="bbox 376 1985 1757 2046; baseline -0.001 -14"><span class='ocrx_word' id='word_1_226' title='bbox 376 1988 524 2032; x_wconf 82' lang='lat' dir='ltr'>faciem</span> <span class='ocrx_word' id='word_1_227' title='bbox 547 1987 718 2031; x_wconf 89' lang='lat' dir='ltr'>locutus</span> <span class='ocrx_word' id='word_1_228' title='bbox 740 1986 793 2030; x_wconf 89' lang='lat' dir='ltr'>sit</span> <span class='ocrx_word' id='word_1_229' title='bbox 814 2001 914 2029; x_wconf 87' lang='lat' dir='ltr'>cum</span> <span class='ocrx_word' id='word_1_230' title='bbox 938 2001 989 2030; x_wconf 92' lang='lat' dir='ltr'>eo</span> <span class='ocrx_word' id='word_1_231' title='bbox 1012 1986 1265 2040; x_wconf 40' lang='lat' dir='ltr'>Dominus&amp;</span> <span class='ocrx_word' id='word_1_232' title='bbox 1298 1994 1348 2029; x_wconf 87' lang='lat' dir='ltr'>ut</span> <span class='ocrx_word' id='word_1_233' title='bbox 1377 2001 1457 2030; x_wconf 87' lang='lat' dir='ltr'>nec</span> <span class='ocrx_word' id='word_1_234' title='bbox 1480 1986 1570 2045; x_wconf 89' lang='lat' dir='ltr'>ipse</span> <span class='ocrx_word' id='word_1_235' title='bbox 1591 1985 1757 2046; x_wconf 85' lang='lat' dir='ltr'>aliquid</span> 
     </span>
     <span class='ocr_line' id='line_1_27' title="bbox 373 2055 1757 2116; baseline -0.002 -14"><span class='ocrx_word' id='word_1_236' title='bbox 373 2057 507 2103; x_wconf 90' lang='lat' dir='ltr'>oculis</span> <span class='ocrx_word' id='word_1_237' title='bbox 529 2057 686 2101; x_wconf 89' lang='lat' dir='ltr'>viderit</span> <span class='ocrx_word' id='word_1_238' title='bbox 707 2065 863 2116; x_wconf 78' lang='lat' dir='ltr'>praeter</span> <span class='ocrx_word' id='word_1_239' title='bbox 897 2056 1074 2115; x_wconf 74' lang='lat' dir='ltr'>ignem?</span> <span class='ocrx_word' id='word_1_240' title='bbox 1107 2059 1175 2100; x_wconf 80' lang='lat' dir='ltr'>An</span> <span class='ocrx_word' id='word_1_241' title='bbox 1198 2055 1365 2116; x_wconf 82' lang='lat' dir='ltr'>aliquid</span> <span class='ocrx_word' id='word_1_242' title='bbox 1387 2055 1571 2115; x_wconf 83' lang='lat' dir='ltr'>amplius</span> <span class='ocrx_word' id='word_1_243' title='bbox 1601 2055 1757 2100; x_wconf 86' lang='lat' dir='ltr'>vidisse</span> 
     </span>
     <span class='ocr_line' id='line_1_28' title="bbox 374 2125 1757 2188; baseline -0.001 -16"><span class='ocrx_word' id='word_1_244' title='bbox 374 2128 643 2186; x_wconf 78' lang='lat' dir='ltr'>intelligitur,</span> <span class='ocrx_word' id='word_1_245' title='bbox 672 2127 774 2188; x_wconf 82' lang='lat' dir='ltr'>quia</span> <span class='ocrx_word' id='word_1_246' title='bbox 801 2127 1010 2186; x_wconf 89' lang='lat' dir='ltr'>scriptum</span> <span class='ocrx_word' id='word_1_247' title='bbox 1045 2135 1109 2171; x_wconf 87' lang='lat' dir='ltr'>est</span> <span class='ocrx_word' id='word_1_248' title='bbox 1143 2142 1245 2170; x_wconf 86' lang='lat' dir='ltr'>eum</span> <span class='ocrx_word' id='word_1_249' title='bbox 1271 2126 1449 2170; x_wconf 85' lang='lat' dir='ltr'>intrasse</span> <span class='ocrx_word' id='word_1_250' title='bbox 1476 2127 1522 2169; x_wconf 90' lang='lat' dir='ltr'>in</span> <span class='ocrx_word' id='word_1_251' title='bbox 1550 2125 1757 2170; x_wconf 88' lang='lat' dir='ltr'>nebulam</span> 
     </span>
     <span class='ocr_line' id='line_1_29' title="bbox 373 2195 1757 2256; baseline -0.003 -12"><span class='ocrx_word' id='word_1_252' title='bbox 373 2199 442 2244; x_wconf 87' lang='lat' dir='ltr'>vel</span> <span class='ocrx_word' id='word_1_253' title='bbox 464 2198 682 2252; x_wconf 88' lang='lat' dir='ltr'>nimbum,</span> <span class='ocrx_word' id='word_1_254' title='bbox 712 2197 788 2241; x_wconf 85' lang='lat' dir='ltr'>ubi</span> <span class='ocrx_word' id='word_1_255' title='bbox 810 2205 902 2240; x_wconf 88' lang='lat' dir='ltr'>erat</span> <span class='ocrx_word' id='word_1_256' title='bbox 934 2198 1104 2241; x_wconf 60' lang='lat' dir='ltr'>Deusss?</span> <span class='ocrx_word' id='word_1_257' title='bbox 1132 2195 1216 2241; x_wconf 88' lang='lat' dir='ltr'>Sed</span> <span class='ocrx_word' id='word_1_258' title='bbox 1248 2205 1291 2240; x_wconf 87' lang='lat' dir='ltr'>et</span> <span class='ocrx_word' id='word_1_259' title='bbox 1318 2197 1351 2240; x_wconf 90' lang='lat' dir='ltr'>si</span> <span class='ocrx_word' id='word_1_260' title='bbox 1373 2195 1537 2256; x_wconf 83' lang='lat' dir='ltr'>aliquid</span> <span class='ocrx_word' id='word_1_261' title='bbox 1572 2195 1757 2255; x_wconf 86' lang='lat' dir='ltr'>amplius</span> 
     </span>
     <span class='ocr_line' id='line_1_30' title="bbox 373 2265 1758 2329; baseline -0.003 -16"><span class='ocrx_word' id='word_1_262' title='bbox 373 2269 498 2324; x_wconf 89' lang='lat' dir='ltr'>vidit,</span> <span class='ocrx_word' id='word_1_263' title='bbox 524 2284 657 2329; x_wconf 85' lang='lat' dir='ltr'>quam</span> <span class='ocrx_word' id='word_1_264' title='bbox 674 2267 736 2312; x_wconf 93' lang='lat' dir='ltr'>illi</span> <span class='ocrx_word' id='word_1_265' title='bbox 754 2304 764 2323; x_wconf 80' lang='grc'>,</span> <span class='ocrx_word' id='word_1_266' title='bbox 788 2283 878 2312; x_wconf 90' lang='lat' dir='ltr'>non</span> <span class='ocrx_word' id='word_1_267' title='bbox 894 2283 994 2311; x_wconf 88' lang='lat' dir='ltr'>eum</span> <span class='ocrx_word' id='word_1_268' title='bbox 1016 2276 1161 2311; x_wconf 85' lang='lat' dir='ltr'>tamen</span> <span class='ocrx_word' id='word_1_269' title='bbox 1176 2265 1432 2311; x_wconf 86' lang='lat' dir='ltr'>mortalibus</span> <span class='ocrx_word' id='word_1_270' title='bbox 1451 2265 1586 2310; x_wconf 89' lang='lat' dir='ltr'>oculis</span> <span class='ocrx_word' id='word_1_271' title='bbox 1602 2266 1758 2310; x_wconf 85' lang='lat' dir='ltr'>vidisse</span> 
     </span>
     <span class='ocr_line' id='line_1_31' title="bbox 374 2336 1757 2397; baseline -0.004 -12"><span class='ocrx_word' id='word_1_272' title='bbox 374 2343 450 2386; x_wconf 89' lang='lat' dir='ltr'>Dei</span> <span class='ocrx_word' id='word_1_273' title='bbox 473 2339 758 2384; x_wconf 86' lang='lat' dir='ltr'>substantiam</span> <span class='ocrx_word' id='word_1_274' title='bbox 782 2354 832 2382; x_wconf 85' lang='lat' dir='ltr'>ex</span> <span class='ocrx_word' id='word_1_275' title='bbox 852 2337 933 2382; x_wconf 84' lang='lat' dir='ltr'>illis</span> <span class='ocrx_word' id='word_1_276' title='bbox 952 2338 1041 2397; x_wconf 88' lang='lat' dir='ltr'>ejus</span> <span class='ocrx_word' id='word_1_277' title='bbox 1055 2337 1197 2382; x_wconf 87' lang='lat' dir='ltr'>verbis</span> <span class='ocrx_word' id='word_1_278' title='bbox 1214 2336 1397 2395; x_wconf 82' lang='lat' dir='ltr'>intelligi</span> <span class='ocrx_word' id='word_1_279' title='bbox 1415 2346 1576 2396; x_wconf 79' lang='lat' dir='ltr'>potest,</span> <span class='ocrx_word' id='word_1_280' title='bbox 1598 2337 1757 2397; x_wconf 89' lang='lat' dir='ltr'>quibus</span> 
     </span>
     <span class='ocr_line' id='line_1_32' title="bbox 374 2406 1758 2467; baseline -0.004 -12"><span class='ocrx_word' id='word_1_281' title='bbox 374 2411 433 2455; x_wconf 86' lang='lat' dir='ltr'>ait</span> <span class='ocrx_word' id='word_1_282' title='bbox 448 2413 537 2455; x_wconf 89' lang='lat' dir='ltr'>Deo</span> <span class='ocrx_word' id='word_1_283' title='bbox 556 2430 564 2455; x_wconf 93' lang='lat'>:</span> <span class='ocrx_word' id='word_1_284' title='bbox 590 2429 609 2452; x_wconf 89' lang='lat'>«</span> <span class='ocrx_word' id='word_1_285' title='bbox 639 2409 681 2454; x_wconf 92' lang='lat' dir='ltr'>Si</span> <span class='ocrx_word' id='word_1_286' title='bbox 703 2409 848 2453; x_wconf 90' lang='lat' dir='ltr'>inveni</span> <span class='ocrx_word' id='word_1_287' title='bbox 873 2408 1053 2467; x_wconf 79' lang='lat' dir='ltr'>gratiam</span> <span class='ocrx_word' id='word_1_288' title='bbox 1076 2417 1174 2452; x_wconf 85' lang='lat' dir='ltr'>ante</span> <span class='ocrx_word' id='word_1_289' title='bbox 1191 2417 1249 2463; x_wconf 82' lang='lat' dir='ltr'>te,</span> <span class='ocrx_word' id='word_1_290' title='bbox 1276 2406 1453 2452; x_wconf 86' lang='lat' dir='ltr'>ostende</span> <span class='ocrx_word' id='word_1_291' title='bbox 1475 2407 1580 2450; x_wconf 88' lang='lat' dir='ltr'>mihi</span> <span class='ocrx_word' id='word_1_292' title='bbox 1604 2416 1758 2450; x_wconf 86' lang='lat' dir='ltr'>temet-</span> 
     </span>
     <span class='ocr_line' id='line_1_33' title="bbox 379 2477 1755 2540; baseline -0.002 -18"><span class='ocrx_word' id='word_1_293' title='bbox 379 2500 398 2522; x_wconf 87' lang='lat'>»</span> <span class='ocrx_word' id='word_1_294' title='bbox 434 2481 597 2540; x_wconf 80' lang='lat' dir='ltr'>ipsum,</span> <span class='ocrx_word' id='word_1_295' title='bbox 623 2489 673 2524; x_wconf 90' lang='lat' dir='ltr'>ut</span> <span class='ocrx_word' id='word_1_296' title='bbox 690 2479 873 2524; x_wconf 88' lang='lat' dir='ltr'>scienter</span> <span class='ocrx_word' id='word_1_297' title='bbox 889 2478 1058 2523; x_wconf 85' lang='lat' dir='ltr'>videam</span> <span class='ocrx_word' id='word_1_298' title='bbox 1076 2479 1158 2522; x_wconf 70' lang='lat' dir='ltr'>te4.</span> <span class='ocrx_word' id='word_1_299' title='bbox 1188 2497 1207 2518; x_wconf 88' lang='lat'>»</span> <span class='ocrx_word' id='word_1_300' title='bbox 1228 2480 1379 2538; x_wconf 84' lang='lat' dir='ltr'>Neque</span> <span class='ocrx_word' id='word_1_301' title='bbox 1401 2477 1516 2521; x_wconf 88' lang='lat' dir='ltr'>enim</span> <span class='ocrx_word' id='word_1_302' title='bbox 1538 2477 1755 2521; x_wconf 87' lang='lat' dir='ltr'>arbitran-</span> 
     </span>
    </p>
   </div>
   <div class='ocr_carea' id='block_1_5' title="bbox 436 2560 1742 2606">
    <p class='ocr_par' dir='ltr' id='par_1_6' title="bbox 436 2560 1742 2606">
     <span class='ocr_line' id='line_1_34' title="bbox 436 2560 1742 2606; baseline -0.005 -9"><span class='ocrx_word' id='word_1_303' title='bbox 436 2568 443 2583; x_wconf 90' lang='lat'>¹</span> <span class='ocrx_word' id='word_1_304' title='bbox 463 2567 555 2597; x_wconf 73' lang='lat' dir='ltr'>Dent.</span> <span class='ocrx_word' id='word_1_305' title='bbox 574 2575 606 2605; x_wconf 83' lang='lat' dir='ltr'>v,</span> <span class='ocrx_word' id='word_1_306' title='bbox 623 2564 693 2606; x_wconf 63' lang='grc'>9-4.</span> <span class='ocrx_word' id='word_1_307' title='bbox 716 2580 757 2586; x_wconf 83' lang='lat'>—-</span> <span class='ocrx_word' id='word_1_308' title='bbox 773 2571 785 2585; x_wconf 66' lang='lat'><strong>²</strong></span> <span class='ocrx_word' id='word_1_309' title='bbox 800 2563 896 2595; x_wconf 59' lang='lat' dir='ltr'>Fxml.</span> <span class='ocrx_word' id='word_1_310' title='bbox 917 2571 1014 2597; x_wconf 63' lang='lat' dir='ltr'>xxxii,</span> <span class='ocrx_word' id='word_1_311' title='bbox 1035 2560 1222 2594; x_wconf 72' lang='lat' dir='ltr'>11.—31d.</span> <span class='ocrx_word' id='word_1_312' title='bbox 1243 2573 1333 2603; x_wconf 58' lang='lat' dir='ltr'>xxiv,</span> <span class='ocrx_word' id='word_1_313' title='bbox 1358 2560 1548 2594; x_wconf 79' lang='lat' dir='ltr'>18.---‘·1‹l.</span> <span class='ocrx_word' id='word_1_314' title='bbox 1564 2571 1672 2600; x_wconf 71' lang='lat' dir='ltr'>xxxin,</span> <span class='ocrx_word' id='word_1_315' title='bbox 1695 2561 1742 2592; x_wconf 75' lang='lat'>13.</span> 
     </span>
    </p>
   </div>
   <div class='ocr_carea' id='block_1_6' title="bbox 1838 300 1850 1031">
    <p class='ocr_par' dir='ltr' id='par_1_7' title="bbox 1838 300 1850 1031">
     <span class='ocr_line' id='line_1_35' title="bbox 1838 300 1850 1031; baseline 0 0"><span class='ocrx_word' id='word_1_316' title='bbox 1838 300 1850 1031; x_wconf 95' lang='lat' dir='ltr'> </span> 
     </span>
    </p>
   </div>
   <div class='ocr_carea' id='block_1_7' title="bbox 1841 301 1849 1031">
    <p class='ocr_par' dir='ltr' id='par_1_8' title="bbox 1841 301 1849 1031">
     <span class='ocr_line' id='line_1_36' title="bbox 1841 301 1849 1031; baseline 0 0"><span class='ocrx_word' id='word_1_317' title='bbox 1841 301 1849 1031; x_wconf 95' lang='lat' dir='ltr'> </span> 
     </span>
    </p>
   </div>
   <div class='ocr_carea' id='block_1_8' title="bbox 1826 1225 1860 2644">
    <p class='ocr_par' dir='ltr' id='par_1_9' title="bbox 1826 1225 1860 2644">
     <span class='ocr_line' id='line_1_37' title="bbox 1826 1225 1860 2644; baseline 0 0"><span class='ocrx_word' id='word_1_318' title='bbox 1826 1225 1860 2644; x_wconf 95' lang='lat' dir='ltr'> </span> 
     </span>
    </p>
   </div>
   <div class='ocr_carea' id='block_1_9' title="bbox 1779 0 1872 2495">
    <p class='ocr_par' dir='ltr' id='par_1_10' title="bbox 1779 0 1872 2495">
     <span class='ocr_line' id='line_1_38' title="bbox 1779 0 1872 2495; baseline 0 0"><span class='ocrx_word' id='word_1_319' title='bbox 1779 0 1872 2495; x_wconf 95' lang='lat' dir='ltr'> </span> 
     </span>
    </p>
   </div>
   <div class='ocr_carea' id='block_1_10' title="bbox 1864 935 1871 1599">
    <p class='ocr_par' dir='ltr' id='par_1_11' title="bbox 1864 935 1871 1599">
     <span class='ocr_line' id='line_1_39' title="bbox 1864 935 1871 1599; baseline 0 0"><span class='ocrx_word' id='word_1_320' title='bbox 1864 935 1871 1599; x_wconf 95' lang='lat' dir='ltr'> </span> 
     </span>
    </p>
   </div>
  </div>
 </body>
</html>
