1872 3267
331 235 600 274 QUAESTIONES
632 239 678 265 IN
711 238 918 276 ExonuM,
954 239 1036 265 Lm.
1074 240 1120 265 ιι.
1339 227 1423 266 323

36 302 133 347 chia
162 302 265 347 hinc
289 311 420 364 atque
454 303 556 348 hinc
593 303 853 357 extendens,
884 304 1071 363 figuram
1103 304 1242 349 crucis
1264 303 1422 348 reddit.

37 374 162 418 Nunc
173 374 264 434 jam
285 373 508 419 videamus
531 389 762 418 numerum
786 373 1089 419 columnarum
1104 410 1114 430 ,
1140 375 1184 418 in
1199 374 1359 435 quibus
1380 384 1425 420 et

34 444 173 490 forma
195 446 464 491 tabernaculi
486 447 620 507 possit
647 445 840 503 adverti,
865 457 1015 491 utrum
1041 445 1207 507 quadra
1224 482 1235 501 ,
1263 462 1318 491 an
1347 462 1420 492 ro-

33 515 169 561 tunda
196 517 271 571 sit,
303 533 359 562 an
390 518 625 578 oblongam
652 518 811 562 habeat
842 518 1176 580 quadraturam,
1209 517 1420 562 lateribus

30 586 298 647 longioribus
320 589 591 634 brevioribus
610 588 828 634 frontibus
851 591 963 635 sicut
985 589 1206 650 pleraeque
1230 588 1419 634 basilicae

30 667 368 705 construuntur:
394 660 478 705 hoc
499 661 616 704 enim
637 661 781 720 potius
804 661 874 706 hic
896 661 1120 706 evidenter
1141 660 1413 721 exprimitur.

30 734 140 778 'Nam
162 731 222 776 ita
243 731 378 776 dicit:
411 751 432 775 ‹<
450 735 507 777 Et
525 730 654 777 facies
681 733 906 778 columnas
932 731 1214 778 tabernaculo
1230 768 1241 787 ,
1267 731 1422 791 viginti

36 819 57 843 »
91 801 316 847 columnas
340 803 395 847 ab
416 801 550 847 latere
570 803 651 848 isto
667 839 678 859 ‚
712 803 833 865 quod
854 804 1029 864 respicit
1052 803 1108 848 ad
1138 802 1417 864 Aquilonem.

38 891 48 914 ›
93 876 151 918 Et
170 873 457 934 quadraginta
473 874 595 918 bases
616 885 838 933 argenteas
861 875 992 920 facies
1010 874 1165 933 viginti
1185 873 1423 928 columnis,

37 961 58 986 n
93 943 200 988 duas
224 943 345 989 bases
367 943 584 989 eolumnae
605 946 682 989 uni
706 946 751 990 in
773 945 920 990 ambas
939 955 1082 1005 partes
1102 946 1210 1005 ejus.
1232 947 1290 989 Et
1310 943 1425 989 latus

38 1031 58 1055 n
93 1015 335 1060 secundum
363 1024 514 1060 contra
547 1020 758 1061 Austrum
779 1016 934 1076 viginti
955 1015 1207 1071 columnas,
1244 1025 1287 1059 et
1315 1030 1427 1076 qua-

37 1103 58 1148 {³
92 1084 291 1145 draginta
323 1102 471 1132 earum
496 1088 616 1132 bases
648 1097 898 1147 argentea53
929 1087 1036 1131 duas
1064 1087 1186 1131 bases
1209 1086 1427 1131 columnae

39 1175 59 1198 »
93 1157 171 1201 uni
192 1157 237 1201 in
253 1158 401 1202 ambas
423 1167 565 1218 partes
579 1160 699 1219 ejus,
725 1168 769 1202 et
788 1157 895 1203 duas
914 1159 1036 1203 bases
1052 1158 1270 1203 columnae
1287 1158 1364 1203 uni
1380 1158 1428 1203 in

0 1231 3 1234 ’
39 1246 59 1270 »
95 1229 242 1274 ambas
265 1245 341 1290 pat
346 1239 406 1274 tes
440 1232 574 1290 ejus¹.
603 1249 623 1272 »
650 1231 881 1290 Repetitio
898 1247 988 1276 non
1013 1240 1187 1276 moveat
1203 1231 1338 1293 ‚quia
1359 1231 1427 1276 lo-

0 1316 1 1329 ]
37 1300 221 1345 cutionis
254 1309 346 1356 est,
371 1310 422 1345 ut
451 1316 600 1345 omnes
632 1301 692 1346 ita
720 1301 1023 1362 intelligantur
1055 1301 1110 1347 de
1143 1267 1304 1363 quibus
1334 1318 1426 1348 non

37 1370 154 1416 dicit.
182 1374 243 1416 De
265 1372 440 1416 basibus
457 1381 602 1416 autem
621 1373 711 1433 jam
730 1382 856 1417 antea
880 1373 1068 1418 diximus
1082 1378 1116 1430 ⁴²,
1141 1390 1220 1419 cur
1240 1390 1329 1419 una
1351 1390 1426 1419 co-

0 1467 1 1472 =
35 1441 183 1486 lumna
206 1443 313 1486 duas
337 1443 517 1498 habeat,
543 1443 646 1503 quia
664 1453 707 1489 et
727 1445 869 1504 capita
891 1446 975 1490 hoc
995 1444 1093 1490 loco
1117 1446 1236 1491 bases
1250 1455 1393 1491 vocat.

95 1515 170 1557 VI.
186 1511 396 1558 Videmus
410 1513 543 1572 igitur
558 1514 719 1558 vicenis
735 1514 951 1560 columnis
969 1526 1167 1576 porrecta
1184 1516 1274 1561 duo
1290 1516 1427 1561 latera

0 1606 1 1613 κ
39 1583 306 1628 tabernaculi
327 1583 556 1644 Aquilonis
580 1593 624 1628 et
645 1585 813 1629 Austri:
836 1585 925 1631 duo
948 1597 1051 1631 sunt
1068 1586 1247 1648 reliqua,
1268 1588 1426 1633 Orien-

0 1651 2 1700 ἶ
39 1654 121 1699 tale
142 1664 186 1699 et
201 1654 498 1711 Occidentale‚
525 1672 625 1716 quae
647 1656 680 1701 si
697 1657 880 1702 totidem
902 1658 1126 1704 columnas
1148 1661 1423 1717 habuissent,

0 1743 1 1767 ς
35 1725 189 1786 procul
210 1725 347 1771 dubio
368 1725 587 1787 quadrum
610 1737 732 1773 esset.
759 1731 877 1783 Quot
897 1740 1044 1775 autem
1067 1732 1243 1788 habeat,
1263 1732 1319 1778 de
1339 1735 1426 1778 Oc-

0 1814 2 1819 ·
36 1795 240 1840 cidentali
267 1812 356 1841 non
384 1806 568 1853 tacetur,
592 1799 647 1842 de
668 1799 877 1844 Orientali
907 1809 1076 1846 tacetur
1101 1821 1109 1846 ε
1145 1812 1294 1847 utrum
1320 1804 1424 1864 quia

0 1907 2 1910 ,
39 1883 128 1912 non
149 1867 302 1912 habuit
317 1903 328 1924 ‚
353 1878 397 1913 et
409 1867 498 1913 sola
519 1868 608 1914 illic
630 1870 722 1915 sine
743 1870 957 1916 columnis
978 1873 1325 1919 extendebantur
1347 1892 1426 1920 au-

0 1958 1 1966 *
39 1937 117 1983 laea
145 1939 200 1983 ab
224 1949 415 1984 extrema
436 1939 641 1985 columna
667 1942 794 1986 unius
831 1942 976 1988 lateris
1004 1960 1142 2005 usque
1164 1944 1219 1989 ad
1248 1946 1424 1991 alterius

39 2009 214 2054 alteram
244 2020 506 2068 extremam3
539 2027 594 2056 an
621 2011 766 2073 aliqua
795 2029 923 2058 causa
945 2024 1186 2072 taceantur,
1217 2026 1268 2061 ut
1294 2015 1425 2062 etiam

40 2081 178 2126 tacitae
199 2081 514 2142 intelligantur,
551 2084 709 2128 nescio.
742 2088 894 2130 Postea
917 2087 1079 2147 quippe
1112 2104 1163 2132 ex
1188 2088 1280 2149 ipsa
1302 2099 1425 2149 parte

37 2153 222 2198 Orientis
253 2153 404 2198 decem
431 2154 649 2199 columnae
679 2169 1099 2216 commemorantur,
1134 2160 1211 2205 sed
1245 2161 1341 2205 atrii
1368 2162 1425 2206 de

40 2240 126 2284 quo
146 2235 244 2284 post
263 2225 475 2286 loquitur,
497 2226 618 2286 quod
634 2227 736 2272 huic
759 2229 1043 2276 tabernaculo
1060 2232 1329 2292 circumponi
1347 2249 1363 2293 J
1372 2250 1424 2277 u-

40 2294 127 2340 bet.
151 2297 509 2341 Commemoratis
533 2312 633 2356 ergo
655 2297 862 2344 lateribus
894 2301 1164 2347 tabernaculi
1187 2303 1423 2363 Aquilonio

41 2374 85 2410 et
98 2367 284 2412 Australi
306 2368 351 2411 in
372 2368 532 2413 vicenis
555 2368 790 2426 columnis,
810 2370 970 2416 deinde
991 2373 1188 2434 sequitur
1205 2383 1248 2418 et
1265 2374 1334 2435 adj
1343 2391 1424 2419 un-

42 2435 124 2495 git,
148 2437 294 2483 dicens
317 2458 324 2482 :
354 2458 375 2481 «
399 2442 456 2483 Et
478 2448 592 2484 retro
615 2439 947 2487 tabernaculum
968 2459 1046 2504 per
1062 2454 1229 2504 partem
1246 2462 1345 2506 quae
1362 2455 1426 2491 est

46 2525 64 2549 n
97 2519 246 2555 contra
273 2526 391 2555 mare
409 2547 419 2566 ‚
445 2511 573 2556 facies
595 2528 665 2556 sex
693 2512 917 2559 columnas
949 2535 958 2560 :
990 2525 1033 2560 et
1062 2515 1169 2562 duas
1197 2517 1422 2563 columnas

49 892 58 914 v

91 2600 97 2616 ¹
118 2596 216 2628 Ezod.
241 2607 329 2637 xxvi,
357 2596 461 2629 18-20.
491 2614 531 2619 —-
557 2604 570 2619 2
591 2598 669 2630 Vide
688 2609 783 2641 supra
801 2604 912 2641 quaest.
932 2612 981 2632 cx.

1194 2659 1258 2697 21.
