1872 3267
426 194 505 233 138
848 207 881 233 s.
917 205 1146 235 aueus'rlm
1177 208 1362 235 EPISCOPI

422 281 654 337 noscebat,
687 296 775 342 qua
805 281 935 326 etiam
966 282 1076 328 illud
1097 282 1152 328 de
1181 283 1351 327 filiabus
1383 282 1470 327 suis
1493 283 1804 342 prostituendis
1866 290 1872 303 '⁴

422 351 590 396 dixerat
624 371 633 396 :
671 360 722 396 ut
760 351 1052 412 intelligamus
1089 370 1178 399 non
1219 370 1299 414 pro
1336 357 1593 398 auctoritate
1632 353 1803 399 haben-

423 423 530 468 dum
556 423 677 483 quod
711 423 818 468 dixit
848 424 903 468 de
932 425 1202 484 turpitudine
1238 426 1427 470 filiarum
1453 444 1462 470 ε
1495 441 1585 470 non
1613 424 1729 469 enim
1760 434 1805 470 et
1855 465 1858 477 ,

422 494 506 538 hoc
540 509 620 554 pro
656 494 913 540 auctoritate
947 495 1198 541 habendum
1232 505 1317 552 est,
1352 500 1443 541 Deo
1470 510 1561 540 non
1587 510 1675 540 esse
1708 510 1805 540 cre-

425 563 636 609 dendum.

920 662 1156 712 QUAESTJO
1186 665 1302 704 XLV.

484 782 504 806 «
527 766 591 807 ET
613 762 864 824 recordatus
888 772 951 807 est
973 766 1088 808 Deus
1108 765 1327 809 Abraham
1342 800 1353 821 ,
1379 774 1422 809 et
1438 764 1596 808 exemit
1616 765 1729 809 Loth
1751 764 1807 809 de

426 851 446 874 »
478 833 622 878 medio
659 833 889 878 eversionis
912 836 924 859 ¹
939 869 948 878 .
990 852 1011 875 ³>
1054 837 1342 881 Commendat
1385 836 1604 895 Scriptura
1644 835 1807 880 meritis

422 904 556 961 magis
576 904 764 947 Abrahae
785 902 1018 948 liberatum
1040 919 1129 949 esse
1151 907 1289 962 Loth,
1325 915 1376 950 ut
1396 905 1689 964 intelligamus
1713 906 1807 964 jus-

424 983 519 1018 tum
547 974 660 1018 Loth
692 973 859 1018 dictum
882 974 1123 1019 secundum
1150 974 1383 1035 quemdam
1402 976 1597 1030 modum,
1623 975 1807 1020 maxime

423 1045 544 1106 quod
571 1060 709 1089 unum
732 1061 884 1090 verum
901 1049 1041 1091 Deum
1058 1047 1245 1102 colebat,
1263 1056 1306 1091 et
1324 1056 1501 1107 propter
1517 1046 1805 1105 comparatio-

424 1131 525 1160 nem
547 1116 758 1160 scelerum
794 1116 1107 1172 Sodomorum,
1139 1117 1252 1163 inter
1281 1132 1391 1178 quos
1419 1118 1567 1163 vivens
1591 1116 1644 1162 ad
1673 1117 1805 1162 vitam
1850 1126 1852 1130 “

425 1187 607 1233 similem
623 1204 713 1233 non
734 1189 877 1248 potuit
897 1187 1112 1233 inclinari.

911 1298 1148 1348 QUAESTIO
1179 1299 1314 1338 XLVI.

486 1417 506 1441 «
523 1401 736 1443 AseENDm:
748 1408 894 1443 autem
907 1399 1020 1444 Loth
1035 1399 1090 1444 de
1105 1402 1250 1457 Segor,
1267 1408 1311 1443 et
1326 1399 1504 1444 sedebat
1518 1399 1564 1443 in
1576 1408 1725 1444 monte
1738 1401 1770 1444 2.
1780 1417 1802 1441 »

421 1468 581 1514 Mirum
608 1469 689 1513 nisi
712 1469 802 1528 ipse
824 1485 948 1513 mons
969 1479 1054 1525 est,
1079 1470 1124 1513 in
1146 1484 1279 1529 quem
1306 1478 1460 1529 sponte
1481 1469 1691 1525 ascendit,
1716 1485 1806 1530 quo

421 1539 683 1584 admonente
700 1539 886 1584 Domino
902 1538 1134 1584 ascendere
1150 1538 1293 1585 noluit
1313 1559 1322 1584 ε
1347 1549 1423 1584 aut
1436 1540 1552 1584 enim
1574 1539 1721 1585 nullus
1742 1550 1807 1585 est

424 1610 548 1666 alius,
573 1619 649 1655 aut
668 1627 758 1656 non
779 1620 971 1671 apparet.

900 1721 1137 1771 QUAESTIO
1168 1722 1320 1760 xtvn.

485 1842 505 1866 «
538 1827 701 1867 TIMUrr
724 1824 838 1868 enim
859 1823 1055 1867 habitare
1083 1823 1128 1865 in
1159 1825 1291 1880 Segor
1315 1823 1330 1847 3
1356 1841 1364 1866 :
1391 1840 1410 1863 »
1448 1822 1694 1866 Infirmitati
1716 1823 1806 1883 ejus

423 1895 633 1939 Dominus
651 1903 694 1937 et
716 1893 860 1937 timori
882 1901 1149 1937 concesserat
1165 1892 1400 1948 civitatem,
1426 1906 1558 1952 quam
1581 1894 1694 1936 Loth
1716 1894 1805 1952 ipse
1826 1888 1830 1960 l
1850 1918 1852 1925 v

421 1964 662 2022 delegerat,
684 1973 726 2007 et
746 1964 791 2006 in
816 1979 864 2007 ca
885 1964 1139 2022 promiserat
1162 1963 1200 2005 ei
1223 1962 1513 2017 securitatem,
1539 1962 1658 2023 quod
1681 1979 1805 2023 prop-

423 2045 488 2080 ter
510 2035 633 2079 illum
656 2044 850 2094 parceret
873 2035 1034 2079 civitati
1063 2055 1072 2079 ;
1106 2043 1253 2078 tamen
1285 2034 1414 2078 etiam
1437 2034 1500 2078 ibi
1520 2049 1609 2079 esse
1631 2035 1802 2090 timuit,
1824 2036 1827 2073 ἰ

423 2106 482 2150 ita
505 2104 611 2149 fides
627 2106 718 2165 ejus
740 2120 830 2150 non
850 2105 994 2163 magni
1016 2105 1181 2149 roboris
1203 2102 1301 2149 suit.

894 2214 1129 2264 QUAESTIO
1161 2215 1331 2253 vam.

480 2334 502 2359 «
537 2318 667 2360 D1xur
694 2323 840 2358 autem
876 2314 1097 2358 Abraham
1129 2312 1183 2358 de
1227 2316 1328 2358 Sara
1355 2329 1490 2358 uxore
1523 2329 1598 2358 sua
1627 2333 1636 2359 2
1671 2304 1821 2377 Soror,⁴

422 2406 443 2429 »
477 2402 573 2431 mea
599 2395 675 2430 est.
704 2386 864 2430 Timuit
892 2386 1006 2429 enim
1034 2384 1202 2429 dicore:
1231 2387 1347 2429 Uxor
1374 2400 1469 2429 mea
1491 2394 1580 2440 est,
1613 2401 1668 2430 ne
1689 2380 1819 2430 forte⁴

423 2477 442 2499 »
478 2457 724 2502 occiderent
755 2471 856 2500 eum
890 2456 970 2500 viri
999 2455 1180 2501 civitatis
1210 2465 1385 2516 propter
1406 2455 1569 2501 illam4,
1598 2475 1617 2497 »
1654 2456 1799 2509 Quaeri

469 2561 475 2575 ¹
498 2556 576 2585 Gen.
604 2565 665 2596 xix,
684 2564 737 2594 29.
766 2570 807 2575 -
829 2559 841 2575 ²
863 2553 940 2583 [bid.
965 2552 1015 2583 730.
1037 2569 1077 2574 —
1099 2551 1110 2573 3
1132 2552 1212 2584 Ibicl.
1235 2550 1311 2581 —4
1338 2552 1384 2583 Id.
1406 2563 1459 2590 xx,
1487 2562 1516 2583 11..
