1872 3267
6 1739 8 1753 -„
0 1610 14 1731 W*
2 1451 13 1588 rao-w
2 1394 9 1441 -ι-
2 1254 19 1383 τ’ῂ-υπι-
3 1058 17 1223 qmst.
3 659 15 1052 —s-—n--mv—-i--ss—
4 647 5 651 „
2 516 14 635 'nn—
2 434 14 510 *Am-„-
3 360 14 437 ’.ι-ι’

9 2038 14 2079 .-„
8 1975 13 2026 Α..-
5 1759 14 1963 -2—.--—-‚---‹-—-

326 197 592 233 Qumsriomsss
624 197 667 223 nv
702 196 961 232 LEvrricuivi,
998 196 1080 222 Lus.
1118 199 1183 222 ιιι.
1362 184 1445 223 417

64 263 195 306 ritum
216 270 436 317 sanctum,
458 262 534 305 ubi
557 271 621 306 est
641 270 758 307 totus
773 260 942 306 fructus
971 262 1099 306 etiarn
1121 261 1355 306 visibilium
1381 279 1447 307 sa-

62 341 399 377 cramentorum.
443 335 552 378 Nam
586 332 677 376 sine
719 332 796 376 ista
841 332 1178 377 sanctificatione
1223 333 1447 378 invisibilis

62 404 209 463 gratiae
224 439 234 459 ,
260 403 443 448 visibilia
471 413 736 449 sacramenta
758 404 865 464 quid
887 406 1094 464 prosunt?
1122 405 1278 449 Merito
1302 415 1447 450 autem

61 475 286 534 quaeritur,
312 485 461 519 utrum
479 475 608 518 etiam
630 475 709 518 ista
726 474 950 519 invisibilis
969 474 1252 520 sanctificatio
1275 476 1366 520 sine
1387 475 1451 518 vi-

62 545 258 590 sibilibus
283 546 560 591 sacramentis
578 582 588 600 ,
615 546 775 606 quibus
801 546 1027 591 visibiliter
1047 547 1180 591 homo
1203 548 1448 593 sanetifica-

63 626 147 671 tur,
174 617 332 676 pariter
349 616 457 660 nihil
478 617 610 676 prosit
628 637 635 661 ε
653 616 772 677 quod
793 609 943 677 utique
962 617 1202 661 absurdum
1222 627 1299 662 est.
1323 619 1449 663 Tole-

63 687 237 732 rabilius
273 688 389 732 enim
416 689 602 750 quisque
632 688 786 733 dixerit
824 689 914 733 sine
942 688 1024 733 illis
1056 689 1181 733 istam
1209 705 1298 734 non
1331 707 1446 745 esse,

62 775 192 820 quam
215 760 248 803 si
272 758 404 804 fuerit
427 776 516 805 non
538 759 739 820 prodesse
755 796 765 815 ,
784 777 885 805 eum
904 761 948 804 in
962 761 1039 805 ista
1058 760 1111 804 sit
1125 762 1263 805 omnis
1284 760 1449 807 utilitas

62 829 252 874 illorum.
272 830 356 875 Sed
374 832 502 876 etiam
520 832 619 887 hoe,
640 830 760 892 quod
778 832 869 876 sine
891 831 973 876 illis
988 831 1066 876 ista
1085 847 1174 876 esse
1191 848 1279 876 non
1297 834 1446 892 possit,

62 902 283 962 quomodo
304 911 419 946 recte
438 901 623 956 dicatur,
649 902 914 947 intuendum
936 912 1014 948 est.
1036 903 1153 949 Nihil
1171 905 1333 965 quippe
1350 921 1452 965 pro-

61 970 144 1016 fuit
169 971 332 1017 Simoni
355 987 480 1031 mago
499 973 678 1017 visibilis
701 974 940 1033 baptismus
958 1010 967 1028 ,
994 974 1063 1018 cni
1085 975 1367 1020 sanctificatio
1385 976 1453 1019 in-

62 1042 237 1086 visibilis
260 1042 427 1087 defuit¹
447 1063 455 1087 :
485 1043 560 1087 sed
582 1044 742 1104 quibus
770 1045 849 1088 ista
877 1044 1102 1089 invisibilis
1118 1081 1129 1100 ,
1155 1046 1363 1106 quoniam
1385 1047 1452 1090 al'-

64 1111 146 1157 fuit
190 1113 355 1172 profuit
371 1149 381 1169 ,
429 1114 557 1158 etiam
603 1114 784 1158 visibilia
829 1124 1095 1160 sacramenta
1138 1127 1421 1176 perceperant
1439 1153 1449 1173 ,

62 1184 255 1230 similiter
278 1185 497 1245 baptizati.
524 1188 612 1231 Nec
635 1196 781 1230 tamen
808 1190 978 1245 Moyses
994 1223 1004 1243 ,
1037 1188 1112 1248 qui
1133 1188 1361 1233 visibiliter
1383 1206 1452 1234 sa-

63 1256 256 1300 cerdotes
284 1256 608 1312 sanctificabat,
635 1257 713 1300 ubi
740 1256 872 1301 fuerit
894 1258 983 1317 ipse
1016 1259 1116 1317 ipsis
1146 1260 1361 1304 sacrificiis
1383 1259 1452 1305 vel

63 1327 158 1372 oleo
176 1328 468 1372 sanctificatus
489 1327 734 1373 ostenditur
758 1345 765 1370 :
788 1329 1062 1373 invisibiliter
1084 1346 1185 1375 vero
1208 1332 1454 1377 sanetifica-

64 1408 156 1443 tum
179 1414 334 1457 negare
363 1400 460 1460 quis
481 1399 654 1455 audeat,
676 1402 800 1460 eujus
820 1410 939 1446 tanta
958 1403 1092 1460 gratia
1114 1403 1455 1462 praeeminebat?

65 1474 156 1515 Hoc
179 1480 221 1514 et
244 1470 299 1514 de
322 1474 490 1515 Joanne
514 1472 704 1531 Baptista
721 1472 805 1516 dici
828 1482 994 1532 potest:
1021 1474 1140 1533 prius
1167 1474 1280 1518 enim
1306 1475 1452 1534 bapti-

62 1550 195 1595 zator,
212 1557 343 1601 qnam
363 1541 605 1601 baptizatus
620 1542 860 1601 apparuit'2.
880 1542 1005 1587 Unde
1021 1559 1121 1587 eum
1136 1545 1453 1590 sanctificatum

62 1627 340 1672 nequaquam
363 1627 521 1671 negare
545 1627 773 1671 possumus
792 1632 800 1657 ε
828 1612 873 1656 id
895 1622 1041 1657 tamen
1064 1615 1108 1657 in
1127 1631 1177 1659 eo
1199 1614 1365 1660 sactum
1385 1618 1452 1661 vi-

62 1681 241 1726 sibiliter
268 1698 357 1726 non
380 1682 624 1726 invenimus
647 1692 881 1743 antequam
911 1686 966 1727 ad
995 1685 1282 1730 ministerium
1309 1686 1454 1747 bapti-

63 1753 188 1796 zandi
211 1753 394 1797 veniret.
422 1756 514 1797 Hoc
537 1762 578 1797 et
597 1753 651 1797 de
673 1752 841 1798 latrone.
865 1752 963 1809 illo,
985 1755 1055 1798 eui
1076 1771 1222 1800 seeum
1246 1759 1453 1803 crucifixo

64 1824 272 1869 Dominus
291 1824 371 1867 ait:
403 1844 421 1865 «
446 1823 586 1868 Hodie
609 1839 781 1869 mecum
805 1824 887 1868 eris
909 1826 953 1868 in
979 1826 1175 1885 paradiso
1192 1830 1222 1871 ³.
1249 1847 1267 1869 »
1303 1832 1453 1890 Neque

64 1896 177 1939 enim
202 1895 292 1938 sine
314 1895 651 1939 sanctificatione
674 1895 875 1940 invisibili
906 1906 1024 1940 tanta
1044 1896 1247 1942 felicitate
1265 1899 1454 1945 donatus

64 1976 139 2011 est.
167 1967 353 2011 Proinde
370 1966 589 2026 colligitur
601 1967 859 2011 invisibilem
875 1969 1260 2014 sanctificationem
1274 1972 1454 2031 quibus-

64 2037 164 2082 dam
187 2038 359 2082 affuisse
383 2047 514 2097 atque
536 2037 748 2096 profuisse
771 2039 861 2082 sine
882 2039 1124 2084 visibilibus
1147 2044 1450 2099 sacramentis,

63 2124 161 2168 quae
191 2124 270 2167 pro
293 2117 538 2168 temporum
565 2108 811 2152 diversitate
834 2119 999 2153 mutata
1023 2120 1145 2165 sunt,
1172 2121 1222 2156 ut
1243 2111 1325 2156 alia
1352 2123 1454 2159 tunc

64 2178 242 2235 fuerint,
264 2188 307 2224 et
321 2178 401 2223 alia
418 2178 548 2223 modo
570 2179 656 2223 sint
675 2179 911 2223 :visibilem
929 2196 1032 2225 vero
1047 2182 1450 2241 sanctificationem,

63 2267 161 2311 quae
178 2252 301 2295 fieret
318 2266 394 2311 per
410 2250 591 2295 visibilia
608 2261 890 2308 sacramenta,
906 2254 996 2297 sine
1014 2254 1092 2298 ista
1108 2255 1311 2299 invisibili
1330 2272 1452 2315 posse

64 2321 224 2377 adesse,
243 2339 333 2367 non
354 2337 476 2381 posse
501 2321 718 2382 prodesse.
742 2325 830 2368 Nec
855 2332 998 2369 tamen
1014 2325 1112 2369 ideo
1132 2337 1451 2373 sacramentum

64 2393 233 2438 visibile
253 2393 624 2439 contemnendum
644 2404 707 2438 est
729 2414 737 2439 :
764 2411 866 2439 nam
890 2406 1166 2456 contemptor
1185 2398 1275 2457 ejus
1298 2399 1448 2443 invisi—

65 2464 205 2510 biliter
223 2466 487 2510 sanctificare
504 2465 627 2510 nullo
649 2465 781 2510 modo
806 2476 962 2526 potest.
986 2468 1096 2512 Hine
1112 2478 1174 2513 est
1196 2470 1315 2530 quod
1340 2474 1450 2517 Cor-

110 2557 117 2574 ¹
138 2554 210 2584 Act.
234 2563 299 2592 vm,
326 2552 376 2583 13.
397 2569 437 2574 —
459 2558 472 2574 ²
490 2551 602 2584 Mattb.
622 2561 666 2592 ni,
688 2550 815 2593 [sp—73
831 2554 907 2585 Luc.
928 2564 1018 2594 xxm,
1037 2551 1091 2593 43.

248 2617 369 2647 cxni.
1160 2610 1211 2648 Ξῖ
