1872 3267
357 229 624 270 QUAESTIONES
657 232 702 258 nv
734 228 959 268 NUMEnoS,
996 231 1077 257 Lm.
1115 230 1175 257 tv.
1372 214 1455 254 425

73 398 135 414 MS
139 397 468 413 WSAWUMNWVMWI
471 397 535 412 tm
538 395 882 412 WUWWWM'VVSQVWx
887 395 918 410 &A
921 395 934 409 ἱ
938 392 1453 410 ιὶῒὶινΜἉὶΝἱΜΝΜἉΜΜΝἱ

589 541 810 597 LIBER
849 541 947 598 l‘V.

535 713 734 750 Quinsnoxt-:s
769 721 798 743 m
830 711 987 743 Nummos.

618 856 855 906 QUAEsrio
888 858 919 896 1.

132 991 248 1042 Qum
271 997 335 1033 est
357 988 479 1049 quod
500 987 692 1047 singulos
714 988 769 1032 de
792 987 972 1046 singulis
996 986 1198 1031 tribubus
1222 985 1321 1044 eligi
1338 986 1466 1046 jubet

73 1061 317 1122 principes,
350 1076 511 1120 eosque
541 1060 730 1121 appellat
758 1062 955 1112 κιλιῡίργριςί)
992 1075 1101 1119 quos
1131 1057 1308 1118 quidam
1343 1056 1467 1102 latini

74 1133 329 1191 interpretes
354 1131 551 1175 tribunos
584 1130 929 1190 appellaverunt.
961 1139 1112 1184 χιλίαρχοι
1139 1138 1285 1173 autem
1313 1127 1468 1172 viden—

75 1213 145 1249 tur
166 1219 189 1247 a
212 1202 331 1247 mille
353 1203 664 1262 cognominati.
687 1201 772 1247 Sed
793 1218 894 1246 cum
915 1201 1147 1246 consilium
1169 1201 1325 1245 Jothor
1346 1215 1467 1244 socer

73 1274 213 1332 Moysi
241 1289 400 1334 genero
429 1289 506 1318 suo
539 1273 706 1329 daret1,
732 1272 854 1332 quod
875 1273 1005 1316 etiam
1039 1276 1152 1316 Deus
1184 1271 1465 1331 approbavit,

75 1346 129 1390 de
148 1345 390 1390 ordinando
411 1345 578 1405 populo
600 1344 682 1389 sub
704 1345 989 1405 principibus,
1011 1353 1061 1388 ut
1082 1360 1172 1387 non
1195 1359 1346 1388 omnes
1369 1358 1468 1387 oni-

75 1418 196 1461 nium
211 1433 352 1462 causae
364 1421 547 1475 Moysen
565 1417 679 1461 ultra
697 1418 808 1461 vires
831 1426 1078 1472 onerarent,
1090 1423 1257 1469 [wip-sps
1276 1414 1469 1475 appella-

74 1489 136 1533 vit
147 1488 475 1533 constituendos
493 1504 622 1547 super
639 1487 837 1532 millenos
857 1488 1068 1543 homines,
1090 1495 1322 1541 ἑκατοντάρχοις
1340 1501 1470 1545 super

73 1569 301 1614 centenos,
334 1568 378 1603 et
403 1566 705 1614 πεντακοντὰρχοις,
742 1574 871 1618 super
902 1558 1253 1619 quinquagenos,
1297 1567 1341 1601 et
1373 1561 1467 1597 δεκα-

73 1637 199 1685 δάρχοις
212 1646 341 1691 super
353 1630 488 1675 denos
501 1652 512 1688 3
529 1631 584 1674 ab
598 1631 699 1689 ipsis
713 1631 920 1685 numeris,
933 1631 1093 1691 quibus
1106 1639 1355 1689 praeessent,
1370 1645 1471 1689 cog-

75 1704 332 1748 nominatos.
350 1701 680 1762 Numquidnam
696 1703 824 1746 ethic
841 1703 900 1746 sic
918 1701 1156 1762 accipiendi
1173 1711 1275 1746 sunt
1297 1708 1466 1756 χιλίαρχιι,

74 1773 194 1834 quod
221 1773 380 1832 singuli
408 1782 551 1817 essent
577 1788 703 1833 super
735 1772 951 1817 millenos.
980 1776 1077 1818 Non
1110 1773 1263 1832 utique
1286 1792 1294 1817 ι
1324 1788 1469 1832 neque

77 1846 191 1890 enim
212 1845 438 1889 universus
461 1845 659 1889 omnium
692 1844 882 1904 populus
907 1844 1035 1889 Israel
1061 1844 1294 1888 duodecim
1327 1844 1472 1887 homi-

76 1931 181 1960 num
203 1915 336 1960 millia
358 1925 464 1959 tunc
486 1914 678 1959 fuerunt.
708 1915 910 1974 Singulos
933 1917 1048 1959 enim
1071 1915 1202 1974 clegit
1219 1914 1273 1958 de
1291 1915 1470 1973 singulis

14 2020 15 2025 ,
77 1987 297 2042 tribubus,
329 2003 427 2047 quae
452 1985 688 2031 duodecim
715 1986 853 2030 trihus
878 1985 1032 2046 procul
1056 1985 1193 2030 dubio
1216 2001 1305 2029 non
1327 1985 1470 2029 mille-

78 2074 154 2103 nos
175 2057 389 2112 homines,
416 2057 491 2101 sed
524 2057 663 2101 multa
685 2057 819 2101 millia
848 2058 1150 2102 continebant.
1171 2059 1339 2101 Nomen
1367 2072 1470 2115 ergo

77 2143 308 2173 commune
325 2136 388 2172 cst
405 2143 505 2172 cum
529 2127 627 2182 illis,
653 2128 728 2187 qui
747 2129 791 2171 in
809 2127 965 2172 Exodo
993 2126 1272 2187 appellantur
1292 2134 1466 2184 χιλίαρχοι,

78 2198 197 2259 quod
214 2199 516 2259 unusquisque
532 2197 707 2242 illorum
723 2208 833 2243 esset
851 2198 969 2243 mille
987 2199 1217 2242 hominum
1240 2199 1440 2259 princeps
1457 2220 1466 2245 :

78 2269 258 2314 istorum
282 2278 427 2313 autem
460 2268 760 2329 unusquisque
789 2269 975 2314 millium
1009 2270 1231 2329 princeps,
1261 2270 1468 2330 quoniam

79 2340 165 2385 sive
192 2357 216 2384 a
242 2340 360 2384 mille
388 2340 476 2384 sive
505 2356 527 2383 a
555 2339 747 2384 millibus
764 2376 774 2396 ‚
808 2341 959 2386 eadem
991 2341 1245 2401 compositio
1284 2342 1470 2386 nominis

79 2421 248 2456 resonat
269 2421 319 2456 ut
341 2412 617 2472 appellentur
638 2421 807 2467 χιλίαρχοι..

125 2514 133 2530 ¹
154 2509 246 2540 Num.
266 2519 288 2540 l.
308 2525 350 2530 —
373 2514 386 2530 ²
410 2508 507 2541 Exod.
528 2519 619 2550 xvm,
644 2508 699 2540 25.
