1872 3267
299 181 559 210 LOCUTIONES
589 180 645 208 DE
675 180 916 219 sumemus,
952 182 1034 210 Lux.
1071 179 1148 208 v11.
1336 172 1414 215 111

37 269 56 292 »
93 258 385 310 protectorem
411 257 456 294 et
481 248 527 293 in
553 247 736 298 domum
759 246 958 306 refugiiss
983 266 1003 296 ,υ
1035 256 1081 293 et
1107 246 1246 297 multa
1272 248 1425 308 hujus-

34 320 171 366 modi.

91 393 225 436 XLV.
255 411 276 435 «
299 394 357 436 Et
380 391 474 435 haec
491 390 621 437 unica
636 390 676 434 ei
690 425 701 446 ‚
721 400 765 435 et
782 406 871 436 non
895 399 959 436 θεῖ
978 398 1136 451 praeter
1154 390 1292 450 ipsam
1310 390 1425 439 filius

35 481 57 511 n
92 471 168 507 aut
190 462 305 506 filia2
322 481 331 507 :
349 480 370 504 »
391 462 474 507 hoc
496 470 561 506 est
577 460 698 522 quod
715 460 884 506 dictum
905 470 995 511 est:
1021 480 1042 504 α
1062 461 1198 513 Unica
1220 462 1259 511 ej
1275 482 1287 520 3
1306 481 1326 510 η
1348 463 1424 513 sed

32 543 209 594 propter
231 533 440 578 affectum
462 532 645 595 repetita
666 533 881 578 sententia
902 541 983 581 θεῖ,

91 607 250 649 XLVI.
279 623 299 647 «
323 607 381 649 Et
396 620 485 649 non
506 612 570 648 est
585 603 624 647 ei
644 613 803 664 praeter
816 604 953 665 ipsam
970 602 1086 649 filius
1104 612 1179 654 aut
1195 603 1309 649 filia:
1333 620 1424 650 non

35 695 56 719 >›
91 686 156 721 est
175 676 229 733 ei,
248 692 346 738 pro,
368 691 493 722 «non
515 684 609 720 erat
622 675 676 732 ei,
695 695 714 718 »
732 675 899 722 dictum
920 685 1010 725 est:
1031 676 1250 736 praeterita
1261 676 1425 737 quippe

34 758 281 794 narrantur.

91 823 273 866 XLVII.
305 822 402 865 «Et
436 835 545 864 uxor
581 820 673 881 ejus
714 819 894 876 sterilis,
934 828 977 863 et
1006 835 1095 864 non
1117 818 1372 879 pariebat²2
1401 839 1420 861 »

32 905 133 936 cum
155 890 367 951 potuisset
383 891 580 935 sufficere
598 890 719 951 quod
741 890 908 935 dictum
931 900 994 935 est
1004 927 1019 947 ,
1049 911 1069 933 α
1091 890 1261 935 sterilis.
1291 910 1310 931 ))

90 963 295 1006 XLVIII.
326 963 423 1005 «Et
443 954 642 1021 precatus
671 970 734 1005 θεῖ
763 964 925 1007 Manu&
955 961 1191 1005 Dominum
1221 971 1264 1005 θῖ
1289 960 1423 1006 dixit:

36 1051 56 1075 ³>
93 1035 145 1077 In
167 1048 258 1088 me,
284 1032 469 1077 Domine
485 1069 495 1088 ,
516 1033 649 1077 homo
670 1032 764 1088 Dei,
789 1048 922 1093 quem
942 1032 1095 1076 misisti
1113 1068 1124 1088 ,
1144 1033 1292 1077 veniat
1306 1049 1426 1077 nunc

38 1124 58 1146 «
91 1104 249 1148 iterum
267 1104 322 1148 ad
341 1106 444 1149 nos⁴
464 1125 472 1149 ;
492 1108 544 1149 In
561 1120 631 1149 me
651 1123 670 1145 n
692 1105 751 1148 ita
769 1103 937 1149 dictum
955 1114 1034 1159 θεῖ,
1052 1114 1102 1149 ut
1117 1104 1423 1162 subaudiatur,

39 1195 58 1218 «
91 1175 323 1220 intende.»

90 1248 250 1290 XLIX.
277 1265 297 1288 «
318 1249 375 1290 Et
397 1246 607 1305 percussit
630 1260 702 1289 eos
723 1244 876 1289 tibiam
905 1261 1034 1306 super
1056 1245 1201 1291 femur
1216 1249 1230 1272 5
1252 1267 1260 1291 ;
1288 1266 1307 1287 n
1333 1248 1427 1291 haec

33 1315 197 1362 locutio
230 1317 434 1361 inusitata
462 1326 546 1371 θεῖ,
577 1325 725 1361 tamen
758 1315 922 1361 locutio
952 1326 1042 1373 θεῖ,
1077 1333 1167 1362 non
1203 1316 1358 1379 aliquis
1382 1319 1428 1366 in

35 1404 215 1448 corpore
236 1387 428 1434 vulneris
460 1387 604 1443 locus,
639 1387 751 1432 sicut
778 1388 824 1432 in
854 1389 1178 1441 Quaestionibus
1201 1390 1424 1450 exposui⁶‚

8 1505 9 1510 ,
34 1459 118 1504 hoc
139 1468 229 1515 θεῖ,
253 1459 466 1519 percussit
487 1474 559 1502 eos
582 1456 637 1501 ad
658 1457 1016 1515 admirationem,
1045 1458 1100 1503 ad
1126 1468 1364 1519 stuporem.

94 1533 144 1574 L.
176 1533 278 1574 «Et
310 1529 513 1573 dixerunt
547 1528 613 1573 vir
641 1527 793 1573 Juda-:
831 1532 975 1582 Quare
1015 1530 1262 1575 ascendistis
1299 1547 1429 1591 super

0 1577 9 1595 >1

3 1595 9 1646 ¹]
38 1619 59 1642 »
93 1616 172 1644 nos
189 1602 203 1627 ⁷
222 1619 230 1644 :
254 1618 273 1641 η
296 1598 558 1657 singularem
574 1598 721 1658 posuit
738 1615 816 1659 pro
834 1598 1018 1660 pluralia
1043 1619 1063 1642 «
1080 1601 1291 1646 Dixerunt
1311 1602 1427 1646 enim

0 1658 5 1686 ἶ·
38 1689 59 1713 »
93 1671 174 1715 viri
197 1674 221 1715 J
227 1671 334 1726 uda,
360 1685 451 1714 non
472 1684 586 1713 unus
602 1668 682 1713 vir.
706 1687 726 1710 »

96 1745 168 1786 LI.
198 1745 304 1787 «Ne
332 1741 445 1786 forte
473 1740 709 1786 occurratis
739 1740 786 1784 in
819 1756 890 1786 me
920 1744 1053 1786 vosS:
1083 1758 1204 1803 »pro
1225 1759 1277 1789 eo
1309 1744 1430 1805 quod

0 1832 5 1837 ¹
38 1823 101 1858 est
121 1834 130 1859 :
156 1813 372 1858 Occidatis
406 1828 475 1856 me
492 1847 503 1865 ,
526 1830 546 1853 »
571 1820 614 1856 et
634 1812 729 1855 haec
749 1810 914 1857 locutio
942 1812 988 1856 in
1010 1815 1337 1866 Quaestionibus
1358 1832 1431 1860 ex-

0 1904 3 1932 ᾳ
38 1885 174 1946 posita
197 1887 304 1930 est⁹.
1360 1889 1362 1891 ’

97 1959 192 2001 LII.
224 1976 243 1998 «
267 1959 325 2000 Et
348 1954 618 1999 reduxerunt
637 1969 739 1998 eum
755 1954 811 1998 de
832 1963 954 2014 petra
971 1991 982 2010 ‚
1007 1965 1052 2000 et
1072 1957 1192 2002 venit
1212 1973 1354 2019 usque
1376 1959 1433 2004 ad

0 2047 4 2071 ι
43 2046 65 2070 «
97 2027 319 2073 Maxillam
334 2029 390 2071 10:
413 2045 432 2068 »
449 2025 572 2070 locus
588 2034 653 2070 est
669 2025 728 2070 sic
746 2025 988 2086 appellatus
1006 2038 1153 2088 postea
1168 2044 1219 2074 ex
1232 2045 1284 2074 eo
1296 2030 1429 2086 facto,

0 2117 1 2121 ¹
40 2098 234 2159 quodibi
253 2097 382 2157 gessit
408 2097 497 2157 ipse
522 2099 753 2156 Sampson,
781 2097 959 2157 quando
982 2099 1158 2145 maxilla
1189 2101 1295 2146 asini
1317 2117 1433 2162 pug-

0 2190 3 2212 ι
40 2185 168 2226 nans,
203 2169 322 2219 mille
348 2168 581 2229 prostravit
605 2187 614 2212 :
640 2168 725 2213 hoc
758 2183 860 2226 ergo
892 2185 969 2229 per
999 2170 1234 2231 prolepsim
1264 2171 1432 2219 dictum

0 2267 1 2281 i
41 2250 119 2297 est,
135 2241 234 2302 quia
252 2249 350 2300 post
366 2239 439 2284 illa
457 2238 602 2285 omnia
620 2248 738 2298 gesta
750 2275 761 2295 ‚
777 2240 872 2284 haec
887 2241 1067 2287 historia
1089 2244 1335 2305 conscripta
1348 2255 1427 2290 est.

17 2792 21 2822 ἲ

19 2875 22 2926 ὲ

19 2930 22 3008 1

100 2315 218 2356 LIII.
247 2331 268 2354 «
296 2311 416 2357 Sicut
444 2319 603 2370 stuppa
630 2325 732 2355 cum
765 2310 989 2357 olefecerit
1020 2313 1216 2372 ignem²2
1244 2333 1265 2357 »
1290 2325 1430 2361 meta-

91 2436 98 2452 ¹
119 2429 199 2462 Psal.
214 2440 291 2471 xxx,
312 2429 342 2461 3.
365 2447 407 2452 —
429 2435 442 2451 2
466 2428 570 2461 Judjc.
593 2439 649 2471 XI,
671 2427 724 2470 34.
745 2447 786 2451 -
805 2426 818 2452 3
842 2430 888 2462 Id.
905 2441 981 2472 xm,
1003 2440 1035 2463 2.
1055 2430 1226 2465 —41bid.
1246 2433 1278 2465 8.
1297 2431 1428 2466 ——51d.

43 2495 106 2527 xv,
126 2486 158 2517 ὃ.
175 2503 216 2507 -
239 2484 254 2507 Β
274 2485 344 2517 Lib.
361 2497 428 2525 vu,
455 2489 568 2529 quaest.
600 2497 654 2519 ιν.
682 2501 724 2507 ·-
744 2493 758 2518 7
789 2486 893 2518 Judic.
926 2498 988 2528 xv,
1015 2498 1064 2520 10.
1100 2505 1142 2510 —
1163 2487 1178 2509 ⁸
1203 2489 1284 2521 Ibid.
1314 2498 1364 2522 12.
1385 2507 1427 2513 —-

45 2549 60 2574 9
78 2541 149 2576 Lib.
176 2552 231 2583 vn,
251 2546 361 2584 quaest.
382 2553 445 2574 ui.
473 2558 514 2564 —-
541 2548 570 2565 ¹0
587 2542 693 2575 Judic.
709 2552 764 2584 xv,
783 2541 833 2575 13.
850 2559 892 2564 -
912 2548 940 2565 ¹¹
961 2541 1041 2574 Ibid.
1066 2542 1115 2585 14.
