1872 3267
404 245 670 285 QUAEs'nomzs
702 248 749 275 m
779 248 990 289 mmmm,
1024 250 1107 278 Lm.
1143 252 1191 278 11.
1403 240 1489 281 235

104 314 417 374 regulasolero
449 314 514 358 uti
545 313 828 373 Scripturam.
856 314 899 358 Si
920 323 1088 371 autem,
1112 316 1235 376 quod
1266 316 1490 378 aliquanto

102 384 375 448 probabilius
397 385 483 429 dici
504 394 670 444 potest,
699 393 804 429 tunc
826 384 1064 430 habeamus
1090 387 1269 431 intrasse
1291 388 1423 433 Israel
1444 388 1491 433 in

103 461 343 516 AEgyptum
360 491 370 511 ‚
397 456 574 516 quando
597 454 685 500 illic
708 457 870 516 Joseph
894 472 984 501 esse
1004 457 1206 502 venditus
1228 459 1389 518 coepit,
1411 460 1490 504 de·-

102 527 281 572 tracturi
303 541 453 570 sumus
481 526 626 570 adhuc
662 541 800 571 annos
829 526 1036 572 tredecim
1053 562 1064 583 ‚
1101 537 1152 572 ut
1173 531 1491 574 trecentos-tri-

102 599 412 657 ginta-septem
443 611 578 641 annos
614 612 693 657 pro
732 597 1063 658 quadringentis
1090 599 1366 659 accipiamus.
1405 602 1490 645 Sed

104 685 204 715 cum
243 668 465 729 Scriptura
512 679 825 713 commemoret
862 671 999 714 Caath
1042 669 1182 714 filium
1217 670 1322 715 Levi
1359 686 1490 716 avum

102 740 243 798 Moysi
266 755 368 784 cum
397 755 477 784 avo
504 755 583 784 suo
605 740 742 785 Jacob
763 741 943 785 intrasse
978 741 1026 785 in
1052 743 1345 801 AEgyptum¹‚
1374 741 1492 787 dicat

106 822 251 857 autem
273 826 374 855 eum
390 811 544 856 vixisse
557 825 693 855 annos
706 812 1115 871 centum-triginta2
1128 814 1189 870 (1)
1205 832 1216 870 3
1232 811 1374 857 filium
1386 828 1491 858 vero

105 884 196 944 ejus
231 891 401 943 patrem
441 882 583 939 Moysi
618 882 830 927 Ambram
864 883 1452 944 centum-triginta-septem
1476 905 1489 944 3
1555 921 1558 926 .

103 958 286 1013 Moysen
317 968 422 999 vero
459 952 577 998 dicas
615 955 838 1013 octoginta
875 968 1093 999 annorum
1131 954 1263 999 fuisse
1300 971 1402 1000 cum
1436 955 1492 1000 de

104 1029 297 1085 AEgypto
307 1024 522 1085 populum
536 1024 738 1070 liberavit
751 1027 767 1052 ³
789 1045 798 1070 z
819 1026 986 1070 etiamsi
1004 1035 1107 1071 tunc
1121 1027 1340 1086 genuisset
1352 1028 1492 1072 Caath

102 1106 269 1158 patrem
289 1096 452 1153 Moysi,
478 1111 567 1156 quo
597 1112 712 1141 anno
743 1101 942 1141 mortiius
972 1106 1036 1141 est
1052 1133 1064 1153 ⁷
1088 1096 1162 1141 ille
1183 1113 1364 1159 quoque
1382 1101 1492 1142 Am-

103 1169 226 1214 bram
248 1167 404 1212 ultimo
419 1168 521 1212 vitae
544 1182 633 1212 suae
654 1171 770 1212 anno
787 1168 1005 1227 genuisset
1021 1171 1204 1226 Moysen
1218 1204 1229 1224 ‚
1250 1170 1492 1229 computati

105 1240 207 1285 anni
233 1238 619 1297 centum—triginta
642 1248 686 1282 et
707 1239 1277 1299 centum-triginta-septem
1302 1249 1345 1284 et
1367 1249 1493 1285 octo-

107 1311 224 1370 ginta
239 1345 250 1365 ,
286 1318 503 1353 trecentos
538 1317 581 1352 et
617 1308 1096 1369 quadraginta-septem
1137 1325 1273 1354 annos
1296 1308 1464 1354 faciunt
1479 1345 1490 1365 ‚

104 1396 194 1426 non
225 1379 786 1442 quadringentos-triginta.
811 1379 942 1433 Quod
976 1380 1010 1424 si
1029 1380 1126 1441 quis
1158 1380 1276 1425 dicat
1297 1389 1494 1425 extremo

105 1466 219 1497 anno
240 1451 342 1496 vitae
370 1454 394 1496 J
399 1451 534 1510 oseph
552 1459 705 1494 natum
725 1465 815 1494 esse
840 1451 977 1495 Caath
996 1450 1138 1507 filium
1159 1452 1290 1509 Levi3
1315 1461 1494 1512 septua-

104 1524 220 1582 ginta
241 1522 380 1568 ferme
401 1523 505 1567 anni
538 1531 721 1581 possunt
748 1522 953 1567 accedere
969 1522 1032 1566 illi
1051 1538 1254 1578 summae,
1275 1524 1377 1584 quia
1393 1539 1494 1583 sep-

104 1595 461 1653 tuaginta-unum
478 1608 616 1637 annos
636 1593 744 1637 vixit
760 1592 806 1636 in
828 1595 1022 1653 AEgypto
1043 1595 1206 1654 Joseph
1221 1604 1319 1654 post
1335 1596 1496 1653 ingres-

105 1679 200 1710 sum
235 1664 482 1724 patrissui.
514 1666 791 1723 Quapropter
824 1664 955 1708 etiam
989 1664 1049 1708 sic
1081 1665 1357 1724 septuaginta
1391 1666 1496 1711 anni

105 1737 202 1782 vitae
219 1732 380 1796 Jose'ph
400 1736 454 1780 ab
476 1736 674 1794 ingressu
690 1736 827 1781 Jacob
846 1736 891 1779 in
913 1739 1158 1797 AEgyptum
1179 1753 1320 1798 usque
1342 1737 1398 1782 ad
1413 1754 1495 1783 na-

107 1808 477 1853 tivitatem-(laath
494 1842 505 1862 ‚
530 1807 565 1851 si
600 1816 706 1851 tunc
731 1817 858 1852 natus
883 1817 1118 1864 asseratur,
1145 1810 1496 1868 etbcentum-tri-

108 1879 224 1939 ginta
260 1879 363 1922 anni
394 1878 526 1937 ipsius
555 1878 693 1923 Caath
713 1913 724 1933 ‚
750 1887 793 1922 et
821 1879 1396 1940 centum-triginta—septem
1416 1880 1495 1924 filii

108 1950 195 2009 ejtis
213 1948 424 1993 'Ambram
455 1948 587 2008 patris
618 1949 786 2006 Moysi,
825 1957 869 1992 et
906 1950 1130 2008 octoginta
1161 1950 1296 2010 ipsius
1324 1952 1492 2009 Moysi,

108 2018 622 2081 quadringentos—decem
643 2028 872 2079 etseptem
896 2035 1032 2065 annos
1053 2020 1247 2076 faciunt,
1274 2037 1362 2066 non
1383 2037 1495 2082 qua-

108 2091 572 2151 dringentos-triginta.

166 2160 241 2206 IV.
278 2161 465 2206 Proinde
500 2160 574 2205 illa
604 2161 813 2206 nimirum
847 2162 1143 2223 computatio,
1168 2179 1301 2225 quam
1323 2172 1495 2209 secutus

111 2241 172 2277 est
186 2233 400 2277 Eusebius
417 2233 463 2276 in
485 2233 662 2276 historia
683 2248 760 2277 sua
778 2234 994 2279 Chronica
1008 2235 1041 2291 ⁴,
1063 2236 1292 2295 perspicua
1313 2236 1495 2280 veritate

110 2303 287 2348 subnixa
310 2313 386 2348 est.
408 2304 477 2348 Ab
501 2303 575 2348 illa
591 2305 708 2348 enim
729 2305 1015 2364 promissione
1038 2316 1264 2367 computat
1281 2306 1494 2368 quadrin-

110 2375 460 2435 gentos-triginta
494 2391 652 2431 annos,
694 2392 780 2437 qua
803 2379 974 2422 vocavit
1006 2381 1121 2423 Deus
1159 2378 1410 2434 Abraham,
1444 2387 1496 2423 ut

110 2446 240 2490 exiret
257 2446 311 2490 de
332 2456 447 2491 terra
467 2462 544 2492 sua
566 2447 612 2491 in
634 2457 793 2492 terram
812 2450 1021 2495 Chanaan
1042 2469 1051 2494 :
1077 2451 1181 2511 quia
1198 2459 1243 2495 et
1259 2449 1494 2510 Apostolus

156 2548 167 2565 ¹
186 2545 262 2576 Gen.
288 2556 377 2584 xnvr,
406 2555 456 2577 11.
483 2561 525 2567 —-—
546 2552 559 2568 ²
590 2546 687 2579 Exod.
717 2557 769 2587 Vl,
797 2545 847 2579 18.
880 2564 921 2569 —
943 2544 955 2569 3
974 2547 1055 2579 lbid.
1089 2556 1142 2580 ¹20.
1164 2564 1205 2570 -
1239 2545 1253 2577 4
1277 2546 1429 2580 Eusebius
1457 2547 1488 2579 in

114 2596 223 2631 Clu-on.
244 2600 283 2634 ad
298 2601 404 2633 mundi
421 2611 473 2633 an.
490 2601 574 2633 3260
