1872 3267
321 252 586 291 Quffls‘rxouns
618 255 663 281 m
695 254 889 292 sumens,
926 255 1008 281 Lm.
1046 253 1119 281 vn.
1325 242 1409 281 569

27 337 47 360 η
83 328 125 363 61
147 320 360 365 habitavit
375 320 600 364 Jebusaeus
623 334 724 363 cum
746 318 843 364 filiis
861 319 1083 379 Benjamin
1108 318 1152 361 in
1171 319 1411 363 Jerusalem

27 409 47 431 »
83 405 221 450 usque
255 391 299 434 in
336 390 597 436 hodiernum
631 389 809 434 diem1?
834 408 854 431 »
886 405 987 434 cum
1022 389 1217 449 superius
1245 389 1415 449 legatur

23 459 172 504 eadem
198 461 344 505 civitas
373 478 395 506 a
428 460 540 504 Juda
563 469 686 520 capta
718 470 760 504 61
789 462 989 515 incensa,
1020 459 1254 505 interfectis
1286 461 1332 504 in
1364 476 1412 504 ea

23 532 246 576 Jehusaeis.
271 532 355 577 Sed
377 532 728 591 cognoscendum
745 542 809 576 est
830 533 953 576 istam
972 532 1191 576 civitatem
1214 548 1413 577 commu-

23 619 122 647 nem
145 603 348 649 habuisse
365 604 472 649 duas
498 604 634 648 tribus
651 639 661 659 ,
687 603 846 648 Judam
869 614 912 648 61
934 604 1158 664 Bcnjamin
1175 639 1186 658 ,
1212 605 1412 649 31611103-

20 674 162 718 tendit
196 675 283 733 ipsa
307 675 462 720 divisio
484 685 697 720 terrarum
715 711 725 730 ‚
758 691 858 735 quse
881 675 995 719 facta
1019 683 1082 718 631
1105 690 1128 718 a
1150 676 1254 718 Jesu
1276 678 1408 719 Nave.

24 746 120 804 Ipsa
138 754 200 788 est
217 746 328 789 enim
344 747 480 790 Jehus
498 762 596 806 quae
615 745 900 790 Jerusalem:
921 744 1019 789 ideo
1038 744 1138 788 duae
1161 745 1254 789 istae
1278 745 1414 789 tribus

21 826 324 861 remanserunt
357 817 412 861 ad
444 817 655 878 templum
680 817 878 871 Domini,
903 817 1094 877 quando
1117 827 1285 861 caeterae
1301 853 1311 871 ,
1338 833 1413 861 ex-

22 896 146 946 cepta
176 888 278 931 Levi
307 904 405 948 quae
428 889 703 933 sacerdotalis
726 888 830 942 suit,
861 897 903 932 et
926 897 1060 932 terras
1083 888 1128 932 in
1157 888 1412 933 divisionem

0 962 2 977 ‘
20 973 110 1001 non
133 959 314 1017 accepit,
335 969 643 1018 separaverunt
656 975 699 1003 36
713 975 733 1003 a
753 974 886 1017 regno
905 962 928 1002 J
936 958 1018 1003 uda
1038 975 1137 1004 cum
1162 960 1409 1004 Jeroboam.

22 1028 359 1085 Intelligendum
386 1041 448 1073 est
470 1046 572 1088 ergo
602 1047 624 1075 a
656 1030 769 1074 ,Iuda
793 1030 970 1090 quidem
995 1031 1214 1075 civitatem
1242 1041 1413 1090 captam

21 1100 322 1155 611116611311111,
357 1102 592 1146 interfectis
612 1102 686 1162 qui
708 1102 795 1145 illic
815 1102 971 1160 reperti
995 1100 1168 1145 fuerant
1195 1118 1202 1142 t
1226 1102 1299 1146 sed
1325 1118 1414 1146 non

21 1186 170 1215 omnes
193 1171 414 1216 Jebuseeos
438 1188 526 1216 6336
545 1173 754 1216 extinctos
771 1193 781 1229 3
802 1172 889 1215 sive
907 1172 1006 1232 quia
1020 1182 1143 1216 erant
1159 1181 1276 1216 extra
1293 1172 1414 1216 illam

21 1241 238 1286 civitatem
256 1278 265 1296 ‚
293 1242 381 1286 sive
400 1243 501 1302 quia
524 1242 673 1301 fugere
696 1252 936 1303 potuerunt
961 1262 969 1286 2
995 1258 1104 1302 quos
1128 1242 1317 1303 reliquos
1340 1245 1415 1286 Je-

0 1310 1 1314 ’
22 1313 191 1356 busaeos
215 1312 419 1357 admissos
450 1329 537 1358 6336
556 1330 579 1357 a
598 1314 693 1357 filiis
716 1314 964 1373 Benjamin,
993 1313 1154 1373 quibus
1176 1328 1277 1357 cum
1300 1312 1414 1357 Juda

0 1391 115 1427 :erat
142 1383 289 1426 civitas
324 1382 394 1427 illa
423 1384 694 1437 communis,
727 1384 772 1426 in
800 1399 849 1426 ea
882 1383 1011 1427 simul
1038 1383 1249 1427 habitare.
1287 1383 1416 1437 Quod

0 1470 1 1473 ’
23 1470 126 1513 ergo
144 1454 310 1498 dictum
334 1464 398 1498 est
417 1475 424 1499 ι
442 1458 539 1500 Non
556 1454 927 1498 haereditaverunt
944 1454 1195 1498 Jebusaeurn
1214 1454 1290 1498 filii
1308 1457 1417 1498 Ben-

26 1544 46 1567 n
77 1525 236 1585 jamin,
266 1544 285 1565 »
318 1524 651 1584 intelligendum
682 1534 773 1576 631,
812 1524 933 1585 quod
955 1541 1034 1569 nec
1069 1525 1320 1569 tributarios
1343 1540 1416 1569 eos

23 1596 164 1640 facere
190 1605 448 1655 potuerunt,
475 1597 563 1640 sive
584 1595 835 1640 voluerunt.
862 1599 952 1639 Aut
973 1605 1088 1639 certe
1110 1615 1128 1636 «
1154 1598 1250 1640 Non
1273 1597 1414 1639 113616-

26 1684 48 1707 »
84 1666 238 1710 ditavit
255 1666 505 1710 Jebusseum
522 1702 532 1721 ,
561 1685 580 1706 >1
600 1665 766 1710 dictum
791 1675 874 1719 631,
901 1667 1002 1726 quia
1025 1682 1115 1711 non
1136 1666 1226 1711 sine
1248 1665 1323 1711 illo
1346 1675 1413 1709 16-

25 1738 122 1783 nuit
141 1748 298 1782 terram
314 1774 324 1793 ,
346 1754 445 1798 quae
467 1738 522 1782 ab
544 1737 620 1783 illo
642 1738 961 1797 possidebatur.

546 1835 783 1885 QUAESTIO
816 1836 921 1874 vlu.

91 1959 110 1980 κ
130 1941 193 1982 ΕΤ
216 1954 305 1982 11011
327 1937 599 1983 haereditavit
626 1941 841 1983 Manasses
863 1939 1050 1982 Bethsan
1067 1973 1078 1988 „
1104 1954 1202 1998 quae
1223 1948 1287 1983 631
1312 1941 1420 1994 Scy-

32 2031 51 2053 »
86 2021 229 2055 tarum
245 2011 433 2056 civitasss.
454 2030 473 2052 »
493 2015 588 2070 Ipsa
606 2011 736 2056 hodie
758 2012 1012 2071 perhibetur
1026 2011 1300 2071 Scythopolis
1314 2011 1415 2056 (lici.

29 2085 176 2126 Potest
198 2092 342 2126 autem
366 2097 564 2136 movere,
590 2081 813 2141 quomodo
836 2082 882 2125 in
912 2080 995 2125 illis
1016 2081 1212 2140 partibus
1232 2081 1420 2126 multum

30 2153 85 2197 ab
116 2154 290 2211 Scythia
319 2154 494 2198 diversis
518 2154 708 2213 potuerit
735 2169 826 2198 esse
856 2154 1117 2211 Scytharum
1145 2153 1308 2197 civitas.
1338 2154 1423 2198 Sed

30 2225 224 2270 similiter
248 2235 392 2285 potest
413 2241 588 2270 movere
606 2226 828 2285 quomodo
852 2234 940 2269 tam
965 2224 1096 2282 longe
1127 2241 1150 2268 a
1168 2223 1424 2269 Macedonia

30 2296 212 2341 Macedo
248 2296 492 2342 Alexander
538 2295 782 2340 condiderit
826 2293 1135 2340 Alexandriam
1173 2295 1390 2339 civitatem
1410 2317 1422 2352 3

30 2365 151 2426 quod
175 2366 325 2426 utique
348 2366 450 2411 fecit
467 2366 597 2424 longe
619 2365 793 2426 lateque
817 2364 1022 2408 bellando
1046 2384 1054 2408 ;
1080 2364 1139 2407 ita
1157 2364 1302 2419 etiam,
1324 2380 1424 2409 611111

35 2437 207 2494 Scythae
224 2436 460 2496 aliquando
483 2435 689 2480 bellando
711 2436 756 2478 in
778 2435 1017 2495 longinqua
1035 2434 1418 2494 progrederentur,

32 2506 156 2550 istam
175 2507 361 2550 condere
379 2515 633 2566 potuerunt.
650 2508 758 2550 Nam
775 2504 936 2564 legitur
955 2506 999 2548 in
1013 2505 1189 2549 historia
1205 2505 1418 2564 gentium,

84 2609 90 2624 ¹
111 2602 213 2634 Judic.
233 2613 254 2641 1,
271 2611 323 2634 τ),1,
347 2620 387 2624 —-
405 2609 417 2623 '²
434 2603 528 2633 Josn&
554 2613 606 2642 xv,
626 2602 682 2641 63,
702 2606 735 2633 61
756 2612 849 2642 xvnr,
867 2601 920 2633 28.
942 2619 979 2623 —
997 2599 1009 2623 3
1026 2601 1128 2633 Judic.
1144 2613 1165 2642 1,
1186 2612 1237 2643 27.
