1872 3267
421 182 502 219 578
851 191 883 218 S.
922 193 1149 219 Aucusnm
1183 192 1361 220 EPISCOPI

411 258 552 311 fieret,
574 259 666 300 «Et
687 256 888 301 excitavit
910 258 1118 301 Dominus
1143 257 1399 302 salvatorem
1418 257 1548 302 Israel
1566 256 1800 303 Gothoniel

416 347 437 370 η
472 327 610 372 filium
631 330 802 384 Cenez,
831 337 874 372 et
895 329 1073 373 salvavit
1089 345 1174 374 eos.
1200 348 1219 370 >›

921 439 989 488 QU
998 439 1156 479 AESTIO
1187 441 1290 479 XIX.

469 543 785 594 QUADRAOENTA
818 555 953 585 annos
996 541 1209 600 quievisse
1250 550 1410 585 terram
1445 541 1736 601 promissionis
1775 557 1799 586 a
1852 564 1854 566 ·

410 611 532 656 bellis
560 612 640 656 sub
667 610 926 656 G-othoniele
949 612 1104 655 Judice
1130 611 1348 670 Scriptura
1380 614 1585 656 testatur¹
1615 628 1624 653 t
1660 627 1800 672 quan-

412 691 507 727 tum
533 683 734 743 temporis
750 682 985 742 primordia
1005 682 1191 726 Romani
1214 682 1381 742 imperii
1403 683 1484 727 sub
1502 686 1644 728 Numa
1667 686 1800 727 Pom-

411 752 515 813 pilio
533 752 840 798 tantummodo
862 768 961 812 rege
977 762 1129 813 pacata
1151 753 1309 797 habere
1336 762 1590 813 potuerunt.

937 863 1173 913 QUAEsrio
1203 865 1290 903 xx.

468 969 618 1019 Qnfflnr
630 974 787 1025 potest,
803 974 953 1009 utrum
968 965 1177 1009 mentitus
1198 964 1330 1009 fuerit
1340 963 1435 1009 Aod
1447 966 1471 1009 J
1476 964 1604 1020 udex,
1621 964 1800 1025 quando
1865 986 1872 1006 ,x

411 1035 572 1081 occidit
599 1036 753 1095 Eglom
776 1052 920 1095 regem
943 1036 1088 1081 Moab.
1116 1038 1229 1081 Cum
1251 1036 1366 1080 enim
1389 1035 1504 1080 solus
1526 1035 1606 1080 soli
1630 1035 1800 1079 insidia·
1867 1070 1872 1078 .

412 1116 531 1151 retur
546 1117 597 1151 ut
613 1123 712 1151 eum
732 1115 976 1166 percuteret
993 1142 1003 1162 ‚
1023 1107 1107 1151 hoc
1120 1106 1182 1150 illi
1203 1107 1261 1150 ait
1279 1126 1287 1150 :
1318 1126 1337 1149 «
1357 1107 1552 1151 Verbum
1576 1105 1800 1151 occultum

1867 1122 1872 1145 t

413 1196 433 1218 »
469 1178 574 1220 mihi
594 1177 730 1221 estad
752 1187 815 1232 te,
838 1181 934 1220 rex‘2
957 1197 965 1221 :
990 1195 1009 1218 n
1032 1187 1082 1221 ut
1110 1176 1183 1221 itte
1200 1193 1224 1221 a
1245 1193 1288 1221 se
1312 1194 1460 1222 omnes
1489 1178 1564 1238 qui
1592 1193 1692 1222 cum
1723 1176 1799 1221 illo
1866 1199 1870 1217 ;

409 1247 583 1291 fuerant
601 1257 854 1292 removeret.
879 1248 1008 1300 Quod
1032 1264 1132 1291 cum
1155 1246 1320 1292 factum
1344 1257 1474 1302 esset,
1502 1249 1660 1291 iterum
1691 1247 1799 1290 dixit

408 1317 533 1362 Aod:
560 1338 580 1360 «
600 1318 794 1361 Verbum
821 1318 899 1362 Dei
922 1318 1028 1360 mihi
1063 1317 1117 1360 ad
1147 1327 1189 1361 te
1205 1352 1215 1371 ‚
1242 1318 1358 1360 rex3.
1380 1335 1400 1358 »
1430 1318 1514 1362 Sed
1536 1326 1679 1377 potest
1709 1333 1799 1361 non

411 1406 499 1434 esse
520 1389 795 1434 mendacium
807 1425 817 1444 ‚
836 1388 1190 1449 quandoquidem
1209 1389 1329 1433 verbi
1351 1389 1525 1432 nomine
1543 1388 1651 1432 solet
1669 1388 1799 1432 etiam

407 1462 574 1507 factum
592 1460 809 1522 appellare
835 1461 1053 1520 Scriptura
1077 1479 1085 1504 :
1111 1469 1154 1504 et
1181 1476 1328 1505 revera
1351 1461 1411 1504 ita
1434 1469 1539 1504 erat.
1566 1459 1697 1514 Quod
1718 1476 1798 1504 au-

409 1543 498 1577 tem
526 1532 635 1577 dixit
662 1552 671 1578 :
710 1532 949 1576 «Verbum
978 1531 1079 1586 Dei,
1109 1549 1129 1572 »
1156 1530 1491 1590 intelligendum
1526 1540 1589 1575 cst
1619 1531 1701 1575 hoc
1735 1530 1798 1574 illi

408 1608 548 1651 Deum
565 1614 615 1649 ut
636 1605 798 1649 faceret
820 1603 1073 1663 praecepisse
1090 1638 1100 1658 ‚
1122 1603 1197 1663 qui
1218 1618 1319 1646 eum
1345 1602 1510 1662 populo
1534 1618 1612 1647 suo
1635 1602 1797 1646 excita-

407 1685 528 1722 verat
545 1675 817 1731 salvatorem‚
838 1675 949 1719 sicut
964 1673 1048 1718 illis
1063 1674 1330 1733 temporibus
1354 1673 1456 1718 talia
1479 1674 1572 1718 fieri
1590 1672 1799 1719 divinitus

413 1747 657 1807 oportebat.

910 1852 1146 1903 QUAESTIO
1178 1853 1281 1891 xxi.

469 1962 641 2003 MEmTo
675 1956 907 2018 quaeritur,
943 1953 1164 2015 quomodo
1198 1952 1328 1997 fuerit
1357 1971 1377 1995 «
1407 1951 1538 1997 Exilis
1560 1951 1686 1997 valde
1723 1968 1796 1996 rex

412 2049 432 2071 »
448 2030 619 2088 Eglom,
632 2038 674 2072 et
691 2025 983 2072 concluserint
993 2025 1136 2085 adipes
1149 2024 1344 2079 vulnus⁴‚
1354 2023 1558 2084 »quando
1571 2039 1798 2084 percussus

404 2111 482 2146 est.
504 2101 587 2145 Sed
604 2097 936 2156 intelligendum
962 2106 1025 2140 est
1045 2111 1093 2139 ea
1115 2095 1338 2140 locutione
1361 2094 1547 2149 dictum,
1568 2110 1667 2154 quae
1690 2093 1798 2138 solet

404 2189 427 2217 a
454 2170 674 2216 contrario
702 2166 905 2225 intelligi,
939 2167 1050 2211 sicut
1074 2166 1233 2210 dicitur
1271 2165 1395 2209 lucus
1414 2200 1424 2220 ,
1463 2163 1585 2225 quod
1621 2164 1797 2208 minime

404 2243 548 2288 luceat
566 2263 576 2301 3
602 2251 644 2285 et
664 2239 887 2285 abundare
908 2236 1209 2297 respondetur,
1234 2234 1354 2296 quod
1376 2250 1465 2279 non
1483 2244 1570 2292 est3
1593 2244 1637 2278 et
1660 2234 1796 2278 bene—

405 2315 513 2359 dixit
534 2314 623 2373 regi
641 2349 651 2367 ‚
677 2328 756 2372 pro
772 2309 1009 2364 maledixit,
1031 2309 1141 2353 sicut
1157 2308 1367 2367 scriptum
1389 2315 1455 2350 est
1477 2307 1520 2350 in
1544 2309 1797 2365 Regnorum

405 2384 520 2430 libro
549 2384 603 2429 de
630 2383 878 2430 Nabuthefv.
910 2383 1020 2426 Nam
1044 2381 1090 2424 in
1117 2395 1166 2423 ea
1193 2377 1551 2438 interpretatione
1580 2393 1678 2437 quae
1706 2391 1796 2421 non

459 2489 467 2505 ¹
495 2482 598 2514 Judic.
626 2492 670 2522 in,
696 2492 744 2512 11.
769 2496 809 2501 —--
831 2476 945 2509 21bid.
969 2487 1020 2518 19·
1043 2493 1082 2498 —-
1103 2474 1115 2499 3
1134 2475 1216 2507 Ibid.
1238 2484 1290 2507 20.
1313 2491 1353 2496 —-
1372 2472 1388 2498 l*
1407 2473 1486 2506 Ibid.
1512 2485 1560 2516 17·
1580 2489 1622 2495 —-
1639 2470 1654 2496 5
1671 2473 1689 2504 3
1712 2476 1788 2514 ch.

410 2547 475 2580 xxi,
499 2550 548 2580 ιο,
572 2538 621 2570 ι3.
