1872 3267
335 236 600 274 QUAESTIONES
633 239 677 265 m
709 235 898 275 sumens,
937 239 1017 264 Lm.
1053 239 1130 265 vu.
1340 225 1423 264 567

40 304 161 365 quod
182 302 339 347 habuit
360 302 608 357 consilium,
634 302 694 345 ibi
720 301 884 346 monita
912 311 976 346 est
1006 311 1055 346 ut
1088 310 1254 361 peteret
1279 321 1287 346 ;
1309 318 1423 363 quo-

39 389 137 418 rum
153 372 335 418 alterum
354 373 414 417 ibi
428 372 593 417 dictum
613 380 691 427 est,
707 371 892 415 alterum
910 372 996 416 hic.
1015 373 1259 432 Utrumque
1276 381 1424 418 autem

39 445 98 489 ita
120 443 364 489 diceretur:
390 446 447 488 Et
470 441 699 487 consilium
719 442 875 487 habuit
896 458 998 487 cum
1021 457 1072 486 eo
1094 442 1240 487 dicens
1260 463 1269 488 ι
1295 462 1315 485 ι(
1340 447 1426 489 Pe-

43 534 63 557 »
98 524 188 559 tam
211 525 378 575 patrem
398 529 546 558 meum
569 529 721 573 agrum
740 533 749 559 :
771 512 843 557 ille
872 523 1019 558 autem
1039 514 1212 558 monuit
1234 529 1329 558 eam
1349 534 1358 559 :
1383 524 1428 561 et

43 604 62 628 »
98 585 354 630 exclamavit
384 584 439 629 de
474 584 608 629 asino.
638 603 658 626 »
691 588 825 629 Porro
856 594 1002 629 autem
1031 583 1154 645 quod
1184 584 1243 628 ibi
1274 601 1428 645 agrum

38 653 225 701 refertur
246 656 433 716 petiisse,
455 671 536 700 nec
559 670 721 700 nomen
743 655 877 715 ipsius
910 656 999 714 agri
1030 655 1210 699 tacitum
1241 664 1331 701 est:
1356 656 1428 701 hic

38 742 141 772 vero
168 742 269 771 cum
303 742 457 786 agrum
489 735 637 786 petere
667 727 832 771 monita
867 725 1002 770 fuerit
1029 741 1053 770 a
1082 725 1177 770 viro
1209 741 1312 782 suo,
1337 742 1430 772 non

38 813 190 856 agrum
217 797 388 857 petiisse
415 796 596 852 dicitur,
626 816 646 839 «
669 796 872 842 Clamans
900 796 955 841 de
983 795 1220 858 subjugali,
1256 815 1277 838 »
1307 797 1430 858 quod

38 869 99 913 ibi
121 869 287 913 dictum
307 878 370 913 est
385 868 440 913 de
463 869 599 924 asino,
619 868 711 924 sed,
741 888 761 911 «
783 868 1147 929 Redemptionem
1170 884 1312 929 aquae,
1333 887 1353 910 »
1377 884 1429 914 eo

36 939 158 1001 quod
177 941 222 984 in
239 950 398 985 terram
417 941 563 985 Austri
586 939 736 985 fuisset
755 938 913 985 tradita
932 962 943 998 3
973 940 1246 1001 subjecitque
1281 940 1428 1000 Scrip-

37 1020 150 1066 tura,
174 1014 266 1056 «Et
278 1010 400 1055 dedit
417 1011 455 1055 ei
473 1010 608 1056 Caleb
625 1009 871 1056 secundum
888 1026 962 1056 cor
977 1012 1069 1072 ejus
1082 1010 1431 1071 redemptionem

39 1101 60 1125 »
95 1082 365 1127 excelsorum
395 1092 439 1127 et
472 1082 819 1143 redemptionem
853 1083 1086 1128 humilium
1112 1102 1120 1128 :
1149 1101 1170 1124 >›
1203 1083 1312 1143 quid
1347 1083 1430 1128 sibi

34 1153 142 1199 velit
164 1154 402 1199 obscurum
434 1163 524 1209 est,
550 1154 631 1198 nisi
663 1152 777 1198 forte
812 1169 913 1213 ager
942 1154 1034 1214 ipse
1058 1153 1158 1198 idco
1180 1154 1431 1214 petebatur,

34 1235 85 1270 ut
106 1224 289 1269 haberet
317 1224 372 1269 de
394 1223 609 1270 fructibus
632 1225 723 1285 ejus
746 1224 864 1269 unde
887 1241 1045 1286 aquam
1068 1224 1321 1281 redimeret,
1347 1241 1429 1270 cu-

28 1298 100 1358 jus
117 1296 265 1356 inopia
293 1296 339 1340 in
365 1295 449 1340 illis
479 1296 730 1354 regionibus
757 1305 870 1351 erat,
895 1312 984 1357 quo
1006 1305 1145 1356 nupta
1166 1295 1425 1341 ducebatur.

39 1386 60 1410 «
91 1364 322 1412 Sed‘dedit
351 1367 387 1410 ei
419 1365 555 1411 Caleb
586 1366 933 1426 redemptionem
969 1366 1259 1422 excelsorum,
1287 1377 1330 1412 et
1360 1384 1429 1412 re-

37 1456 58 1480 »
93 1436 393 1497 demptionem
410 1436 667 1481 humilium:
688 1455 707 1478 ³)
721 1453 810 1481 non
825 1437 952 1482 video
972 1437 1080 1498 quid
1095 1438 1424 1496 subaudiamus,

33 1509 116 1554 nisi
136 1510 420 1563 fluentorum,
443 1508 713 1553 excelsorum
734 1507 940 1553 videlicet
961 1510 1008 1554 in
1029 1511 1262 1567 montanis,
1286 1511 1430 1556 humi-

30 1580 140 1626 lium
163 1582 209 1625 in
232 1581 549 1641 campestribus
571 1580 660 1625 sive
681 1581 728 1624 in
743 1579 946 1626 vallibus.

569 1687 806 1737 QUAESTIO
837 1690 886 1728 V.

99 1811 118 1833 «
140 1793 204 1835 ET
232 1806 321 1835 non
337 1790 613 1835 haereditavit
636 1790 770 1834 Judas
794 1792 974 1846 Gazam,
1005 1799 1048 1834 et
1076 1791 1209 1836 finem
1233 1793 1323 1854 ejus
1341 1830 1352 1851 ‚
1384 1805 1428 1841 et

37 1882 56 1904 »
91 1861 348 1906 Ascalonem
371 1870 414 1905 et
436 1862 568 1904 finem
595 1862 711 1922 ejus,
738 1870 781 1904 et
804 1863 999 1905 Accaron
1020 1871 1063 1906 et
1085 1862 1215 1907 finem
1241 1865 1331 1924 ejus
1346 1901 1357 1922 ‚
1384 1876 1427 1911 et

34 1953 55 1976 n
90 1937 277 1979 Azotum
299 1942 342 1977 et
364 1932 603 1994 adjacentia
617 1934 722 1994 ejus.
749 1936 806 1977 Et
828 1943 920 1978 erat
938 1934 1149 1978 Dominus
1171 1951 1271 1980 cum
1289 1939 1313 1980 J
1318 1936 1421 1994 uda,

33 2024 54 2047 »
91 2015 134 2050 et
153 2004 428 2049 haereditavit
457 2014 652 2049 montem
669 2041 680 2060 ‚
716 2005 926 2066 quoniam
956 2021 1045 2050 non
1069 2007 1212 2066 potuit
1233 2008 1424 2053 haeredi-

33 2094 54 2118 »
88 2086 181 2121 tare
196 2076 491 2120 inhabitantes
508 2076 554 2120 in
573 2076 701 2132 valle:
727 2077 936 2138 quoniam
959 2078 1138 2123 Rechab
1162 2078 1332 2125 obstitit
1344 2081 1421 2139 eis,

32 2164 53 2188 >›
89 2155 131 2190 et
154 2163 305 2191 currus
326 2155 449 2190 erant
471 2147 528 2190 eis
557 2145 725 2191 ferrei1.
753 2166 772 2188 »
799 2147 929 2202 Quod
954 2148 999 2192 in
1028 2148 1141 2194 libro
1161 2152 1263 2194 Jesu
1280 2153 1420 2209 Nave,

28 2233 127 2262 cum
150 2217 275 2262 illum
290 2218 436 2263 locum
450 2222 722 2273 tractarem²‚
737 2218 815 2262 ubi
837 2219 1046 2279 scriptum
1065 2229 1128 2264 est
1146 2240 1154 2264 :
1181 2240 1199 2262 «
1220 2223 1277 2265 Et
1302 2221 1426 2268 dedit

33 2308 51 2330 »
87 2289 296 2333 Dominus
321 2289 468 2333 Isra'e'li
491 2304 666 2334 omnem
683 2298 859 2345 terram,
877 2307 977 2335 cum
994 2291 1152 2336 multas
1175 2293 1264 2353 ejus
1279 2303 1422 2353 partes

31 2377 51 2400 »
87 2359 284 2404 nondum
312 2359 628 2420 possiderent3,
656 2379 675 2401 »
703 2359 791 2404 dixi
813 2361 870 2405 ita
892 2378 1016 2422 posse
1038 2362 1223 2421 intelligi
1246 2380 1422 2409 omnem

29 2439 191 2475 terram*
209 2430 371 2487 datam,
389 2433 489 2493 quia
509 2448 557 2476 ea
581 2449 679 2493 quae
701 2432 801 2477 data
823 2450 913 2479 non
935 2444 998 2479 est
1020 2435 1065 2479 in
1089 2436 1417 2496 possessionem,

75 2535 82 2551 ¹
104 2529 205 2561 sudio
227 2541 255 2570 1,
291 2530 340 2561 18.
363 2548 402 2552 —
424 2537 436 2551 2
461 2530 530 2561 Lib.
552 2541 594 2565 u,
614 2530 808 2567 Quaestione<
831 2532 860 2563 in
885 2534 979 2562 huuc·—
998 2538 1109 2575 qnmst.
1131 2545 1197 2565 xm.
1220 2552 1261 2558 —-
1294 2533 1306 2557 3
1323 2537 1419 2567 Josuifl

27 2596 92 2617 xxi.
116 2585 169 2626 ‘'2¹-
