1872 3267
405 223 664 252 Loco'HONES
698 225 751 250 nr.
784 225 956 261 efflusi,
994 225 1074 250 Lm.
1115 226 1142 249 1.
1416 211 1479 249 15¹

76 293 203 337 ctiam
229 291 429 335 mulieres
443 288 681 350 appellatas
700 288 923 334 locutione
940 289 1148 333 hebraica
1162 303 1261 348 quae
1283 286 1469 346 virgines

73 372 230 408 essent.

131 436 395 478 LXXXVII.
426 452 446 475 «
477 435 534 477 Et
555 430 758 476 benedixi
780 431 1017 475 Dominum
1042 433 1184 474 Deum
1200 428 1366 473 domini
1385 428 1472 472 mei

74 524 95 547 ›>
121 505 372 551 Abraham¹
403 524 411 549 :
449 522 469 545 η
512 502 861 548 honorificentia*
893 501 1059 546 locutio
1093 509 1182 555 est,
1211 508 1255 544 et
1281 498 1472 544 familia-

72 576 236 621 rissima
257 575 489 634 Scripturis
503 610 514 630 ,
536 574 647 618 sicut
670 577 784 618 Deus
803 571 956 617 Helie-e.

130 648 421 690 LXXXVIII.
451 665 473 689 «
503 645 771 690 Renuntiate
800 644 907 688 mihi
929 651 979 687 ut
1007 641 1182 686 redeam
1210 642 1255 686 in
1276 640 1474 687 dextram

73 736 95 761 »
121 729 197 764 aut
223 719 472 763 sinistram²
504 737 514 762 :
544 736 565 759 )›
595 733 675 778 per
704 717 901 761 dextram
929 714 1285 776 prosperitatem,
1310 727 1388 773 per
1415 711 1473 756 si-

70 790 250 835 nistram
279 789 582 835 adversitatem
613 787 885 848 significavit,
910 786 958 830 in
979 794 1060 841 est,
1081 784 1280 829 dextram
1305 783 1339 828 si
1363 799 1472 828 con-

71 861 302 917 cesserint,
334 861 549 905 sinistram
571 875 661 904 non
687 860 720 903 si
751 857 1072 915 concesserint,
1103 871 1206 901 nam
1236 855 1392 916 utique
1419 870 1472 899 ea

69 933 138 978 via
158 931 376 977 rediturus
394 931 536 976 fuerat
556 947 642 992 qua
659 933 840 975 venerat
858 949 867 975 z
888 944 1021 990 quam
1035 927 1307 972 locutionem
1328 926 1474 986 Scrip-

68 1013 267 1048 turarum
284 1003 414 1048 etiam
429 1012 586 1048 caetera
599 1017 750 1046 earum
767 1000 865 1045 loca
889 999 1180 1044 indicabunt:
1202 998 1305 1058 quia
1321 996 1472 1041 dextra

69 1074 320 1119 nominatur
356 1074 403 1118 in
419 1073 625 1119 omnibus
647 1071 795 1127 bonis,
822 1070 995 1116 sinistra
1018 1070 1064 1113 in
1078 1068 1201 1113 malis
1230 1068 1318 1113 sive
1334 1066 1473 1113 felici-

69 1155 133 1190 tas
144 1155 187 1190 et
206 1145 451 1202 infelicitas,
468 1144 744 1206 sivejustitia,
760 1152 803 1186 et
814 1142 1045 1203 injustitia,
1057 1151 1101 1187 et
1115 1139 1354 1202 aliquando
1371 1139 1473 1185 dex-

0 1275 2 1279 ?
70 1225 134 1261 tra
155 1217 200 1261 in
217 1217 412 1272 aeternis,
435 1216 606 1261 sinistra
623 1215 671 1259 in
692 1212 1024 1274 temporalibus.

127 1290 371 1333 LXXXIX.
402 1307 423 1330 «
448 1290 553 1332 Haec
571 1295 674 1331 sunt
695 1286 874 1331 nomina
896 1285 1092 1330 filiorum
1123 1283 1282 1330 Ismael
1316 1299 1473 1329 secun-1

71 1378 92 1401 »
117 1359 223 1405 dum
239 1359 415 1404 nomina
431 1358 763 1418 generationum
776 1372 929 1402 eorum
943 1359 959 1383 3
979 1375 987 1401 :
1009 1366 1257 1417 »tanquam
1275 1355 1468 1412 dixisset,

0 1426 3 1474 ἐ
70 1448 93 1473 »
130 1431 381 1476 Secundum
402 1445 502 1491 quae
524 1429 704 1475 nomina
728 1428 1036 1490 generationes
1065 1443 1219 1494 eorum
1241 1426 1471 1488 appellatae

67 1511 186 1546 sunt.

125 1574 219 1618 XC.
250 1571 470 1632 «Accepit
498 1571 745 1616 Rebeccam
779 1570 915 1615 filiam
949 1569 1136 1615 Bathuel
1166 1570 1262 1628 Syri
1295 1568 1351 1614 de
1371 1572 1468 1615 Me-

70 1661 92 1686 »
126 1643 389 1704 sopotamia,
420 1658 612 1688 sororem
643 1642 796 1687 Laban
831 1641 950 1700 Syri,
987 1641 1069 1685 sibi
1100 1641 1148 1685 in
1175 1642 1410 1697 uxorem4,
1443 1660 1464 1683 »

67 1730 170 1760 cum
191 1724 336 1776 posset
378 1715 464 1760 dici
496 1713 805 1759 tantummodo
832 1732 853 1756 «
891 1715 1103 1770 Uxorem,
1139 1722 1213 1758 aut
1243 1713 1325 1759 sihi
1357 1728 1468 1759 uxo-

69 1800 174 1830 rem.
205 1804 226 1827 »

125 1858 241 1902 XCI.
272 1875 292 1899 «
313 1858 372 1901 Et
389 1856 428 1899 ei
446 1865 569 1900 erant
586 1855 746 1914 gemini
768 1855 816 1899 in
838 1863 968 1900 utero
985 1857 1078 1916 ejus
1092 1857 1107 1882 ⁵
1135 1875 1143 1902 :
1163 1874 1183 1897 ν)
1203 1871 1304 1901 cum
1322 1866 1468 1916 posset

8 1920 9 1991 f
67 1943 158 1973 non
175 1927 276 1972 addi
297 1927 417 1988 quod
438 1926 604 1971 dictum
625 1936 715 1983 est,
741 1947 760 1969 «
781 1927 925 1987 ejus.»

125 2000 266 2043 XCII.
297 2017 318 2041 «
341 2001 586 2044 Creverunt
609 2006 754 2042 autem
772 1998 985 2058 juvenes6
1008 2016 1017 2043 z
1046 2016 1067 2039 »
1087 2001 1166 2042 Est
1181 1997 1277 2043 talis
1297 1998 1464 2044 locutio

68 2079 112 2115 et
128 2070 246 2130 apud
268 2079 464 2114 auctores
482 2067 711 2114 saeculares
726 2104 736 2124 ,
762 2069 887 2113 sicuti
907 2079 972 2114 est
993 2089 1002 2114 :
1023 2072 1121 2127 «Et
1143 2079 1265 2114 scuta
1287 2069 1466 2116 latentia

71 2160 93 2184 »
112 2141 331 2186 condunt⁷
350 2161 359 2186 z
379 2160 399 2182 »
416 2140 464 2185 id
480 2150 559 2197 est,
576 2139 810 2186 condendo
824 2139 1007 2185 latentia
1027 2139 1212 2186 faciunt.
1233 2142 1301 2187 Sic
1318 2142 1461 2198 ethic,

72 2232 94 2258 (t
116 2216 359 2260 Creverunt
384 2215 583 2274 juvenes,
612 2232 633 2255 »
658 2229 761 2257 cum
789 2212 980 2258 infantes
1005 2223 1162 2270 essent,
1186 2213 1461 2274 intelligitur,

68 2285 300 2330 crescendo
320 2284 424 2345 facti
444 2293 545 2329 sunt
560 2286 760 2345 juvenes.

125 2359 288 2402 XCIII.
310 2357 446 2401 Jacob
467 2356 523 2400 ad
537 2357 654 2401 Esaii
677 2375 686 2400 ε
717 2375 738 2398 «
762 2354 916 2400 Vende
938 2354 1045 2400 mihi
1078 2355 1208 2400 hodie
1239 2356 1461 2416 primoge-

72 2445 94 2469 »
114 2429 203 2473 nita
228 2437 301 2473 tua
329 2428 488 2473 mihiSst.
515 2449 536 2472 »
559 2427 620 2472 sic
637 2427 753 2471 enim
770 2427 933 2472 habent
949 2426 1118 2472 codices
1136 2428 1280 2486 graeci.

119 2531 127 2545 ¹
149 2526 230 2556 Gen.
249 2522 413 2566 xx1v‚48.
448 2540 490 2546 -
510 2530 523 2545 ²
549 2522 630 2555 Ibid.
658 2520 713 2565 49.
733 2540 776 2545 -
808 2520 821 2544 3
852 2523 899 2555 Id.
921 2533 996 2564 xxv,
1029 2522 1079 2554 13.
1102 2539 1144 2545 —
1174 2521 1189 2552 4
1225 2521 1307 2555 Ibid.
1334 2531 1388 2557 20.
1420 2539 1462 2546 -

71 2576 86 2602 5
111 2578 190 2611 Ibid.
214 2579 268 2620 24.
284 2596 327 2603 ·-
351 2577 366 2602 ⁶
384 2579 468 2612 Ibid.
488 2588 542 2621 27.
562 2595 604 2602 —-
622 2585 636 2611 7
655 2579 742 2620 Virg.
761 2578 884 2611 AEneid.
911 2590 954 2611 111.
975 2594 1018 2601 *—-
1032 2576 1047 2601 8
1065 2580 1145 2611 Gen.
1162 2589 1239 2621 xxv,
1257 2577 1309 2611 31.
