1872 3267
436 232 521 272 460
866 243 899 273 S.
936 244 1164 274 Auens'rrm
1197 246 1378 274 Emscom

434 309 688 371 Apostolus,
712 329 733 352 «
755 310 961 370 Spiritum
984 311 1117 356 nolite
1138 312 1427 371 extinguere¹.
1450 331 1470 354 »
1497 327 1597 359 cum
1620 313 1813 372 extingui

436 382 507 427 ille
529 397 618 426 non
640 382 786 441 possit.
813 383 921 426 Nam
942 383 976 426 si
998 397 1048 426 ex
1068 383 1152 427 hoe
1175 382 1507 428 tabernaculum
1539 383 1814 428 immundum

436 453 603 497 sactum
623 452 753 496 vellet
773 451 982 512 intelligi,
1007 453 1208 498 mundari
1226 454 1377 514 utique
1392 455 1582 515 juberet.

495 526 574 568 XI.
598 527 749 568 Postea
766 539 868 568 vcro
891 524 1138 569 immundos
1161 541 1184 569 a
1212 526 1394 570 mortuis
1417 524 1579 582 factos,
1604 526 1688 571 hoc
1710 535 1774 570 est
1794 542 1816 571 a

436 595 617 640 mortuis
638 594 863 655 operibus,
891 611 988 655 quae
1007 605 1109 640 sunt
1131 611 1279 640 omnes
1302 596 1551 657 iniquitates
1569 632 1579 652 ,
1605 598 1664 641 ita
1686 611 1818 641 mun-

436 666 528 711 dari
540 667 670 727 jubet
691 685 699 711 :
729 686 749 708 «
774 669 831 711 Et
851 667 1064 726 accipient
1085 666 1148 710 illi
1169 667 1419 723 immundo,
1445 667 1614 728 inquit,
1636 684 1658 712 a
1676 668 1819 712 cinere

438 756 459 779 »
493 737 607 781 illius
626 746 785 781 exustae
803 737 1128 796 purificationis,
1151 746 1193 781 et
1217 738 1447 782 effundent
1469 753 1598 797 super
1618 738 1759 793 illum,
1776 737 1821 783 id

438 827 459 849 »
495 817 573 862 est,
589 823 718 867 super
730 807 933 851 eumdem
946 808 1150 863 cinerem,
1171 824 1330 868 aquam
1345 809 1485 853 vivam
1498 808 1543 852 in
1554 824 1652 854 vase
1673 829 1681 854 z
1698 818 1741 853 et
1755 818 1832 870 «εις-ξ

439 897 460 920 »
495 879 658 938 cipiens
672 879 910 938 hyssopum
922 878 1172 937 intinguens
1189 879 1234 923 in
1252 895 1364 940 aqua
1380 880 1446 923 vir
1463 879 1670 935 mundus,
1688 889 1730 924 et
1743 880 1821 924 cir-

438 968 460 992 »
495 965 826 1010 cumaspergens
839 966 968 1010 super
982 950 1179 1006 domum,
1197 959 1240 995 et
1254 966 1382 1010 super
1395 966 1511 1006 vasa,
1532 960 1575 995 et
1589 967 1718 1011 super
1730 951 1823 995 ani-

440 1040 459 1062 »
496 1036 600 1076 mas,
622 1029 842 1081 quotquot
863 1018 1026 1064 suerint
1046 1019 1134 1065 illic
1151 1056 1162 1075 ,
1187 1029 1230 1064 et
1246 1036 1374 1080 super
1396 1036 1519 1077 eum,
1537 1021 1613 1081 qui
1636 1021 1824 1080 tetigerit

441 1110 461 1133 »
496 1107 542 1136 os
563 1093 823 1147 humanum,
849 1101 924 1136 aut
944 1090 1246 1147 vulneratum,
1267 1101 1342 1137 aut
1363 1101 1604 1148 mortuum,
1630 1101 1705 1136 aut
1725 1108 1823 1136 mo-

441 1183 461 1206 »
499 1173 782 1219 numentum,
816 1173 860 1208 et
886 1174 1082 1223 asperget
1108 1164 1299 1209 mundus
1328 1179 1457 1224 super
1481 1163 1758 1208 immundum
1782 1164 1830 1239 ini
1863 1196 1866 1203 ·

441 1253 462 1276 »
498 1235 567 1278 die
591 1235 718 1279 tertio
748 1244 791 1279 et
819 1235 865 1278 in
894 1234 964 1278 die
993 1234 1176 1294 septimo
1203 1253 1212 1279 z
1245 1243 1287 1279 et
1308 1234 1612 1295 purificabitur
1633 1234 1705 1278 die
1727 1248 1823 1293 sep-

442 1324 462 1346 »
497 1305 604 1348 timo
621 1340 632 1360 ,
653 1314 696 1349 et
717 1304 881 1349 lavabit
900 1305 1155 1350 vestimenta
1178 1320 1253 1349 sua
1271 1340 1282 1360 ,
1307 1314 1350 1349 et
1375 1304 1592 1350 lavabitur
1620 1320 1731 1365 aqua
1746 1340 1758 1360 ‚
1783 1313 1824 1349 et

441 1395 460 1417 >›
498 1377 749 1421 immundus
771 1376 850 1420 erit
875 1392 1013 1437 usquc
1034 1376 1088 1420 ad
1104 1391 1325 1436 vesperam
1341 1380 1372 1421 2.
1389 1395 1409 1417 »
1428 1376 1523 1421 Alia
1545 1386 1610 1420 est
1632 1392 1743 1436 aqua
1759 1391 1824 1420 as-

440 1447 671 1507 persionis,
699 1456 742 1491 et
769 1446 851 1491 alia
871 1448 1024 1507 utique
1046 1446 1119 1491 illa
1148 1463 1234 1507 qua
1255 1446 1418 1492 lavabit
1445 1447 1701 1491 vestimenta
1731 1462 1822 1491 sua.

445 1537 465 1560 «
499 1521 556 1562 Et
576 1517 789 1563 lavabitur
818 1534 929 1578 aqua
946 1553 956 1572 ,
981 1536 1000 1558 »
1032 1532 1164 1578 quam
1187 1526 1293 1577 puto
1316 1516 1551 1577 spiritalem
1574 1517 1828 1592 intelligeii-4

441 1587 568 1643 dam,
604 1603 681 1647 per
709 1588 1092 1646 significationem,
1127 1603 1217 1632 non
1249 1603 1325 1648 per
1359 1588 1685 1647 proprietatem.
1718 1591 1828 1655 Nam]

441 1660 533 1703 sine
551 1658 685 1704 dubio
699 1658 880 1704 visibilis
898 1669 990 1703 erat
1005 1694 1015 1714 ,
1039 1660 1150 1703 sicut
1172 1659 1258 1703 illae
1291 1674 1440 1703 omnes
1462 1659 1631 1703 umbrae
1653 1658 1828 1719 futuro-5

443 1748 555 1776 rum.
588 1731 775 1776 Proinde
811 1732 886 1791 qui
920 1740 1191 1776 sacramento
1228 1731 1431 1790 baptismi
1465 1741 1580 1775 recte
1611 1721 1827 1787 abluitur,

443 1803 563 1864 quod
585 1802 657 1846 illa
680 1802 934 1862 aspersionis
963 1818 1074 1861 aqua
1098 1802 1384 1860 figurabatur,
1412 1801 1648 1846 mundatur
1674 1812 1717 1846 et
1743 1803 1822 1862 spi-

444 1874 639 1929 ritaliter,
664 1873 708 1917 id
731 1883 820 1928 est,
847 1872 1134 1927 invisibiliter,
1162 1882 1204 1916 et
1226 1872 1269 1916 in
1300 1888 1428 1916 carne
1450 1882 1492 1917 et
1515 1873 1556 1917 in
1588 1873 1727 1917 anima
1744 1909 1754 1927 ,
1780 1883 1821 1918 ut

443 1947 496 1989 sit
512 1944 702 1988 mundus
725 1954 767 1988 et
784 1960 964 2003 corpore
986 1953 1029 1988 et
1051 1944 1218 2003 spiritu.
1246 1943 1375 1996 Quod
1396 1958 1498 1988 vero
1516 1944 1703 2003 hyssopo
1720 1943 1820 1989 dixin

445 2031 602 2076 aquam
620 2015 872 2073 aspersionis
887 2014 1070 2074 aspergi,
1088 2029 1173 2074 qua
1191 2013 1326 2058 herba
1344 2029 1473 2073 supra
1495 2012 1679 2058 diximus
1696 2014 1820 2059 fidem

444 2085 698 2144 significari,
728 2083 835 2145 quid
863 2084 982 2128 aliud
1005 2084 1218 2139 occurrit,
1245 2084 1325 2128 nisi
1351 2083 1471 2144 quod
1499 2084 1707 2144 scriptum
1730 2094 1794 2128 est
1815 2105 1819 2128 :

449 2177 469 2198 «
505 2156 612 2199 Fide
634 2154 850 2199 mundans
864 2153 994 2199 corda
1012 2155 1224 2198 eorum3?
1244 2172 1263 2195 »
1284 2156 1381 2199 Non
1398 2154 1511 2198 enim
1534 2154 1710 2213 prodest
1726 2155 1819 2214 bap

449 2227 596 2270 tismus
613 2262 623 2281 ,
649 2226 681 2269 si
704 2226 812 2269 desit
830 2225 949 2269 fides.
970 2228 1006 2270 A
1022 2225 1113 2269 viro
1127 2233 1273 2269 autem
1290 2223 1457 2268 mundo
1482 2224 1589 2268 dixit
1610 2225 1693 2269 hoc
1717 2224 1823 2279 fieris

446 2298 522 2342 ubi
540 2297 838 2356 significantur
857 2296 1039 2340 ministri
1054 2305 1276 2356 portantes
1298 2310 1526 2354 personam
1550 2295 1722 2339 Domini
1744 2295 1822 2339 sui.¹

447 2368 521 2428 qui
543 2383 643 2412 vere
666 2367 730 2411 vir
755 2365 945 2410 mundus
967 2375 1044 2410 est.
1073 2369 1183 2411 Nam
1205 2375 1249 2410 et
1269 2365 1323 2409 de
1345 2365 1410 2409 his
1429 2365 1633 2409 ministris
1656 2366 1699 2409 in
1722 2381 1817 2410 con·

449 2438 728 2498 sequentibus
751 2437 856 2482 dicit
876 2457 883 2482 :
915 2457 934 2479 «
954 2440 1011 2481 Et
1027 2438 1104 2498 qui
1127 2438 1487 2497 circumasperget
1503 2453 1659 2498 aquam
1683 2454 1822 2498 asper·I
1851 2427 1861 2442 '³

455 2529 473 2548 »
505 2508 633 2552 sionis
652 2543 662 2560 ,
687 2507 847 2553 lavabit
868 2508 1122 2553 vestimenta
1153 2524 1228 2552 sua
1244 2543 1254 2563 ,
1282 2526 1303 2549 »
1334 2506 1379 2552 id
1409 2517 1496 2563 est,
1521 2508 1767 2553 observabit
1788 2522 1821 2552 ev

1818 2578 1820 2592 .

500 2600 507 2615 ¹
533 2605 544 2624 1
572 2593 709 2625 Thessal.
733 2605 766 2634 v,
790 2605 838 2636 ¹9·
866 2610 907 2617 —-
927 2600 940 2616 ²
959 2595 1050 2627 Num.
1077 2604 1147 2636 mx,
1166 2604 1271 2636 17-19.
1293 2610 1334 2617 --
1351 2591 1364 2616 3
1379 2597 1453 2628 Act.
1473 2605 1528 2636 xv,
1552 2606 1585 2636 9.
