1872 3267
289 187 556 227 QUAEs'rioNEs
589 191 633 217 nv
667 189 1072 225 nntirnnoxomum,
1109 189 1190 216 Lm.
1227 190 1269 217 v.
1386 177 1467 215 517

83 264 233 299 rantur
250 257 262 282 ¹
281 255 346 299 his
362 255 590 315 praeceptis
608 290 618 310 ,
639 264 682 298 et
703 269 892 315 quorum
917 256 1004 312 agri
1021 263 1144 309 sunt,
1162 263 1211 299 ut
1228 253 1469 298 misericor-

81 324 194 370 diter
215 341 264 370 ea
290 325 560 387 relinquant,
586 334 628 369 et
650 326 725 386 qui
749 324 992 384 indigentes
1015 341 1104 370 non
1137 334 1265 380 sunt,
1290 334 1341 369 ut
1367 323 1468 369 inde

80 412 124 442 se
152 397 397 442 abstineant
422 414 431 439 :
456 396 634 458 quando
653 406 890 458 utrumque
913 396 1087 452 dicitur,
1112 406 1156 442 et
1176 413 1200 441 a
1216 396 1377 458 quibus
1399 395 1468 440 di-

80 467 292 513 mittenda
311 469 418 525 sint,
444 478 488 513 et
504 468 667 530 quibus
690 467 950 513 dimittenda
969 468 1068 512 sint.

584 554 822 604 QUAEsrlo
855 555 973 594 XLV.

141 664 161 687 «
189 647 233 690 S1
257 654 401 689 autem
432 644 562 689 fuerit
592 643 814 689 altercatio
842 645 956 688 inter
983 642 1181 688 homines
1198 677 1208 697 ,
1249 651 1291 686 et
1323 657 1469 686 acces-

81 733 101 756 »
136 715 269 759 serint
301 714 355 759 ad
377 715 615 775 judicium,
648 725 691 760 et
717 714 1036 776 judicaverint,
1075 723 1119 758 et
1139 713 1471 774 justificaverint

81 804 100 827 »
131 787 298 846 justum
314 789 345 829 ².
371 804 390 827 »
420 785 594 830 Judices
621 785 896 844 intelligendi
916 794 1018 829 sunt
1042 783 1238 845 judicare
1255 819 1265 839 ,
1293 799 1383 828 non
1405 782 1467 827 illi

76 857 152 918 qui
168 858 271 902 dicti
290 867 391 902 sunt
409 857 732 902 altercationem
751 857 927 901 habere.
947 855 1114 901 Deinde
1131 856 1350 917 sequitur:
1374 875 1394 898 «
1413 857 1470 899 Et

80 948 99 970 »
134 928 494 989 reprehenderint
517 929 712 988 impium.
735 932 792 972 Et
810 928 909 972 erit:
932 928 966 972 si
985 926 1142 986 dignus
1160 927 1293 971 fuerit
1313 926 1465 985 plagis,

80 1018 100 1041 »
136 1000 212 1060 qui
234 999 366 1059 impie
389 999 504 1058 agit,
532 999 768 1044 constitues
791 1014 892 1043 eum
914 999 959 1042 in
981 1006 1217 1057 conspectu
1242 996 1468 1057 judicum,

79 1089 99 1111 »
134 1079 177 1114 et
210 1069 492 1128 flagellabunt
528 1085 629 1114 eum
669 1078 769 1113 ante
808 1085 851 1113 se
868 1105 878 1124 ³
916 1068 1158 1113 secundum
1198 1068 1467 1128 impietatem

78 1161 96 1183 »
134 1143 224 1202 ejus
254 1162 261 1186 :
287 1157 472 1186 numero
495 1141 781 1202 quadraginta
804 1139 1093 1199 flagellabunt
1115 1156 1216 1184 eum
1237 1162 1248 1198 3
1278 1156 1368 1184 non
1390 1155 1470 1200 ap-

77 1233 96 1255 »
131 1223 311 1273 ponent.
339 1215 379 1258 Si
397 1223 544 1257 autem
563 1213 844 1273 apposuerint
873 1212 1094 1272 flagellare
1116 1228 1217 1257 eum
1240 1228 1370 1273 super
1391 1213 1467 1256 has

76 1304 96 1326 »
132 1284 277 1344 plagas
310 1284 476 1344 plures,
515 1283 823 1344 deturpabitur
844 1282 976 1328 frater
1009 1293 1111 1328 tuus
1141 1298 1289 1328 coram
1320 1284 1411 1327 te3.
1442 1302 1463 1324 »

74 1355 211 1400 Valde
229 1355 544 1400 advertendum
562 1365 640 1410 est,
656 1354 776 1416 quod
791 1370 892 1399 cum
910 1370 957 1398 ea
973 1363 1150 1414 peccata
1171 1354 1306 1414 plagis
1325 1370 1468 1398 emen--

74 1425 217 1470 danda
239 1426 522 1486 praeceperit,
554 1441 653 1486 quae
688 1425 819 1484 digna
842 1441 931 1469 non
955 1435 1057 1469 sunt
1079 1425 1230 1469 mortis
1254 1424 1468 1485 supplicio

73 1496 310 1551 vindicari,
337 1506 380 1540 et
401 1497 483 1540 hoc
506 1506 592 1540 tam
615 1496 764 1555 paucis
787 1495 947 1554 plagis,
979 1511 1081 1539 eum
1103 1505 1251 1539 tamen
1273 1495 1349 1556 qui
1382 1512 1470 1540 cae-

73 1566 207 1618 ditur,
226 1566 457 1627 appellavit
473 1566 655 1626 impium
668 1565 737 1609 vel
749 1565 880 1625 impie
897 1575 1097 1625 agentem
1112 1586 1120 1610 :
1138 1575 1188 1610 ut
1202 1566 1468 1621 noverimus,

73 1653 163 1682 non
180 1637 291 1681 sicut
308 1638 485 1696 plurimi
504 1637 764 1697 loquuntur,
783 1636 950 1681 locutas
967 1652 1057 1681 esse
1074 1637 1340 1696 Scripturas,
1363 1652 1472 1697 quas

72 1709 328 1753 incuriosius
358 1708 558 1768 legimus,
595 1724 695 1752 cum
726 1717 932 1768 putamus
966 1707 1232 1753 adulterium
1264 1724 1354 1752 non
1384 1723 1473 1752 esse

73 1780 338 1839 impietatem
356 1815 366 1834 ,
392 1779 495 1839 quia
521 1779 566 1822 in
589 1779 813 1822 hominem
834 1778 1009 1823 videtur
1039 1794 1238 1838 peccasse
1256 1814 1267 1833 ,
1293 1778 1369 1839 qui
1390 1779 1475 1823 hoc

74 1851 222 1895 fecerit
238 1887 248 1906 ,
274 1866 373 1895 cum
394 1849 502 1894 illud
526 1859 755 1909 peccatum
777 1859 920 1893 morte
953 1850 1086 1909 plecti
1111 1850 1265 1910 jubeat
1294 1853 1404 1908 Lex,
1430 1860 1473 1894 et

73 1922 138 1979 his
161 1921 347 1981 peccatis
371 1921 586 1980 graviores
617 1936 706 1964 esse
737 1919 924 1964 dicimus
953 1920 1219 1980 impietates,
1253 1935 1355 1964 cum
1389 1920 1472 1964 sint

74 2007 222 2036 earum
244 1992 446 2053 quaedam
462 2027 472 2046 ,
493 2006 592 2051 quae
616 1990 775 2049 flagelli
798 1991 935 2050 plagis
958 1990 1246 2051 quadraginta
1275 1991 1473 2050 puniun-

78 2066 190 2108 tur4.
217 2067 295 2108 Est
315 2064 464 2124 itaque
488 2063 591 2106 levis
609 2063 822 2122 impietas,
844 2079 944 2123 quoe
967 2063 1149 2106 verbere
1172 2061 1304 2120 digna
1327 2071 1412 2119 est,
1432 2072 1475 2107 et

74 2145 137 2179 est
152 2136 321 2193 gravior
333 2151 432 2195 quae
449 2143 590 2178 morte
608 2132 736 2191 digna
758 2142 821 2177 est
840 2153 848 2177 ;
865 2134 923 2177 ita
938 2134 1067 2177 etiam
1085 2132 1157 2177 illa
1181 2141 1358 2192 peccata
1373 2148 1473 2193 quae

74 2223 163 2251 non
179 2208 224 2250 in
236 2210 392 2261 Deum,
407 2205 482 2250 sed
494 2206 539 2248 in
554 2205 778 2249 hominem
793 2204 1001 2249 videntur
1015 2204 1203 2258 admitti,
1220 2213 1321 2248 sunt
1333 2212 1474 2248 morte

74 2278 203 2335 digna
220 2276 422 2337 quaedam
440 2297 450 2333 3
476 2284 577 2320 sunt
601 2275 681 2319 alia
695 2276 988 2335 correptione,
1005 2291 1081 2319 seu
1093 2274 1289 2330 verbere,
1309 2291 1384 2319 seu
1403 2290 1474 2319 ve-

73 2349 142 2392 nia
160 2347 366 2392 faciliore.
391 2351 456 2391 Ita
477 2346 593 2390 enim
614 2345 786 2390 locutos
804 2362 892 2390 esse
914 2346 1196 2406 Septuaginta
1214 2346 1471 2405 interpretes

75 2427 265 2472 constat,
297 2418 480 2462 utetiam
503 2416 617 2461 illius
635 2452 645 2471 ,
671 2417 747 2477 qui
768 2416 903 2476 plagis
926 2417 1081 2475 dignus
1103 2427 1180 2473 est,
1202 2416 1469 2476 impietatem

76 2498 339 2534 vocaverint.

123 2581 131 2598 ¹
154 2575 187 2607 121
207 2579 252 2607 est
279 2581 544 2607 commonentur.
565 2591 598 2596 —
623 2580 635 2596 ²
656 2577 749 2606 Dcut.
766 2584 818 2614 xv,
842 2584 869 2605 1.
889 2591 929 2596 -
951 2572 963 2596 3
983 2573 1065 2606 Ibid.
1085 2581 1119 2614 2,
1137 2572 1166 2605 3.
1189 2589 1227 2597 —
1245 2571 1320 2605 lold.
1342 2584 1401 2611 xn,
1413 2581 1468 2604 22.
