1872 3267
12 2734 16 2743 ,
11 2447 16 2726 Vd—-——
7 1774 14 2440 ——--—--————-——-——

325 246 591 281 QUAEsnoNEs
624 246 666 272 IN
701 246 961 281 LEtt't'tCUM7
998 246 1080 271 Lm.
1118 246 1181 270 ιιι.
1357 231 1439 269 385

59 322 156 351 rum
178 323 287 362 esse,
313 309 490 369 quando
519 325 648 354 omne
673 324 802 369 super
831 307 951 369 quod
980 307 1138 353 sederit
1164 307 1446 351 immundum

58 378 152 421 erit.
183 397 202 420 «
227 380 482 424 Secessionis
507 398 526 421 »
563 389 709 424 autem
733 379 858 433 dicit,
885 379 1093 440 quoniam
1116 376 1346 423 secedebat
1368 376 1449 421 ali-

57 458 289 508 quantum,
306 466 361 495 ne
376 450 520 495 omnia
534 451 850 511 coinquinaret,
866 467 966 495 cum
982 459 1207 510 perageret
1222 448 1317 493 illos
1336 449 1442 492 dies.

59 521 146 563 Hos
162 519 252 564 dies
271 520 560 565 immunditiae
577 522 683 582 ejus,
701 521 736 565 si
753 520 980 566 fiuminam
998 529 1181 581 pareret,
1205 523 1291 564 Lex
1308 518 1449 579 dupli-

57 590 204 646 cahat,
230 601 274 636 ct
293 592 625 652 quatuordecim
648 591 860 637 faciebat:
895 593 1082 653 reliquos
1115 600 1260 636 autem
1287 591 1448 651 quibus

57 661 236 706 sedebat
268 662 313 705 in
349 664 558 722 sanguine
592 664 760 708 mundo
805 680 904 719 suo,
941 664 1070 707 etiam
1105 662 1219 722 ipsos
1253 660 1450 721 duplices

51 732 236 792 jusserat
257 733 497 789 observari,
522 733 568 778 id
590 744 675 785 est,
699 735 1038 793 sexaginta-sex,
1064 743 1114 777 ut
1136 748 1286 778 omnes
1307 742 1450 777 essent

57 803 102 847 in
124 813 252 863 partu
274 805 455 849 masculi
477 805 782 866 quadraginta,
804 806 847 849 in
871 805 1068 850 foeminae
1091 804 1327 864 octoginta}
1353 803 1450 848 Ali-

57 873 132 936 qui
166 885 312 920 autem
347 875 515 921 codices
555 877 684 936 graeci
729 893 819 922 non
856 877 1048 931 habent,
1098 895 1117 919 «
1157 879 1210 920 In
1242 875 1452 934 sanguine

61 965 81 987 »
117 947 284 992 mundo
306 963 400 1003 suo,
423 965 445 993 ,η
471 947 546 992 sed
572 968 592 990 «
616 952 666 991 In
687 949 898 1008 sanguine
917 946 1147 992 immundo
1165 963 1258 991 suo.
1283 965 1304 987 »

118 1022 175 1062 ll.
210 1039 229 1060 «
255 1022 312 1063 Et
343 1034 443 1064 cum
473 1018 698 1079 adimpleti
730 1019 895 1063 fuerint
925 1017 1015 1062 dies
1057 1017 1325 1077 purgationis
1360 1017 1451 1078 ejus

60 1107 80 1131 »
115 1105 244 1150 super
274 1089 363 1134 filio
392 1099 467 1135 aut
495 1105 625 1150 super
659 1089 773 1146 filia,
811 1090 966 1134 offeret
1001 1104 1165 1148 agnum
1193 1087 1449 1132 anniculum

60 1179 80 1201 »
114 1162 206 1205 sine
229 1160 399 1206 macula
426 1161 472 1205 in
502 1161 807 1206 holocaustum
825 1196 835 1216 ‚
868 1170 910 1203 et
942 1158 1114 1219 pullum
1146 1157 1451 1203 columbinum

61 1250 80 1273 »
116 1241 191 1276 aut
218 1241 434 1277 turturem
464 1249 543 1293 pro
566 1242 744 1292 peccato
771 1232 826 1274 ad
848 1230 1008 1275 ostium
1031 1229 1301 1275 tabernaculi
1326 1230 1451 1274 testi-1

60 1321 80 1343 »
116 1303 251 1347 monii
280 1303 336 1347 ad
357 1303 625 1347 sacerdotem
646 1322 654 1346 ε
681 1311 724 1346 et
757 1302 912 1346 offeret
934 1317 1035 1345 eum
1059 1311 1160 1345 ante
1181 1301 1419 1346 Dominum
1437 1336 1448 1356 ‚

61 1392 80 1415 »
116 1384 159 1418 et
186 1375 380 1419 exorabit
407 1391 486 1435 pro
521 1390 568 1418 ca
592 1373 811 1429 sacerdos,
849 1383 892 1418 et
925 1373 1130 1434 purgabit
1161 1389 1257 1417 eam
1279 1388 1303 1417 a
1329 1372 1452 1418 tonte

61 1464 81 1487 »
116 1447 336 1506 sanguinis
360 1447 465 1507 ejus.
493 1449 578 1490 Ista
599 1446 667 1490 lex
690 1448 780 1507 ejus
800 1463 899 1506 quse
921 1445 1091 1506 peperit
1107 1445 1349 1490 masculum
1376 1453 1453 1489 aut

61 1537 80 1559 »
116 1518 360 1563 foeminam.
381 1518 423 1563 Si
439 1527 585 1562 autem
601 1535 690 1563 non
705 1519 1088 1562 inveneritmanus
1100 1518 1190 1578 ejus
1208 1516 1330 1577 quod.
1351 1517 1452 1561 satis

61 1608 81 1630 »
117 1598 180 1633 est
202 1590 247 1633 in
270 1605 448 1648 agnum,
470 1600 513 1634 et
530 1590 711 1649 accipiet
730 1589 840 1634 duos
860 1599 1063 1644 turtures,
1081 1598 1156 1632 aut
1178 1588 1288 1632 duos
1310 1587 1454 1648 pullos

62 1678 82 1700 »
117 1659 392 1705 columbinos
410 1696 420 1715 ‚
446 1676 585 1705 unum
612 1661 656 1704 in
674 1660 1002 1716 holocaustum,
1030 1669 1073 1704 et
1090 1675 1230 1703 unum
1252 1675 1331 1719 pro
1348 1675 1453 1719 pee-

63 1749 82 1771 »
113 1740 240 1775 cato:
273 1741 316 1774 et
344 1732 539 1776 exorabit
562 1735 641 1791 pro
673 1748 722 1776 ea
751 1732 949 1777 sacerdos
967 1768 977 1787 ‚
1016 1741 1059 1776 et
1093 1730 1399 1791 purgabitur1.
1427 1748 1447 1772 »

60 1803 193 1845 Recte
216 1815 316 1858 ergo
338 1801 534 1860 superius
563 1817 651 1844 non
680 1802 917 1860 legendum
936 1812 999 1847 est
1019 1823 1026 1846 :
1059 1822 1078 1844 «
1103 1802 1270 1846 Offeret
1290 1816 1452 1859 agnum

63 1890 83 1913 »
119 1871 371 1915 anniculum
396 1872 486 1916 sine
510 1872 677 1916 macula
694 1872 740 1915 in
757 1872 1083 1927 holocaustum,
1099 1893 1119 1914 »
1142 1882 1217 1917 aut
1235 1892 1253 1915 «
1274 1871 1452 1917 Pullum

64 1961 83 1983 »
119 1942 418 1987 columbinum
455 1952 530 1986 aut
556 1952 773 1987 turturem
808 1959 887 2003 pro
920 1953 1127 2003 peceato,
1150 1961 1169 1984 ³>
1198 1944 1309 1987 sicut
1340 1960 1453 1987 non-

62 2013 171 2057 nulli
192 2014 360 2058 codices
388 2014 577 2072 habent3
602 2014 677 2058 sed
700 2015 810 2058 sicut
838 2014 1006 2058 dictum
1036 2025 1120 2071 est,
1151 2035 1170 2056 ‹<
1194 2019 1251 2059 Et
1279 2014 1453 2074 pullum

66 2102 85 2125 >›
121 2084 425 2129 columbinum
448 2095 523 2130 aut
546 2095 762 2130 turturem
785 2101 864 2146 pro
888 2095 1094 2146 peccato:
1123 2105 1142 2128 »
1170 2086 1453 2147 quandoqui-

63 2154 160 2199 dem
187 2166 332 2215 postca
351 2155 476 2200 dicit:
502 2176 521 2197 α
540 2157 581 2201 Si
599 2173 689 2201 non
705 2157 921 2201 invenerit
938 2173 1092 2202 manus
1110 2158 1200 2217 ejus
1219 2156 1339 2218 quod
1354 2157 1454 2201 satis

65 2243 87 2266 ³)
121 2236 184 2270 est
204 2226 259 2270 ad
278 2243 439 2286 agnum
458 2263 468 2282 ‚
495 2237 538 2271 et
555 2227 736 2287 accipies
757 2227 866 2273 duos
884 2237 1075 2273 turtures
1096 2247 1104 2273 :
1134 2247 1153 2269 >›
1180 2228 1258 2272 ubi
1280 2227 1378 2287 plus
1395 2227 1454 2272 vi-

64 2295 191 2341 detur
207 2298 368 2342 habere
390 2318 409 2340 ‹<
424 2308 489 2355 et3
510 2318 529 2340 »
552 2314 653 2342 nam
670 2315 718 2343 ea
732 2299 1043 2359 conjunctione
1061 2299 1271 2353 detracta,
1292 2299 1455 2356 integre

56 2368 275 2427 sequitur,
305 2389 324 2411 «
343 2369 539 2429 Accipiet
561 2369 670 2413 duos
693 2379 883 2414 turtures
901 2379 978 2414 aut
1000 2370 1109 2414 duos
1124 2368 1268 2429 pullos
1291 2370 1455 2414 colum-

65 2437 210 2495 binos,
241 2456 375 2484 unam
397 2456 522 2485 avem
542 2439 703 2485 scilicet
723 2441 770 2485 in
801 2439 1134 2497 holocaustum⁷
1167 2440 1346 2485 alteram
1379 2455 1455 2500 pro

65 2520 258 2569 peccato.

116 2603 124 2620 ¹
142 2597 244 2630 Levit.
265 2609 318 2639 xii,
334 2597 404 2630 6-8.

255 2662 377 2692 exul.
1220 2654 1271 2692 025
