1872 3267
406 286 488 327 294
837 299 870 326 s.
906 297 1135 329 Anaus'rrm
1167 295 1348 328 EPISCOP'I

406 371 449 406 ct
466 360 707 406 secundum
735 361 948 420 spiritum.
973 365 1082 409 Nam
1104 363 1137 407 si
1160 362 1291 407 Israel
1312 377 1401 407 non
1419 373 1525 406 esset
1545 362 1754 408 dicendus
1769 398 1781 419 ‚

406 432 487 476 nisi
504 447 554 475 ex
576 446 730 490 genere
743 431 897 486 carnis,
912 447 1000 476 non
1015 432 1177 477 diceret
1187 430 1419 491 Apostolus
1438 451 1446 476 ε
1462 432 1640 476 «Videte
1655 431 1787 477 Israel

408 519 428 544 n
447 500 687 546 secundum
701 507 892 545 carnem1
904 504 923 546 Ρ
933 520 954 544 »
964 503 1042 547 ubi
1053 502 1250 563 profecto
1261 503 1470 561 significat
1482 516 1573 547 esse
1584 502 1714 547 Israel
1725 518 1788 547 se-

405 570 602 617 eundum
622 571 820 631 spiritum
834 571 910 632 qui
926 572 972 616 in
989 572 1242 618 abscondito
1258 575 1282 617 J
1286 572 1437 616 udaeus
1454 581 1516 617 est
1533 581 1576 617 et
1596 573 1784 617 oircum-

403 642 564 687 cisione
599 640 782 686 cordis2.
818 642 886 687 Sic
922 657 1025 701 ergo
1061 643 1216 687 melius
1254 641 1432 688 fortasse
1473 641 1752 701 distinguitur
1769 678 1780 698 ‚

405 731 426 756 «
453 716 776 758 Testamentum
793 721 1005 757 aeternum
1021 714 1066 758 in
1088 729 1157 758 me
1177 734 1186 759 :
1215 733 1235 755 η
1261 723 1310 758 ut
1331 712 1491 757 deinde
1507 712 1615 758 alius
1635 728 1784 758 sensus

403 785 477 840 sit,
499 802 520 825 «
547 787 604 828 Et
625 783 721 828 filiis
740 783 871 828 Israel
887 784 1060 843 signum
1071 793 1134 829 est
1147 793 1377 839 aeternum,
1396 802 1418 825 υ
1438 784 1483 828 id
1501 792 1566 829 est
1578 819 1589 840 ,
1610 793 1784 828 aeternae

402 855 464 899 rei
485 855 655 912 signum
671 889 682 910 ‚
723 855 947 914 quomodo
976 848 1097 915 petra
1131 864 1221 900 erat
1253 855 1498 911 Christus³‚
1531 855 1633 915 quia
1663 862 1786 914 petra

402 924 674 983 significabat
685 925 922 969 Christum.
941 928 1038 971 Non
1054 940 1157 985 ergo
1169 926 1227 970 ita
1236 924 1511 985 jungendum
1528 934 1614 980 est,
1643 940 1664 966 «
1681 927 1787 969 Tes-

402 1013 424 1037 »
451 1001 695 1038 tamentum
716 1003 929 1039 aeternum
942 995 989 1039 in
1009 1011 1081 1039 me
1099 1003 1142 1039 et
1163 994 1260 1040 filiis
1283 991 1437 1051 Israel,
1466 1012 1488 1036 >³
1508 1004 1720 1055 tanquam
1739 994 1786 1037 in

401 1067 495 1109 Deo
515 1072 558 1108 et
579 1063 676 1109 filiis
700 1064 831 1109 Israel
851 1066 905 1110 sit
925 1066 1008 1110 hoc
1026 1074 1354 1116 testamentum3
1374 1064 1471 1120 sed,
1497 1083 1517 1107 «
1536 1067 1788 1109 Testamen-

407 1153 426 1176 ι)
450 1144 544 1178 tum
562 1144 775 1179 aeternum
796 1136 841 1179 in
862 1151 954 1191 me,
981 1154 1002 1177 »
1027 1136 1128 1197 quia
1149 1136 1194 1182 in
1215 1135 1292 1181 illo
1308 1136 1515 1196 promissa
1537 1144 1601 1180 est
1620 1135 1787 1195 requies

401 1213 585 1260 aeterna,
611 1214 654 1249 et
675 1223 694 1246 «
720 1205 840 1249 Filiis
863 1205 994 1249 Israel
1016 1206 1189 1264 signum
1206 1215 1269 1250 est
1282 1214 1518 1261 aeternum,
1546 1224 1567 1246 »
1592 1206 1694 1265 quia
1710 1205 1785 1249 filii

402 1274 532 1318 Israel
549 1283 808 1334 acceperunt
830 1274 1152 1319 observandum
1172 1275 1344 1334 signum
1361 1310 1372 1330 ‚
1395 1291 1487 1335 quo
1511 1274 1681 1334 requies
1698 1274 1785 1333 sig-

400 1344 602 1388 nificatur
620 1353 781 1389 aeterna
801 1345 912 1389 veris
935 1344 1157 1400 Israelitis,
1181 1345 1265 1389 hoc
1286 1354 1365 1400 est,
1380 1344 1478 1390 filiis
1494 1345 1786 1405 promissionis

400 1422 443 1458 et
464 1414 617 1460 visuris
637 1417 777 1460 Deum
799 1411 909 1460 facie
930 1415 985 1459 ad
1006 1415 1176 1470 faciem,
1201 1415 1328 1460 sicuti
1344 1424 1422 1460 est.

902 1502 1137 1572 QUAESTIO
1168 1523 1280 1563 ch.

463 1643 483 1666 «
500 1627 566 1668 ET
599 1623 719 1668 dedit
740 1625 884 1682 Moysi
914 1625 1058 1668 statim
1086 1633 1137 1668 ut
1157 1624 1338 1669 cessavit
1359 1623 1481 1684 loqui
1513 1623 1569 1668 ad
1595 1638 1717 1679 eum,
1742 1624 1788 1668 in

402 1713 423 1735 »
449 1704 598 1739 monte
633 1696 755 1750 Sina,
787 1696 894 1739 duas
916 1694 1087 1739 tabulas
1111 1693 1363 1748 testimonii,
1396 1693 1588 1753 lapideas
1608 1695 1787 1754 scriptas
1811 1709 1815 1716 ·

403 1765 582 1824 »digito
616 1765 767 1808 Dei4.»
793 1767 905 1810 Cum
937 1774 1026 1808 tam
1056 1764 1196 1808 multa
1227 1763 1399 1808 locutus
1430 1764 1485 1808 sit
1518 1767 1654 1818 Deus,
1685 1763 1786 1808 duae

404 1845 573 1880 tantum
592 1835 753 1879 tabulae
776 1836 938 1879 dantur
964 1835 1103 1892 Moysi
1125 1833 1335 1894 lapideae,
1361 1850 1460 1894 quae
1489 1833 1695 1879 dicuntur
1716 1844 1784 1879 ta-

400 1907 518 1950 hulae
555 1906 787 1950 testimonii
821 1905 980 1950 futurae
1004 1907 1050 1949 in
1073 1922 1185 1950 arca.
1211 1906 1426 1951 Nimirum
1455 1907 1599 1950 omnia
1630 1915 1786 1950 caetera
1811 1945 1815 1955 ,

400 1993 500 2036 quae
523 1976 730 2035 praeeepit
753 1979 866 2020 Deus
889 1992 939 2020 ex
962 1976 1043 2020 illis
1063 1975 1214 2020 decem
1229 1976 1477 2035 praeceptis,
1499 1992 1598 2036 quae
1612 1975 1784 2021 duabus
1812 1986 1815 1991 ’

402 2045 560 2090 tabulis
583 2047 823 2105 conscripta
846 2056 971 2102 sunt,
996 2045 1186 2105 pendere
1207 2045 1534 2105 intelliguntur⁷
1559 2047 1592 2089 si
1604 2045 1784 2105 diligen·
1812 2056 1815 2090 ἱ

401 2127 466 2161 ter
485 2127 737 2176 quaerantur
754 2126 796 2160 et
818 2117 930 2161 beno
952 2116 1252 2175 intelligantur
1280 2136 1288 2160 ε
1320 2115 1541 2176 quomodo
1570 2117 1663 2160 haee
1692 2117 1783 2177 ipsa
1812 2118 1822 2179 'V

401 2203 547 2231 rursus
570 2186 720 2231 decem
736 2197 949 2246 praecepta
972 2202 1023 2230 ex
1045 2186 1216 2231 duobus
1238 2186 1342 2242 illis,
1369 2186 1602 2231 dilectione
1623 2185 1783 2232 seilicet
1811 2214 1819 2238 ι,

404 2258 478 2301 Dei
502 2266 543 2302 et
565 2258 773 2316 proximi,
800 2258 844 2300 in
866 2258 1024 2317 quibus
1048 2266 1136 2302 tota
1150 2260 1235 2301 Lex
1259 2256 1420 2317 pendet
1442 2266 1485 2302 et
1505 2258 1777 2316 Prophetae5.
1812 2267 1814 2315 ξ

453 2361 461 2377 ¹
483 2365 494 2386 1
513 2357 585 2387 Cor.
607 2365 639 2396 x,
660 2354 714 2387 13.
735 2372 777 2377 —
797 2361 810 2377 ²
827 2356 917 2387 Rom.
934 2366 970 2397 ιι,
987 2363 1041 2395 29.
1057 2370 1098 2376 --
1115 2351 1128 2375 3
1147 2364 1159 2386 1
1180 2355 1252 2387 Cor.
1273 2365 1307 2395 x,
1327 2352 1359 2396 4.
1376 2371 1417 2375 —
1439 2351 1456 2379 l.
1474 2353 1571 2386 Exod.
1592 2364 1703 2395 xxxxi,
1727 2353 1776 2386 18.
1818 2357 1819 2377 ἓ

404 2414 445 2431 4-
466 2407 481 2432 5
498 2409 609 2443 Matth.
627 2420 700 2451 xxii,
719 2408 773 2451 40.
