1872 3267
328 191 586 220 Locunonzs
620 192 672 219 ne
704 191 942 228 sumemus,
979 193 1061 218 Lm.
1099 191 1175 218 vu.
1365 182 1445 220 109

60 260 256 320 superior
275 257 527 318 conjunctio
544 256 678 315 possit
698 255 813 300 salva
836 256 1048 300 sententia
1063 255 1259 311 detrahi,
1280 265 1330 300 ut
1346 272 1447 301 cum

61 331 266 376 dixisset:
298 349 317 371 «
346 333 396 373 In
434 343 528 383 me,
560 327 742 372 Domine
777 326 864 383 mi,
891 346 910 368 »
937 326 1096 371 deinde
1126 327 1416 389 subsequatur
1440 347 1448 372 z

65 421 85 443 «
123 400 164 447 Si
187 410 251 445 est
263 399 471 445 Dominus
484 397 728 452 nobiscum,
745 406 796 441 ut
808 397 916 457 quid
933 398 1194 441 invenerunt
1212 413 1290 442 nos
1304 398 1450 443 omnia

65 491 85 513 «
120 470 232 515 mala
265 470 343 514 ista
372 489 380 514 :
408 488 428 510 »
457 468 592 528 magis
620 468 737 512 enim
755 468 839 513 hoc
868 467 1003 527 exigit
1029 477 1188 513 nostrae
1216 467 1450 514 locutionis

0 565 1 575 ¹
62 540 349 588 consuetudo.

122 614 263 657 XXX.
295 629 314 653 «
338 613 397 655 Et
416 609 604 654 vitulum
631 624 842 654 annorum
866 611 1071 670 septem².
1097 628 1116 650 n
1149 610 1230 654 Hic
1247 609 1454 655 manifes-

67 694 159 729 tum
181 692 244 727 est
265 679 488 743 quomodo
520 679 678 725 vitulos
710 679 899 741 appellet
938 680 1158 740 Scriptura
1186 700 1194 725 :
1225 683 1307 725 Bos
1336 681 1453 726 enim

64 769 278 800 annorum
315 761 502 812 septem,
545 751 787 796 secundum
824 750 1185 796 consuetudinem
1217 751 1451 796 locutionis

65 834 244 879 nostrae,
269 839 358 869 non
384 832 447 867 est
475 823 628 883 utique
649 822 826 867 vitulus.
860 822 1112 867 Secundum
1134 822 1247 866 hanc
1268 837 1369 882 ergo
1391 822 1454 867 lo-

63 898 283 943 cutionem
314 894 481 939 dictum
510 903 572 938 est
595 893 649 938 de
683 897 900 951 Samegar,
925 892 1046 954 quod
1077 893 1331 938 occiderit«
1354 897 1456 939 Sex·

4 966 5 971 ’
66 986 86 1009 »
122 976 271 1012 centos
290 965 404 1010 viros
435 973 592 1025 praeter
620 963 780 1009 vitulos
810 963 993 1019 l>0um2‚
1021 982 1040 1004 υ
1066 964 1150 1008 hoc
1179 973 1265 1019 est,
1298 974 1456 1024 praeter

4 1030 7 1057 Γ
42 1041 210 1084 boves.

5 1122 7 1129 ’
123 1111 288 1154 XXXI.
321 1128 339 1151 «
366 1111 422 1153 Et
453 1107 610 1153 cecinit
645 1107 686 1149 in
718 1107 931 1150 cornea3:
961 1123 980 1146 n
1009 1105 1285 1162 subauditur,
1323 1106 1454 1165 tuba,

66 1195 230 1240 graecus
253 1180 369 1224 enim
386 1179 642 1233 nonhabet,
664 1177 792 1232 tuba,
814 1176 890 1221 sed
915 1186 1082 1221 tantum
1098 1213 1108 1232 ,
1133 1193 1304 1223 cornea.

124 1252 310 1296 XXXII.
338 1270 356 1292 «
377 1248 564 1295 Camelis
588 1264 739 1293 eorum
762 1263 852 1293 non
880 1257 972 1292 erat
994 1265 1201 1293 numerus
1220 1285 1230 1304 ,
1264 1259 1307 1293 et
1335 1259 1458 1294 erant

69 1343 89 1364 »
125 1323 235 1367 sicut
246 1336 391 1376 arena,
413 1336 512 1381 quae
530 1328 594 1364 est
615 1318 671 1363 ad
686 1318 854 1363 labium
871 1320 999 1364 maris
1014 1321 1044 1363 ⁴.
1065 1339 1084 1361 »
1109 1324 1160 1364 In
1175 1319 1459 1365 multitudine

68 1402 237 1438 constat
252 1389 655 1443 ὑπερὲοὶ-ικῶςάἰοωιῃ.
684 1392 787 1434 Haec
810 1398 956 1434 autem
978 1390 1226 1447 translatio,
1251 1391 1328 1435 ubi
1359 1411 1376 1432 «
1398 1390 1461 1435 la-

71 1483 91 1505 »
128 1463 251 1507 bium
284 1461 450 1506 maris»
477 1461 622 1520 posuit
650 1475 729 1518 pro
756 1459 923 1515 littore,
955 1460 1125 1505 assidua
1154 1470 1218 1505 est
1244 1461 1291 1505 in
1316 1462 1461 1521 Scrip-

70 1535 178 1580 turis
193 1570 204 1590 ,
230 1533 306 1579 sed
325 1549 419 1577 rara
438 1542 501 1576 est
514 1532 558 1575 in
578 1531 722 1575 latinis
745 1531 985 1587 codicibus,
1007 1533 1108 1592 quia
1127 1533 1323 1593 plerique
1343 1533 1464 1578 littus

69 1604 339 1665 interpretati
359 1600 487 1657 sunt,
510 1602 643 1659 magis
666 1602 777 1662 quid
795 1602 1057 1660 significaret
1078 1603 1246 1647 labium
1268 1604 1464 1649 volentes

12 1664 14 1672 λ
68 1692 246 1736 ponere,
265 1689 397 1735 quam
418 1674 559 1733 ipsum
581 1671 763 1715 labium.
780 1674 890 1717 Nam
908 1671 1029 1717 littus
1048 1674 1080 1717 si
1098 1672 1261 1718 vellent
1277 1678 1462 1735 Septua-

72 1747 188 1806 ginta
208 1746 464 1804 interpretes
493 1742 657 1798 dicere,
682 1758 771 1787 non
791 1744 957 1788 deesset
982 1743 1145 1803 linguae
1174 1762 1325 1804 greecae
1345 1746 1465 1807 quod

14 1803 16 1852 l
71 1818 278 1862 dicerent.

131 1888 341 1931 XXXIII.
360 1904 379 1927 «
392 1887 449 1929 Et
460 1883 605 1929 divisit
618 1893 835 1930 trecentos
848 1885 961 1930 viros
975 1901 1053 1946 per
1070 1884 1150 1931 tria
1164 1887 1396 1948 principia*¹
1411 1909 1419 1933 :
1439 1907 1459 1930 n

16 1974 18 2011 {
75 1974 153 2019 pro
168 1957 366 2018 partibus
388 1975 407 1998 «
428 1955 644 2015 Principia
664 1974 683 1996 »
705 1955 864 2015 posuit.

16 2017 19 2087 ἶ
132 2031 338 2074 XXXIV.
365 2047 383 2069 «
404 2030 462 2071 Et
483 2026 687 2071 dixerunt
709 2025 764 2071 ad
786 2026 966 2072 Gedeon
987 2027 1068 2072 viri
1091 2030 1322 2090 Ephraem⁶
1340 2050 1349 2076 2
1374 2051 1394 2073 η
1420 2031 1465 2076 id

17 2104 19 2148 l
77 2109 161 2155 est,
185 2099 265 2144 viri
288 2097 476 2143 detribu
497 2097 720 2157 Ephraem.

18 2203 21 2233 Ι
135 2171 316 2216 XXXV.
349 2189 372 2211 (ι
389 2167 506 2222 Quid
526 2169 711 2213 verbum
743 2168 828 2213 hoc
855 2167 993 2214 fecisti
1022 2170 1170 2227 nobis,
1199 2181 1249 2216 ut
1270 2187 1359 2218 non
1388 2189 1466 2219 vo-

19 2235 22 2302 }
82 2262 102 2285 »
137 2258 250 2287 cares
267 2258 346 2287 nos
362 2256 463 2286 cum
481 2241 616 2285 exires
631 2255 827 2301 pugnare
840 2240 885 2285 in
903 2240 1129 2288 Madian7?
1145 2263 1164 2285 »
1185 2244 1369 2289 verbum
1387 2262 1467 2306 pro

20 2307 23 2375 l
80 2314 195 2360 facto
215 2314 374 2374 posuit.

21 2378 24 2443 ᾖ
139 2387 342 2430 XXXVI.
373 2386 473 2429 «Et
500 2383 719 2428 dederunt
750 2384 1026 2444 septuaginta
1068 2387 1285 2445 argenti8:
1315 2407 1333 2428 υ
1361 2388 1468 2432 sub-

23 2515 25 2536 3
131 2490 138 2506 ¹
160 2484 263 2517 Judic.
282 2494 328 2523 vi,
347 2481 400 2515 25.
422 2498 463 2504 —-
484 2480 747 2523 21‹1.11'1,31.—
768 2480 781 2504 3
796 2482 841 2513 ld.
858 2482 902 2524 vi,
919 2481 1334 2526 3'1.—41d.v11,12.-
1355 2483 1467 2519 51h1d.

24 2563 25 2582 3
89 2538 204 2571 16.-
224 2537 239 2561 ὅ
259 2539 304 2570 ld.
318 2549 344 2580 1,
365 2538 398 2569 ὃ.
420 2554 463 2561 —-
482 2537 655 2570 71bid.——-
674 2535 815 2578 81d.1x‚
835 2536 866 2579 4
