1872 3267
272 261 540 299 QUAES'rioNEs
573 265 617 291 IN
651 264 1052 301 DEUTERONOMNJM,
1089 264 1170 292 Lm.
1208 264 1249 291 v.
1367 249 1451 289 485

63 328 272 388 scriptum
295 337 357 372 est
378 348 385 373 ;
416 347 435 369 «
458 328 578 372 Fecit
594 331 708 373 Deus
727 327 946 372 hominem
965 327 1018 372 acl
1036 328 1267 385 imaginem
1285 327 1384 372 Dei¹
1409 346 1447 372 ε»

61 399 340 444 manifestum
370 408 433 443 est
462 399 519 443 ita
550 398 742 454 dictum,
768 409 818 443 ut
850 415 939 443 non
972 398 1166 460 ejusdem
1199 398 1453 443 substantiae

61 470 115 515 sit
137 471 280 529 imago
298 486 398 531 quae
420 468 533 514 facta
551 479 629 514 est.
659 470 701 515 Si
719 471 834 514 enim
853 469 1045 530 ejusdem
1065 478 1190 524 esset,
1211 485 1301 514 non
1317 468 1446 525 facta,

0 559 6 567 ·
60 541 135 586 sed
154 542 295 599 genita
313 541 545 586 diceretur.
576 541 659 586 Sed
672 541 792 602 quod
809 557 898 585 non
922 540 1104 596 addidit,
1125 560 1144 582 «
1166 543 1223 585 Et
1244 537 1450 586 similitu-

0 629 6 636 ·
61 611 225 666 dinem,
246 630 266 653 »
283 627 383 656 cum
402 612 599 672 superius
622 611 788 657 dictum
800 621 930 656 esset:
949 612 1210 656 «Faciamus
1224 611 1450 655 hominem

0 690 6 718 ³
64 701 82 723 n
108 683 163 726 ad
184 682 419 741 imaginem
443 693 485 727 et
508 681 836 727 similitudinem
861 684 1109 738 nostram²‚
1138 700 1159 723 n
1184 680 1451 742 quibusdam

59 754 198 799 visum
222 763 285 798 est
302 753 630 798 similitudinem
656 754 820 814 aliquid
849 753 1034 814 amplius
1057 769 1146 798 esse
1175 769 1307 814 quam
1338 753 1450 797 ima-

0 836 4 862 '›
23 834 26 896 Ιζ
59 826 201 882 ginem
216 860 226 879 ,
253 824 373 885 quod
390 826 556 870 homini
578 824 856 870 reformando
874 841 950 885 per
973 825 1135 870 Christi
1153 825 1335 884 gratiam
1356 840 1453 884 pos-

0 905 3 912 ·
23 929 25 941 ⁴
59 904 125 939 tea
144 905 400 940 servaretur.
422 896 557 940 Miror
580 905 726 940 autem
747 896 780 939 si
803 912 892 940 non
916 905 1145 956 propterea
1168 906 1315 955 postea
1338 896 1449 940 ima-

0 964 25 1003 ’ν
57 967 201 1025 ginem
242 967 377 1011 solam
420 967 561 1012 voluit
605 983 946 1012 commemorare
973 1003 984 1023 ,
1017 963 1120 1028 (luia
1160 968 1237 1011 ubi
1272 968 1415 1026 imago
1437 1004 1448 1023 ,

22 1022 25 1095 l
57 1038 267 1082 continuo
285 1047 329 1082 et
350 1037 588 1083 similitudo
604 1048 682 1082 est.
710 1039 834 1083 Unde
853 1048 896 1083 et
912 1038 983 1082 hic
1004 1041 1176 1097 Moyses
1197 1038 1451 1083 similitudi-—

57 1124 158 1153 nem
194 1119 238 1153 et
265 1110 499 1168 imaginem
543 1111 636 1153 fieri
663 1119 804 1164 vetat,
849 1109 1090 1154 secundum
1132 1125 1227 1154 eam
1271 1108 1453 1155 fortasse

22 1172 25 1250 ξ
56 1180 267 1224 rationem
293 1197 426 1241 quam
461 1180 665 1225 diximus.
704 1184 756 1224 In
779 1181 997 1240 Decalogo
1017 1190 1164 1225 autem
1196 1180 1453 1240 generaliter

0 1298 1 1302 ,
55 1250 214 1294 dicitur
252 1250 419 1294 nullam
450 1251 541 1294 fieri
575 1251 735 1295 debere
773 1251 1154 1306 similitudinemss,
1194 1266 1274 1295 nec
1307 1252 1452 1312 imago

0 1379 1 1383 Ἰ
22 1296 25 1382 l
55 1332 437 1367 commemoratur.
456 1324 569 1367 Cum
590 1323 704 1366 enim
721 1322 842 1367 nulla
863 1322 1102 1367 similitudo
1116 1324 1181 1378 fit,
1195 1324 1349 1383 procul
1364 1323 1450 1368 du-

22 1399 23 1454 J
55 1393 129 1438 bio
148 1410 227 1438 nec
245 1395 387 1453 imago
405 1395 454 1438 fit
482 1414 490 1439 ι
511 1395 721 1455 quoniam
740 1395 773 1438 si
788 1395 949 1455 imago,
965 1395 1118 1455 utique
1132 1404 1176 1439 et
1192 1394 1448 1442 similitudo.

21 1459 23 1478 ³
55 1467 151 1510 Non
175 1474 321 1509 autem
346 1465 379 1508 si
400 1465 449 1508 fit
467 1464 707 1509 similitudo
722 1501 733 1520 ,
759 1466 969 1510 continuo
991 1467 1042 1510 fit
1058 1475 1101 1510 et
1115 1466 1255 1525 imago
1277 1477 1450 1514 :tamen

21 1528 23 1584 i
55 1535 88 1579 si
110 1535 232 1579 nulla
251 1535 512 1591 similitudo,
543 1536 741 1596 sequitur
763 1545 814 1580 ut
831 1535 951 1580 nulla
973 1537 1131 1595 imago.
1154 1539 1350 1598 Denique
1372 1540 1451 1584 ubi

20 1647 23 1660 -.
55 1604 281 1665 prohibuit
318 1605 646 1650 similitudinem
668 1615 711 1650 et
739 1607 972 1665 imaginem
994 1642 1005 1662 ,
1050 1607 1239 1652 hominis
1267 1608 1452 1670 intelligi

20 1673 23 1715 j
52 1676 212 1731 voluit,
240 1677 315 1721 ubi
338 1687 381 1721 et
402 1677 638 1722 similitudo
660 1678 752 1722 fieri
776 1687 941 1738 potest,
959 1694 1049 1723 non
1070 1680 1198 1739 hujus
1222 1690 1298 1724 aut
1314 1680 1447 1738 illius,

24 1753 26 1757 '
54 1747 129 1791 sed
152 1747 385 1807 cujuslibet
405 1748 617 1806 hominis,
647 1758 690 1792 et
717 1749 885 1808 imago,
912 1748 958 1793 id
982 1758 1060 1804 est,
1095 1750 1225 1810 hujus
1247 1753 1444 1811 proprie,

54 1818 123 1863 vel
139 1818 254 1862 illius
269 1817 472 1863 hominis.
492 1822 604 1864 Cum
622 1836 724 1864 vero
743 1820 797 1864 de
816 1820 1045 1880 pecoribus
1063 1820 1297 1877 diceretur,
1317 1832 1450 1884 atque

14 1938 15 1942 Ἰ
56 1888 375 1933 irrationalibus
413 1890 730 1946 animantibus,
772 1891 908 1936 solam
942 1891 1271 1937 similitudinem
1305 1892 1445 1941 dixit:

55 1959 150 2019 quis
173 1959 287 2004 enim
319 1960 495 2019 reperiri
517 1970 683 2019 potest,
722 1962 798 2021 qui
831 1962 911 2006 sibi
944 1978 1082 2007 unum
1111 1965 1345 2009 constituat
1372 1982 1447 2011 ca-

55 2045 175 2084 nem,
208 2030 277 2074 vel
301 2031 408 2091 quid
435 2031 678 2091 ejusmodi,
716 2049 849 2093 quem
878 2033 1052 2078 intuens
1087 2028 1190 2095 ejus
1211 2035 1447 2095 imaginem

56 2101 227 2160 pingat,
254 2111 330 2146 aut
347 2102 509 2160 fingat?
527 2103 647 2162 quod
665 2102 719 2147 de
743 2104 991 2150 hominibus
1016 2106 1345 2152 usitatissimum
1365 2119 1444 2154 est.

606 2200 842 2249 QUAESTIO
874 2203 922 2241 v.

7 2354 10 2367 ι
113 2301 229 2352 Qum
251 2309 315 2344 est
333 2309 479 2344 autem
499 2300 621 2361 quod
640 2301 699 2345 ait
717 2322 725 2346 ;
750 2321 770 2344 «
788 2303 1126 2349 Similitudinem
1142 2307 1282 2351 omnis
1299 2308 1442 2367 piscis,

7 2374 11 2429 ζ
60 2387 78 2409 n
113 2385 403 2431 quaecumque
425 2381 528 2415 sunt
548 2370 594 2414 in
617 2372 739 2432 aquis
761 2374 843 2417 sub
875 2383 987 2418 terra
1003 2377 1035 2419 4.
1063 2394 1082 2416 »
1108 2379 1178 2420 An
1195 2386 1239 2421 et
1261 2393 1441 2438 aquam,

5 2438 12 2502 l
55 2450 230 2500 propter
252 2442 519 2486 tractabilem
542 2444 874 2503 corpulentiam,
895 2455 1055 2491 terram
1077 2446 1261 2506 intelligi
1284 2449 1439 2506 voluit,

57 2521 100 2555 et
120 2512 359 2557 secundum
376 2515 459 2559 hoc
483 2515 528 2558 in
551 2531 601 2559 eo
624 2515 743 2576 quod
772 2518 981 2577 scriptum
1011 2528 1073 2563 est
1100 2538 1108 2563 :
1140 2538 1160 2561 «
1186 2521 1307 2565 Fecit
1329 2524 1444 2566 Deus

19 2601 24 2649 J

3 2667 23 2819 ‘i

105 2616 111 2631 ¹
133 2611 210 2643 Gen.
237 2621 259 2652 i,
275 2620 329 2653 27.
358 2629 398 2634 —-
418 2619 430 2634 2
450 2612 531 2644 Ibid.
552 2611 606 2646 96.
624 2630 665 2635 ——
688 2611 701 2636 3
721 2614 820 2645 Exsul.
840 2625 930 2655 xrvr,
957 2613 989 2656 4
1011 2631 1051 2638 --
1069 2614 1085 2645 4
1108 2618 1200 2648 nont.
1221 2627 1267 2657 iv,
1290 2617 1338 2650 18,
