1872 3267
376 169 461 208 470
543 201 545 203 .
811 180 844 208 s.
880 178 1111 210 AUGUSTINI
1142 182 1325 210 muscom

376 245 473 305 lipsi
489 245 784 289 testimonium
805 245 1060 304 perhibetur
1071 248 1101 290 ¹.
1123 246 1316 291 Positum
1333 254 1396 291 est
1410 255 1553 291 autem
1566 247 1649 292 hoc
1665 260 1760 292 ver-
1819 263 1821 269 ’

378 315 486 358 1)11111
507 324 549 358 et
571 315 616 358 111
638 314 863 360 Comoedia
877 350 888 369 ‚
909 315 1025 360 unde
1053 316 1234 361 latinum
1259 333 1346 361 esse
1363 333 1450 365 non
1469 317 1656 363 dubium
1678 325 1756 372 est,
1820 316 1821 359 1

378 385 460 430 sub
490 384 640 429 eadem
664 385 999 444 significatione,
1023 387 1093 432 vel
1114 397 1229 433 certe
1251 388 1415 445 vicina,
1448 388 1527 436 uhi
1557 387 1612 433 de
1637 396 1760 448 patre
1819 419 1821 423 <

376 457 488 502 irato
522 457 682 502 dicitur
713 456 825 512 filio,

557 555 741 587 Orationem
759 558 868 597 sperat
881 553 1041 588 invenisse
1053 565 1088 587 se
1100 580 1110 597 ,
1124 566 1184 598 qua
1197 555 1328 588 differat
1344 560 1378 587 te
1392 561 1418 587 ².

387 630 505 676 Solet
523 640 667 675 autem
695 631 766 675 hic
789 630 994 690 intelligi,
1029 630 1224 687 differat,
1255 631 1377 677 velut
1408 632 1487 677 hac
1513 642 1645 694 atque
1666 630 1765 676 illac
1822 611 1825 628 ³
1853 618 1867 638 ν

382 701 493 747 ferat
520 712 772 762 tempestate
796 702 1053 758 verborum,
1081 704 1201 763 quasi
1230 703 1465 764 discerpat,
1496 712 1538 748 et
1566 703 1763 763 dissipet,

382 772 503 835 quod
530 774 682 833 utique
707 771 779 817 ille
805 773 1047 818 accusando
1074 774 1305 818 videbatur
1335 790 1424 818 esse
1447 772 1654 818 facturus.
1684 771 1768 818 Sed
1825 765 1827 812 Ῐ
1859 762 1863 779 ”

383 846 478 900 etsi,
504 864 523 887 «
541 844 725 890 Differre
739 845 898 888 eumin
913 845 998 899 via,
1019 864 1038 887 »
1056 845 1114 889 sic
1128 844 1587 906 intellexerimus,quia
1601 842 1769 888 distulit
1786 888 1789 889 ⁷
1826 845 1827 850 ’

384 914 579 975 Angelus
607 917 696 976 ejus
723 915 1047 963 festinationem
1077 915 1336 960 remorando
1353 951 1364 971 ,
1394 924 1446 959 ut
1462 916 1501 959 ei
1523 913 1643 976 quod
1661 930 1770 975 opus
1826 953 1829 973 x

384 996 476 1030 erat
513 995 556 1030 et
577 987 913 1041 demonstraret,
947 995 991 1030 et
1015 986 1203 1044 diceret,
1234 1002 1325 1030 non
1353 985 1541 1032 absurda
1560 997 1620 1030 est
1641 978 1770 1046 hujus

383 1056 507 1101 verbi
533 1057 663 1100 etiam
685 1056 765 1100 sub
785 1057 864 1101 ista
885 1056 1199 1116 significatione
1218 1056 1389 1116 positio.

928 1178 1164 1228 QUAEsrlo
1195 1181 1239 1219 L.

450 1314 471 1337 «
489 1296 555 1338 ET
570 1309 671 1338 cum
690 1291 864 1338 vidisset
882 1293 998 1337 asina
1015 1292 1234 1356 Angelum
1247 1293 1324 1337 Dei
1340 1294 1609 1338 resistentem
1625 1293 1671 1338 in
1687 1293 1772 1348 via,

391 1383 412 1407 »
440 1375 484 1409 et
500 1364 777 1422 evaginatum
791 1363 983 1422 gladium
996 1363 1041 1406 in
1057 1379 1191 1407 manu
1208 1364 1299 1423 ejus
1316 1398 1326 1418 ,
1343 1372 1386 1408 et
1406 1362 1641 1409 declinavit
1658 1361 1772 1408 asina
1836 1363 1838 1366 ’

392 1454 413 1477 1)
440 1434 494 1479 de
517 1435 606 1490 via,
631 1443 675 1478 et
689 1433 778 1478 ibat
794 1433 840 1477 iu
861 1449 1080 1492 campum.
1111 1452 1129 1474 >›
1156 1435 1345 1493 Campus
1377 1434 1456 1477 iste
1484 1433 1628 1478 adhuc
1659 1442 1777 1482 extra

390 1506 595 1551 macerias
611 1506 837 1550 vinearum
854 1503 951 1548 fuit.
977 1524 996 1546 «
1022 1508 1078 1548 Et
1092 1505 1300 1564 percussit
1319 1505 1481 1549 asinam
1503 1505 1547 1549 in
1569 1504 1703 1562 virga,
1728 1513 1779 1548 ut

394 1596 415 1620 »
441 1577 672 1636 corrigeret
685 1592 778 1620 eam
798 1576 842 1619 in
857 1576 1134 1620 via.Etstetit
1146 1574 1335 1633 Angelus
1351 1576 1427 1620 Dei
1439 1576 1484 1619 in
1500 1574 1627 1619 sulcis
1640 1575 1779 1619 vinea-
1832 1609 1835 1622 ι
1864 1617 1872 1638 ι,

396 1668 416 1690 n
445 1664 565 1704 rum,
591 1648 777 1692 maceria
802 1647 904 1690 hinc
921 1682 932 1702 ,
969 1656 1012 1690 et
1042 1647 1228 1691 maceria
1250 1647 1353 1691 hinc
1369 1648 1400 1690 ³.
1432 1664 1452 1688 »
1478 1646 1634 1691 Merito
1657 1662 1782 1706 quae-
1832 1647 1835 1694 ῤ

393 1719 503 1764 ritur
519 1719 553 1762 si
571 1718 673 1762 hinc
694 1727 824 1777 atque
842 1715 943 1760 inde
964 1717 1161 1761 maceriae
1179 1717 1223 1760 in
1241 1716 1385 1760 medio
1402 1716 1625 1776 ponebant
1644 1716 1779 1772 viam,

394 1791 505 1835 sicut
522 1790 615 1833 fieri
629 1789 759 1843 solet,
781 1787 1005 1848 quomodo
1018 1787 1079 1831 ibi
1095 1796 1210 1831 stans
1224 1786 1430 1845 Angelus,
1445 1787 1605 1832 dicitur
1619 1786 1782 1831 stetisse

396 1861 442 1905 in
482 1859 610 1903 sulcis
637 1860 888 1904 vinearum?
923 1860 1074 1917 Neque
1107 1857 1222 1900 enim
1258 1858 1303 1900 in
1333 1858 1402 1901 via
1438 1857 1551 1901 inter
1579 1856 1782 1901 macerias

396 1940 637 1992 potuerunt
666 1929 772 1973 sulci
794 1944 882 1973 esse
900 1929 1138 1972 vinearum.
1170 1927 1253 1972 Sed
1287 1927 1394 1972 ordo
1426 1927 1661 1973 verborum
1690 1936 1778 1981 est,
1842 1943 1843 1947 ¹

402 2021 422 2043 ‹<
448 2003 504 2045 Ut
518 2000 750 2057 corrigeret
765 2014 859 2042 eam
877 1998 922 2041 in
939 1998 1025 2052 via,
1042 1998 1225 2041 maceria
1239 1998 1357 2052 hine,
1375 2006 1417 2040 et
1436 1998 1619 2042 maceria
1631 1997 1778 2042 hinc.»
1842 2002 1843 2005 ’

398 2074 450 2117 In
470 2073 550 2115 hac
569 2085 669 2128 ergo
691 2070 758 2113 via
780 2069 993 2128 corrigere
1017 2068 1156 2113 voluit
1178 2068 1340 2112 asinam
1361 2066 1557 2122 Balaam,
1584 2077 1634 2112 ut
1670 2068 1784 2112 inter
1842 2058 1843 2079 ³

398 2141 602 2188 macerias
630 2139 888 2184 ambularet.
938 2139 1245 2197 interpositum
1266 2148 1330 2182 est
1351 2148 1519 2193 autem,
1544 2157 1564 2180 «
1589 2141 1646 2185 Et
1665 2138 1784 2183 stetit

403 2232 424 2254 »
449 2210 638 2270 Angelus
661 2210 738 2254 Dei
757 2210 802 2253 in
819 2208 946 2252 sulcis
964 2209 1211 2264 vinearum,
1237 2227 1255 2249 »
1282 2208 1327 2253 in
1349 2225 1435 2253 una
1457 2208 1619 2253 scilicet
1636 2209 1784 2254 vinea-
1843 2239 1845 2243 -

401 2300 515 2338 rum,
532 2283 686 2343 quaein
704 2281 846 2325 medio
861 2281 1083 2339 ponebant
1095 2281 1224 2324 viam.
1251 2300 1270 2322 «
1292 2283 1347 2324 Et
1365 2296 1464 2325 cum
1477 2279 1653 2324 vidisset
1667 2280 1784 2324 asina

405 2375 424 2398 »
451 2354 668 2413 Angelum
690 2352 792 2407 Dei,
828 2351 1080 2410 compressit
1110 2367 1154 2395 se
1183 2351 1239 2395 ad
1267 2351 1522 2410 parietem&
1548 2350 1594 2394 id
1617 2359 1695 2403 est,
1727 2349 1783 2394 ad
1844 2394 1846 2399 ,

1836 2438 1840 2450 Ι

453 2467 460 2482 ¹
480 2463 577 2502 Apcc.
595 2471 635 2491 un
653 2485 659 2500 ,
680 2471 713 2501 ⁸)-
738 2470 787 2489 io.
815 2475 855 2479 ——
888 2463 900 2478 ²
922 2456 1084 2488 ”rm-entim
1103 2457 1133 2487 111
1158 2456 1251 2488 Andr.
1274 2461 1337 2487 not.
1360 2467 1377 2486 11
1394 2481 1401 2488 .
1424 2466 1510 2487 seen.
1536 2454 1561 2497 Ἰ
1587 2473 1626 2477 ⁷<
1657 2453 1668 2477 3
1687 2456 1776 2486 Num.
1836 2454 1846 2477 ³

409 2527 483 2549 xxii,
503 2515 558 2555 ‘2‘37
579 2514 630 2555 1321.
654 2532 694 2535 >-
715 2512 903 2543 4111111313.
