1872 3267
298 324 566 362 QUAEsnoruzs
597 322 643 350 IN
676 322 938 360 mifiricum,
973 323 1056 350 Lm.
1093 323 1158 348 111.
1334 308 1416 348 403

34 391 212 447 hibere,
235 390 339 451 quia
368 389 566 450 superius
587 388 908 433 subobscurum
926 386 1038 433 fuit?
1059 401 1173 448 saepe
1194 386 1311 432 enim
1338 386 1423 431 hoc

34 463 141 510 facit
157 462 394 523 Scriptura.

555 568 793 620 QUAESTIO
825 571 907 610 Lx.

101 696 122 719 «
149 678 486 722 Tvnmwnmssm
516 674 662 720 fratris
682 674 814 735 patris
835 675 900 720 tui
920 690 1011 720 non
1036 672 1248 719 revelabis
1264 708 1275 729 ‚
1307 682 1351 718 et
1372 672 1427 718 ad

43 768 64 791 »
88 763 267 793 uxorem
289 749 382 809 ejus
409 763 500 793 non
525 746 724 792 introibis
748 749 778 791 ¹.
818 766 838 788 »
872 746 1083 807 Exposuit
1107 744 1215 807 qnid
1240 744 1396 790 dixerit
1412 781 1423 801 ,

45 839 66 863 »
103 819 437 881 Turpitudinem
474 819 618 864 {ratris
658 819 792 879 patris
827 819 913 874 tui,
947 817 994 863 id
1027 827 1117 875 est,
1153 817 1296 879 patrui
1340 817 1426 873 tui,

47 910 70 933 »
102 907 193 936 non
232 890 471 946 revelabis,
510 890 594 935 1100
626 899 689 934 est
720 885 862 945 enirn,
909 888 964 934 ad
997 905 1176 934 uxorem
1212 891 1305 949 ejus
1342 905 1431 933 non

49 982 70 1005 n
103 963 318 1008 introibis.
358 982 378 1004 »
418 966 470 1008 In
504 979 638 1008 uxore
672 963 835 1024 quippe
868 963 1035 1024 patrui,
1070 963 1210 1008 voluit
1249 962 1435 1022 intelligi

0 1067 1 1072 ,
49 1033 365 1094 turpitudinem
387 1034 532 1094 patrui
560 1035 673 1080 sicut
694 1035 738 1078 in
760 1050 893 1080 uxore
922 1035 1055 1095 patris
1072 1070 1083 1090 ,
1119 1034 1438 1095 turpitudinem

49 1115 196 1167 patris.

559 1203 797 1253 QUAESTIO
828 1205 928 1244 in.

116 1325 136 1349 «
162 1309 499 1351 TURPITUDINEM
515 1304 661 1349 uxoris
684 1302 829 1349 fratris
850 1305 915 1349 tui
932 1320 1022 1350 non
1045 1305 1278 1364 revelabis3
1301 1307 1444 1367 turpi-

4 1408 5 1412 ,
59 1396 80 1420 »
107 1377 212 1422 tudo
233 1375 377 1421 fratris
399 1375 463 1420 tui
482 1384 545 1420 est
562 1379 594 1420 ².
617 1394 636 1417 »
663 1375 883 1429 Quaeritur
896 1385 1046 1420 utrum
1068 1377 1151 1422 hoc
1171 1378 1269 1423 vivo
1292 1377 1441 1434 fratre,

12 1427 16 1522 i
60 1465 115 1494 an
144 1457 317 1493 mortuo
345 1448 399 1492 sit
420 1446 691 1508 prohibitum
715 1466 722 1491 :
749 1456 793 1491 et
818 1462 908 1492 non
936 1463 1067 1507 parva
1090 1450 1273 1509 quaestio
1296 1459 1373 1494 est.
1404 1450 1447 1495 Si

61 1521 177 1565 enim
195 1520 428 1564 dixerimus
450 1518 505 1563 de
521 1519 607 1563 vivi
629 1517 771 1562 fratris
793 1534 926 1563 uxore
947 1518 1139 1564 locutam
1159 1521 1424 1581 Scripturam
1437 1558 1449 1579 ,

10 1619 11 1623 =
60 1607 147 1637 uno
171 1589 358 1649 generali
381 1598 623 1650 praeeeptO,
644 1605 732 1650 quo
750 1590 1010 1648 prohibetur
1035 1592 1169 1636 homo
1193 1593 1248 1636 ad
1271 1610 1449 1639 uxorem

14 1707 15 1710 ,
59 1663 262 1708 accedere
280 1660 465 1705 alienam
480 1664 512 1716 ³,
540 1661 669 1705 etiam
691 1661 774 1705 1100
794 1661 946 1722 utique
963 1663 1227 1708 continetur.
1254 1665 1371 1718 Quid
1389 1676 1453 1710 est

0 1739 17 1768 ἰ’
61 1749 163 1793 ergo
180 1731 302 1794 quod
324 1741 412 1777 tam
435 1732 666 1791 diligenter
687 1732 764 1777 has
782 1748 1007 1792 personas,
1032 1751 1139 1795 quas
1163 1736 1354 1797 appellat
1371 1738 1452 1783 do-

0 1798 28 1867 *i
64 1804 258 1850 mesticas
279 1839 289 1859 ,
324 1803 506 1864 propriis
538 1803 910 1863 prohibitionibus
943 1804 1170 1865 distinguit
1206 1823 1229 1852 a
1263 1811 1455 1856 caeteris?

0 1871 30 1932 51
64 1877 163 1924 Non
184 1877 300 1921 enim
323 1885 366 1920 et
396 1874 518 1936 quod
547 1875 753 1935 prohibet
780 1875 834 1920 de
857 1892 991 1921 uxore
1012 1878 1167 1937 patris,
1193 1880 1276 1925 1100
1308 1891 1371 1927 est
1402 1882 1458 1927 de

2 1973 11 2015 ⁸.
71 1964 270 2004 noverca,
296 1947 396 1992 vivo
418 1955 540 2007 patre
558 1946 860 2006 accipiendum
883 1957 972 2003 est,
997 1958 1041 1993 et
1062 1965 1153 1995 non
1175 1952 1318 2011 potius
1340 1969 1460 1999 mor-

0 2012 13 2087 l
71 2029 161 2066 tuo.
191 2022 301 2064 Nam
322 2018 421 2063 vivo
442 2027 565 2077 patre
594 2017 689 2078 quis
711 2033 801 2063 non
822 2019 968 2064 videat
988 2019 1130 2066 multo
1151 2024 1337 2068 maxime
1357 2041 1461 2085 pro-

0 2095 17 2124 11
72 2091 287 2142 hibitum‚
313 2089 347 2134 si
368 2087 602 2149 cujuslibet
630 2088 820 2133 hominis
842 2105 951 2134 uxor
979 2089 1118 2136 aliena
1148 2095 1367 2153 prohibita
1400 2107 1464 2143 est

0 2166 20 2197 ¹⁹
75 2160 281 2207 maculari
309 2159 548 2205 adulterio?
576 2162 639 2204 De
665 2159 732 2203 his
760 2175 864 2219 ergo
886 2162 1080 2220 personis
1105 2164 1280 2210 videtur
1310 2167 1431 2229 loqui
1448 2205 1459 2224 9

2 2237 22 2268 0¹
76 2249 174 2295 quae
197 2241 373 2293 possent
394 2247 485 2276 non
507 2230 716 2275 habentes
737 2231 850 2276 viros
876 2233 922 2277 in
942 2234 1271 2282 matrimonium
1303 2256 1464 2285 conve-

0 2297 26 2340 Ex
79 2304 191 2360 nire,
217 2304 298 2348 nisi
323 2306 439 2362 Lege
466 2301 826 2362 prohiberentur,
857 2304 967 2348 sicut
996 2305 1136 2351 fertur
1165 2324 1254 2353 esse
1280 2326 1466 2356 consue-

0 2379 30 2411 ssffl
82 2375 187 2420 tudo
201 2378 442 2419 Persarum.
462 2372 548 2418 Sed
563 2388 726 2428 rursm,
742 2373 776 2417 si
792 2373 925 2418 fratre
942 2385 1117 2422 mortuo
1132 2378 1471 2428 intellexerimus

2 2437 32 2483 bl·
81 2446 352 2507 prohibitum
388 2460 477 2490 esse
509 2443 670 2489 ducere
697 2443 840 2490 fratris
867 2463 1075 2504 uxorem,
1109 2452 1300 2496 occurrit
1329 2453 1466 2511 illud,

0 2521 35 2563 ιω
82 2516 217 2578 quod,
244 2516 459 2561 excitandi
487 2516 660 2560 seminis
682 2531 830 2573 causa,
857 2517 891 2562 si
911 2517 984 2562 ille
1001 2519 1093 2564 sine
1115 2521 1212 2567 filiis
1234 2522 1469 2571 defunctus

0 2597 37 2628 ›w‘
87 2598 209 2644 esset,
228 2588 356 2648 jubet
375 2587 595 2648 Scriptura
615 2602 703 2630 esse
722 2586 967 2632 faciendum
989 2589 1024 2633 ⁴:
1053 2607 1101 2635 ac
1123 2607 1200 2652 per
1214 2594 1297 2639 hoc
1314 2596 1469 2642 collata

54 2681 57 2718 1
138 2694 144 2708 ¹
163 2686 266 2720 Lex-it.
290 2697 380 2727 xvni,
401 2685 449 2727 14.
478 2701 519 2707 —
538 2692 549 2706 ²
570 2685 650 2716 ibid.
684 2684 791 2715 16,-—
809 2683 821 2706 3
838 2687 934 2717 Exod.
962 2697 1016 2728 xx,
1037 2686 1087 2729 14.
1110 2706 1149 2711 —
1169 2688 1183 2719 4
1203 2694 1294 2723 Dent.
1317 2704 1388 2734 xxv,
1406 2694 1434 2725 53,

1223 2747 1285 2785 Ξ(3.
