1872 3267
369 199 453 240 614
805 212 838 237 s.
875 208 1105 238 Aueusrnu
1138 210 1319 237 Emscom

370 274 651 322 Transeunda
671 275 802 320 etiam
824 275 996 335 specula
1016 274 1196 330 Galaad,
1218 274 1426 336 quoniam
1447 273 1611 319 Galaad
1628 275 1757 319 etiam

369 346 577 393 revelatio
611 346 938 405 interpretatur.
977 348 1055 390 Est
1093 355 1240 390 autem
1274 344 1449 405 specula
1487 344 1673 390 altitudo
1701 344 1757 389 ad

367 417 723 480 prospiciendum
740 453 751 472 7
783 416 854 461 vel
878 416 1230 477 despiciendum,
1254 416 1300 461 id
1323 425 1410 472 est,
1435 416 1620 476 desuper
1642 416 1757 476 aspi-

364 489 585 535 ciendum.
610 487 793 548 Specula
810 488 957 548 itaque
974 487 1139 532 Galaad
1155 496 1446 547 congruenter
1464 487 1571 531 mihi
1583 485 1758 532 videtur

365 561 608 621 significare
630 559 880 620 superbiam
901 558 1187 603 revelationis.
1212 558 1337 604 Unde
1363 558 1467 603 dicit
1494 557 1753 619 Apostolus:

372 653 393 676 «
416 636 473 678 Et
500 633 547 676 in
567 630 871 691 magnitudine
899 630 1216 676 revelationum
1243 646 1298 674 ne
1321 629 1563 675 extollar1?
1587 648 1607 672 »
1641 632 1759 689 Ergo

370 715 413 749 et
435 705 527 765 ipsa
550 703 816 748 transeunda
840 711 924 758 est,
949 701 995 746 id
1023 711 1108 757 est,
1134 717 1224 746 non
1245 710 1309 745 est
1335 702 1380 745 in
1415 717 1463 746 ea
1492 700 1760 745 manendum

366 785 546 837 propter
568 774 753 820 cadendi
783 774 1043 835 periculum.
1070 773 1146 818 His
1177 773 1441 833 pertransitis
1473 771 1601 817 facile
1631 787 1759 832 supe-

365 857 520 892 rantur
541 846 706 891 inimici
742 865 751 891 :
773 845 894 907 quod
915 846 1130 905 significat
1151 844 1361 900 dicendo,
1388 863 1407 886 «
1432 847 1490 888 Et
1507 843 1562 888 ab
1586 843 1762 903 specula

370 936 391 961 «
417 916 581 962 Galaad
613 917 783 962 transiit
805 916 860 961 ad
882 915 992 961 filios
1013 919 1230 971 Ammon,
1258 934 1278 957 »
1304 914 1359 959 de
1389 914 1551 975 quibus
1578 914 1762 959 inimicis

365 990 454 1049 J'am
473 1004 603 1048 supra
625 987 793 1032 dictum
812 996 890 1031 est.

426 1062 591 1103 XXVI.
621 1078 641 1101 «
662 1061 720 1102 Et
740 1058 859 1103 vovit
881 1057 1040 1117 Jephte
1053 1066 1228 1112 votum⁷
1249 1065 1293 1101 et
1308 1055 1440 1101 dixit:
1468 1056 1511 1102 Si
1526 1054 1761 1101 traditione

371 1147 392 1172 »
418 1128 648 1174 tradideris
681 1129 788 1172 mihi
825 1127 935 1172 filios
972 1131 1164 1172 Ammon
1203 1127 1250 1171 in
1280 1142 1416 1172 manu
1437 1142 1554 1182 mea,
1577 1135 1621 1170 et
1655 1127 1758 1182 erit,

371 1218 393 1242 »
418 1200 689 1261 quicumque
705 1199 854 1243 exierit
875 1198 929 1242 de
942 1198 1086 1258 januis
1103 1198 1259 1242 domus
1281 1212 1389 1241 meae
1401 1198 1446 1242 in
1469 1197 1641 1242 obviam
1655 1197 1765 1242 mihi

370 1289 392 1314 ))
417 1271 463 1316 in
485 1269 744 1315 revertendo
757 1284 827 1313 me
840 1270 886 1312 in
902 1284 1007 1328 pace
1023 1285 1046 1312 a
1063 1268 1162 1312 filiis
1174 1272 1364 1313 Ammon
1375 1303 1386 1324 ‚
1404 1277 1448 1312 et
1460 1268 1540 1312 erit
1556 1267 1760 1323 Domino,

373 1361 394 1384 »
416 1351 459 1387 et
479 1341 659 1387 offeram
688 1356 789 1385 eum
802 1339 1175 1385 holocaust0ma2.
1198 1358 1218 1382 »
1242 1338 1492 1393 Quemlibet
1508 1340 1649 1384 inhoc
1666 1339 1763 1384 1000

369 1413 623 1473 cogitaverit
645 1415 669 1457 J
672 1413 803 1472 ephte
821 1410 1064 1456 secundum
1082 1411 1387 1470 cogitationem
1403 1411 1658 1466 humanam,
1674 1427 1764 1456 non

369 1485 544 1531 videtur
571 1484 748 1528 unicam
777 1483 913 1528 filiam
943 1483 1150 1542 cogitasse
1188 1503 1196 1528 ;
1227 1482 1423 1544 alioquin
1456 1498 1547 1527 non
1576 1482 1760 1538 diceret,

371 1572 473 1602 cum
498 1556 619 1600 illam
647 1564 842 1599 cerneret
865 1555 1123 1609 occurrisse,
1153 1573 1170 1594 «
1199 1557 1297 1599 Heu
1319 1569 1404 1609 me,
1430 1553 1517 1597 filia
1539 1568 1656 1609 mea,
1681 1553 1764 1598 im·-

375 1646 396 1670 »
421 1626 578 1687 pedisti
602 1642 697 1681 me,
729 1627 773 1669 in
800 1624 1119 1670 offendiculum
1147 1624 1262 1670 facta
1291 1641 1334 1670 es
1366 1625 1412 1668 in
1437 1624 1573 1669 oculis
1601 1625 1707 1668 meis
1728 1626 1760 1668 3,

375 1717 396 1741 >›
423 1697 647 1758 Impedisti
674 1715 693 1737 »
720 1697 836 1740 enim
869 1697 929 1740 ita
959 1696 1127 1740 dictum
1156 1705 1246 1750 est,
1285 1704 1496 1755 tanquam
1528 1695 1583 1739 ad
1604 1696 1688 1740 1100
1720 1711 1765 1740 se

371 1767 632 1828 impeditum
655 1766 931 1821 indicaverit⁷
957 1782 1012 1810 ne
1034 1766 1145 1810 illud
1166 1764 1286 1826 quod
1310 1766 1519 1824 cogitarat
1543 1765 1760 1826 impleret.

375 1840 461 1886 Sed
483 1854 614 1899 quem
636 1837 782 1897 potuit
803 1837 991 1895 cogitare
1010 1837 1211 1896 primitus
1233 1845 1536 1880 occurrentem
1558 1837 1635 1898 qui
1655 1837 1765 1882 filios

373 1909 479 1955 alios
491 1925 582 1953 non
600 1908 822 1952 habebat?
838 1911 907 1952 An
924 1908 1153 1967 conjugem
1172 1907 1393 1966 cogitavit,
1413 1916 1457 1951 et
1477 1916 1527 1951 ut
1543 1908 1627 1952 hoc
1643 1908 1766 1952 fieret

371 1985 487 2027 Deus
511 1979 674 2035 noluit,
714 1988 758 2023 et
780 1988 830 2023 ut
850 1994 941 2023 non
962 1978 1229 2039 relinqueret
1257 1978 1523 2038 impunitum
1538 2014 1549 2034 ,
1584 1994 1639 2022 ne
1669 1980 1765 2040 quis

369 2053 574 2111 deinceps
605 2051 650 2095 id
688 2050 895 2108 auderet3
931 2059 974 2094 et
1006 2059 1056 2094 ut
1088 2065 1244 2108 magna
1267 2050 1567 2110 providentia,
1599 2066 1650 2094 ex
1677 2051 1763 2096 hoc

372 2138 550 2184 quoque
561 2123 653 2182 ipso
666 2121 787 2182 quod
800 2121 971 2176 accidit,
984 2130 1303 2165 sacramentum
1314 2120 1520 2166 Ecclesiae
1532 2121 1766 2180 figuraret?

372 2198 438 2240 Ex
460 2204 648 2255 utroque
669 2194 801 2253 igitur
822 2193 1051 2253 prophetia
1071 2202 1270 2252 coaptata
1299 2202 1362 2237 est
1376 2228 1387 2248 ,
1425 2202 1469 2237 et
1490 2208 1541 2236 ex
1565 2208 1617 2237 eo
1645 2192 1766 2253 quod

369 2283 531 2312 vovens
548 2267 777 2324 cogitavit,
805 2275 848 2309 et
870 2281 920 2309 ex
943 2281 994 2309 eo
1016 2264 1138 2325 quod
1160 2264 1327 2309 nolenti
1355 2265 1553 2324 contigit.
1588 2266 1630 2310 Si
1648 2265 1766 2309 enim

373 2339 604 2398 conjugem
627 2337 848 2396 cogitavit,
880 2338 1040 2397 conjux
1066 2336 1226 2381 Christi
1249 2335 1440 2380 Ecclesia
1469 2345 1546 2380 est.
1585 2356 1605 2378 «
1633 2340 1767 2396 Prop-

377 2427 398 2450 »
424 2418 540 2453 terea
572 2407 789 2468 relinquet
811 2409 942 2451 homo
972 2416 1141 2466 patrem
1170 2416 1213 2450 et
1240 2416 1423 2450 matrem
1452 2416 1495 2450 et
1525 2407 1765 2450 adhaerebit

380 2498 400 2521 >›
420 2480 544 2524 uxori
566 2495 676 2534 suae,
698 2489 742 2522 et
753 2487 881 2522 erunt
899 2478 987 2521 (1110
1008 2478 1051 2521 in
1067 2493 1194 2521 carne
1212 2494 1313 2521 una.
1332 2480 1657 2522 Sacramentum
1676 2478 1759 2522 hoc

429 2570 435 2584 ¹
459 2572 477 2594 2
497 2566 568 2595 Cor.
590 2574 646 2603 xii,
675 2574 705 2605 7.
727 2580 767 2584 -
787 2569 798 2584 ²
819 2561 922 2593 Jmlic.
941 2573 982 2601 xi,
1009 2562 1061 2600 30,
1079 2562 1130 2592 31.
1153 2578 1194 2583 --—
1217 2560 1312 2592 31hid
1346 2561 1397 2592 535„
