<?xml version="1.0" encoding="UTF-8"?>
<!DOCTYPE html PUBLIC "-//W3C//DTD XHTML 1.0 Transitional//EN"
    "http://www.w3.org/TR/xhtml1/DTD/xhtml1-transitional.dtd">
<html xmlns="http://www.w3.org/1999/xhtml" xml:lang="en" lang="en">
 <head>
  <title>
</title>
<meta http-equiv="Content-Type" content="text/html;charset=utf-8" />
  <meta name='ocr-system' content='tesseract 3.04.00' />
  <meta name='ocr-capabilities' content='ocr_page ocr_carea ocr_par ocr_line ocrx_word'/>
</head>
<body>
  <div class='ocr_page' id='page_1' title='image "./operaomniaaccura06auguuoft_0435.png"; bbox 0 0 1872 3267; ppageno 0'>
   <div class='ocr_carea' id='block_1_1' title="bbox 327 179 1433 229">
    <p class='ocr_par' dir='ltr' id='par_1_1' title="bbox 327 179 1433 229">
     <span class='ocr_line' id='line_1_1' title="bbox 327 179 1433 229; baseline 0 -10"><span class='ocrx_word' id='word_1_1' title='bbox 327 189 596 229; x_wconf 69' lang='lat' dir='ltr'>Quazs‘momzs</span> <span class='ocrx_word' id='word_1_2' title='bbox 629 193 672 218; x_wconf 75' lang='lat' dir='ltr'>m</span> <span class='ocrx_word' id='word_1_3' title='bbox 707 190 933 229; x_wconf 70' lang='lat' dir='ltr'>Nummos,</span> <span class='ocrx_word' id='word_1_4' title='bbox 969 193 1051 219; x_wconf 68' lang='lat' dir='ltr'>Lus.</span> <span class='ocrx_word' id='word_1_5' title='bbox 1089 192 1148 218; x_wconf 84' lang='lat' dir='ltr'>iv.</span> <span class='ocrx_word' id='word_1_6' title='bbox 1349 179 1433 219; x_wconf 79' lang='lat'>429</span> 
     </span>
    </p>
   </div>
   <div class='ocr_carea' id='block_1_2' title="bbox 579 296 913 345">
    <p class='ocr_par' dir='ltr' id='par_1_2' title="bbox 579 296 913 345">
     <span class='ocr_line' id='line_1_2' title="bbox 579 296 913 345; baseline 0 -10"><span class='ocrx_word' id='word_1_7' title='bbox 579 296 816 345; x_wconf 79' lang='lat' dir='ltr'>QoAEsrlo</span> <span class='ocrx_word' id='word_1_8' title='bbox 847 298 913 336; x_wconf 72' lang='lat' dir='ltr'>vl.</span> 
     </span>
    </p>
   </div>
   <div class='ocr_carea' id='block_1_3' title="bbox 0 0 35 906">
    <p class='ocr_par' dir='ltr' id='par_1_3' title="bbox 0 0 35 906">
     <span class='ocr_line' id='line_1_3' title="bbox 0 0 35 906; baseline 0 0"><span class='ocrx_word' id='word_1_9' title='bbox 0 0 24 906; x_wconf 95' lang='lat' dir='ltr'>    </span> <span class='ocrx_word' id='word_1_10' title='bbox 15 714 35 906; x_wconf 95' lang='lat' dir='ltr'> </span> 
     </span>
    </p>
   </div>
   <div class='ocr_carea' id='block_1_4' title="bbox 11 398 1449 1948">
    <p class='ocr_par' dir='ltr' id='par_1_4' title="bbox 11 398 1441 1242">
     <span class='ocr_line' id='line_1_4' title="bbox 106 398 1437 460; baseline 0.002 -18"><span class='ocrx_word' id='word_1_11' title='bbox 106 401 222 453; x_wconf 71' lang='lat' dir='ltr'>Qum</span> <span class='ocrx_word' id='word_1_12' title='bbox 245 407 309 443; x_wconf 85' lang='lat' dir='ltr'>est</span> <span class='ocrx_word' id='word_1_13' title='bbox 329 398 448 460; x_wconf 89' lang='lat' dir='ltr'>quod</span> <span class='ocrx_word' id='word_1_14' title='bbox 472 399 640 443; x_wconf 84' lang='lat' dir='ltr'>Levitas</span> <span class='ocrx_word' id='word_1_15' title='bbox 662 414 741 459; x_wconf 90' lang='lat' dir='ltr'>pro</span> <span class='ocrx_word' id='word_1_16' title='bbox 763 400 1059 460; x_wconf 82' lang='lat' dir='ltr'>primogenitis</span> <span class='ocrx_word' id='word_1_17' title='bbox 1089 398 1278 445; x_wconf 89' lang='lat' dir='ltr'>filiorum</span> <span class='ocrx_word' id='word_1_18' title='bbox 1305 401 1437 445; x_wconf 81' lang='lat' dir='ltr'>lsra&#39;e&#39;l</span> 
     </span>
     <span class='ocr_line' id='line_1_5' title="bbox 12 468 1434 530; baseline 0.001 -17"><span class='ocrx_word' id='word_1_19' title='bbox 12 494 14 502; x_wconf 45' lang='grc' dir='ltr'><strong><em>ι</em></strong></span> <span class='ocrx_word' id='word_1_20' title='bbox 47 469 128 514; x_wconf 89' lang='lat' dir='ltr'>sibi</span> <span class='ocrx_word' id='word_1_21' title='bbox 146 473 258 513; x_wconf 89' lang='lat' dir='ltr'>Deus</span> <span class='ocrx_word' id='word_1_22' title='bbox 282 468 480 529; x_wconf 85' lang='lat' dir='ltr'>deputat,</span> <span class='ocrx_word' id='word_1_23' title='bbox 506 469 564 513; x_wconf 89' lang='lat' dir='ltr'>ita</span> <span class='ocrx_word' id='word_1_24' title='bbox 584 478 634 513; x_wconf 92' lang='lat' dir='ltr'>ut</span> <span class='ocrx_word' id='word_1_25' title='bbox 652 470 890 515; x_wconf 86' lang='lat' dir='ltr'>numeratis</span> <span class='ocrx_word' id='word_1_26' title='bbox 912 470 1208 530; x_wconf 81' lang='lat' dir='ltr'>primogenitis</span> <span class='ocrx_word' id='word_1_27' title='bbox 1233 470 1383 530; x_wconf 86' lang='lat' dir='ltr'>populi</span> <span class='ocrx_word' id='word_1_28' title='bbox 1403 474 1434 528; x_wconf 88' lang='lat'>¹,</span> 
     </span>
     <span class='ocr_line' id='line_1_6' title="bbox 11 514 1433 600; baseline 0.001 -16"><span class='ocrx_word' id='word_1_29' title='bbox 11 514 15 587; x_wconf 83' lang='grc'><strong>1</strong></span> <span class='ocrx_word' id='word_1_30' title='bbox 46 539 122 599; x_wconf 86' lang='lat' dir='ltr'>qui</span> <span class='ocrx_word' id='word_1_31' title='bbox 154 538 299 599; x_wconf 90' lang='lat' dir='ltr'>plures</span> <span class='ocrx_word' id='word_1_32' title='bbox 321 539 486 584; x_wconf 89' lang='lat' dir='ltr'>inventi</span> <span class='ocrx_word' id='word_1_33' title='bbox 513 549 614 584; x_wconf 89' lang='lat' dir='ltr'>sunt</span> <span class='ocrx_word' id='word_1_34' title='bbox 643 555 775 600; x_wconf 86' lang='lat' dir='ltr'>quam</span> <span class='ocrx_word' id='word_1_35' title='bbox 798 550 889 586; x_wconf 88' lang='lat' dir='ltr'>erat</span> <span class='ocrx_word' id='word_1_36' title='bbox 921 556 1128 585; x_wconf 90' lang='lat' dir='ltr'>numerus</span> <span class='ocrx_word' id='word_1_37' title='bbox 1157 541 1404 585; x_wconf 86' lang='lat' dir='ltr'>Levitarum</span> <span class='ocrx_word' id='word_1_38' title='bbox 1423 577 1433 597; x_wconf 91' lang='lat'>,</span> 
     </span>
     <span class='ocr_line' id='line_1_7' title="bbox 13 606 1438 672; baseline 0.001 -18"><span class='ocrx_word' id='word_1_39' title='bbox 13 606 15 621; x_wconf 78' lang='lat'><em>¹</em></span> <span class='ocrx_word' id='word_1_40' title='bbox 46 619 225 670; x_wconf 87' lang='lat' dir='ltr'>argento</span> <span class='ocrx_word' id='word_1_41' title='bbox 243 609 576 666; x_wconf 80' lang='lat' dir='ltr'>redimerentur,</span> <span class='ocrx_word' id='word_1_42' title='bbox 596 612 793 672; x_wconf 84' lang='lat' dir='ltr'>quinque</span> <span class='ocrx_word' id='word_1_43' title='bbox 815 611 928 656; x_wconf 89' lang='lat' dir='ltr'>siclis</span> <span class='ocrx_word' id='word_1_44' title='bbox 945 628 1024 672; x_wconf 90' lang='lat' dir='ltr'>pro</span> <span class='ocrx_word' id='word_1_45' title='bbox 1042 627 1131 656; x_wconf 92' lang='lat' dir='ltr'>uno</span> <span class='ocrx_word' id='word_1_46' title='bbox 1153 610 1290 656; x_wconf 77' lang='lat' dir='ltr'>datis?</span> <span class='ocrx_word' id='word_1_47' title='bbox 1307 612 1438 666; x_wconf 89' lang='lat' dir='ltr'>Quod</span> 
     </span>
     <span class='ocr_line' id='line_1_8' title="bbox 12 681 1438 742; baseline 0.001 -16"><span class='ocrx_word' id='word_1_48' title='bbox 12 693 15 734; x_wconf 72' lang='lat'><em>}</em></span> <span class='ocrx_word' id='word_1_49' title='bbox 47 696 126 742; x_wconf 90' lang='lat' dir='ltr'>pro</span> <span class='ocrx_word' id='word_1_50' title='bbox 147 681 377 741; x_wconf 85' lang='lat' dir='ltr'>pecoribus</span> <span class='ocrx_word' id='word_1_51' title='bbox 409 697 498 726; x_wconf 91' lang='lat' dir='ltr'>non</span> <span class='ocrx_word' id='word_1_52' title='bbox 517 682 762 726; x_wconf 82' lang='lat' dir='ltr'>estfactum</span> <span class='ocrx_word' id='word_1_53' title='bbox 778 718 788 738; x_wconf 87' lang='lat'>,</span> <span class='ocrx_word' id='word_1_54' title='bbox 822 699 922 727; x_wconf 90' lang='lat' dir='ltr'>eum</span> <span class='ocrx_word' id='word_1_55' title='bbox 945 692 988 726; x_wconf 88' lang='lat' dir='ltr'>et</span> <span class='ocrx_word' id='word_1_56' title='bbox 1009 698 1166 742; x_wconf 87' lang='lat' dir='ltr'>pecora</span> <span class='ocrx_word' id='word_1_57' title='bbox 1190 683 1438 728; x_wconf 84' lang='lat' dir='ltr'>Levitarum</span> 
     </span>
     <span class='ocr_line' id='line_1_9' title="bbox 12 743 1440 828; baseline 0.003 -32"><span class='ocrx_word' id='word_1_58' title='bbox 12 743 15 828; x_wconf 45' lang='lat' dir='ltr'>i</span> <span class='ocrx_word' id='word_1_59' title='bbox 46 767 126 813; x_wconf 91' lang='lat' dir='ltr'>pro</span> <span class='ocrx_word' id='word_1_60' title='bbox 147 753 446 812; x_wconf 82' lang='lat' dir='ltr'>primogenitis</span> <span class='ocrx_word' id='word_1_61' title='bbox 474 768 681 812; x_wconf 82' lang='lat' dir='ltr'>pecorum</span> <span class='ocrx_word' id='word_1_62' title='bbox 718 753 849 798; x_wconf 77' lang='lat' dir='ltr'>Israel</span> <span class='ocrx_word' id='word_1_63' title='bbox 870 753 950 798; x_wconf 86' lang='lat' dir='ltr'>sibi</span> <span class='ocrx_word' id='word_1_64' title='bbox 973 769 1062 798; x_wconf 90' lang='lat' dir='ltr'>esse</span> <span class='ocrx_word' id='word_1_65' title='bbox 1089 753 1290 799; x_wconf 90' lang='lat' dir='ltr'>voluerit.</span> <span class='ocrx_word' id='word_1_66' title='bbox 1319 757 1440 808; x_wconf 88' lang='lat' dir='ltr'>Quo-</span> 
     </span>
     <span class='ocr_line' id='line_1_10' title="bbox 14 822 1438 885; baseline 0.002 -18"><span class='ocrx_word' id='word_1_67' title='bbox 14 855 15 883; x_wconf 76' lang='lat'>3</span> <span class='ocrx_word' id='word_1_68' title='bbox 47 822 179 868; x_wconf 90' lang='lat' dir='ltr'>modo</span> <span class='ocrx_word' id='word_1_69' title='bbox 214 823 418 883; x_wconf 84' lang='lat' dir='ltr'>deinceps</span> <span class='ocrx_word' id='word_1_70' title='bbox 445 823 735 883; x_wconf 82' lang='lat' dir='ltr'>primogenita</span> <span class='ocrx_word' id='word_1_71' title='bbox 768 839 919 869; x_wconf 89' lang='lat' dir='ltr'>eorum</span> <span class='ocrx_word' id='word_1_72' title='bbox 945 824 1016 869; x_wconf 90' lang='lat' dir='ltr'>vel</span> <span class='ocrx_word' id='word_1_73' title='bbox 1044 841 1253 885; x_wconf 88' lang='lat' dir='ltr'>pecorum</span> <span class='ocrx_word' id='word_1_74' title='bbox 1288 841 1438 870; x_wconf 89' lang='lat' dir='ltr'>eorum</span> 
     </span>
     <span class='ocr_line' id='line_1_11' title="bbox 13 891 1440 957; baseline 0.003 -19"><span class='ocrx_word' id='word_1_75' title='bbox 13 891 15 926; x_wconf 57' lang='lat' dir='ltr'>f</span> <span class='ocrx_word' id='word_1_76' title='bbox 45 894 321 955; x_wconf 81' lang='lat' dir='ltr'>pertinebant</span> <span class='ocrx_word' id='word_1_77' title='bbox 350 894 406 939; x_wconf 87' lang='lat' dir='ltr'>ad</span> <span class='ocrx_word' id='word_1_78' title='bbox 434 897 573 939; x_wconf 90' lang='lat' dir='ltr'>Deum</span> <span class='ocrx_word' id='word_1_79' title='bbox 590 930 600 950; x_wconf 91' lang='lat'>,</span> <span class='ocrx_word' id='word_1_80' title='bbox 631 895 708 939; x_wconf 92' lang='lat' dir='ltr'>ubi</span> <span class='ocrx_word' id='word_1_81' title='bbox 736 897 866 956; x_wconf 84' lang='lat' dir='ltr'>jussit</span> <span class='ocrx_word' id='word_1_82' title='bbox 892 896 1120 941; x_wconf 88' lang='lat' dir='ltr'>immunda</span> <span class='ocrx_word' id='word_1_83' title='bbox 1150 897 1440 957; x_wconf 84' lang='lat' dir='ltr'>primogenita</span> 
     </span>
     <span class='ocr_line' id='line_1_12' title="bbox 14 965 1441 1028; baseline 0.002 -18"><span class='ocrx_word' id='word_1_84' title='bbox 14 1011 15 1015; x_wconf 65' lang='grc'>,</span> <span class='ocrx_word' id='word_1_85' title='bbox 46 965 115 1011; x_wconf 90' lang='lat' dir='ltr'>vel</span> <span class='ocrx_word' id='word_1_86' title='bbox 145 966 335 1010; x_wconf 86' lang='lat' dir='ltr'>humana</span> <span class='ocrx_word' id='word_1_87' title='bbox 370 966 530 1010; x_wconf 88' lang='lat' dir='ltr'>mutari</span> <span class='ocrx_word' id='word_1_88' title='bbox 565 966 749 1011; x_wconf 79' lang='lat' dir='ltr'>ovibus?</span> <span class='ocrx_word' id='word_1_89' title='bbox 782 967 1014 1020; x_wconf 86' lang='lat' dir='ltr'>Quomodo</span> <span class='ocrx_word' id='word_1_90' title='bbox 1048 984 1138 1012; x_wconf 92' lang='lat' dir='ltr'>non</span> <span class='ocrx_word' id='word_1_91' title='bbox 1169 978 1213 1012; x_wconf 85' lang='lat' dir='ltr'>et</span> <span class='ocrx_word' id='word_1_92' title='bbox 1243 985 1323 1028; x_wconf 87' lang='lat' dir='ltr'>pro</span> <span class='ocrx_word' id='word_1_93' title='bbox 1351 970 1441 1014; x_wconf 83' lang='lat' dir='ltr'>istis</span> 
     </span>
     <span class='ocr_line' id='line_1_13' title="bbox 46 1034 1438 1098; baseline 0.002 -18"><span class='ocrx_word' id='word_1_94' title='bbox 46 1034 248 1096; x_wconf 85' lang='lat' dir='ltr'>deinceps</span> <span class='ocrx_word' id='word_1_95' title='bbox 293 1036 590 1096; x_wconf 84' lang='lat' dir='ltr'>primogenitis</span> <span class='ocrx_word' id='word_1_96' title='bbox 639 1038 1010 1098; x_wconf 84' lang='lat' dir='ltr'>computabantur</span> <span class='ocrx_word' id='word_1_97' title='bbox 1049 1037 1126 1082; x_wconf 81' lang='lat' dir='ltr'>filii</span> <span class='ocrx_word' id='word_1_98' title='bbox 1165 1039 1438 1098; x_wconf 78' lang='lat' dir='ltr'>Levitaruni;</span> 
     </span>
     <span class='ocr_line' id='line_1_14' title="bbox 14 1107 1441 1172; baseline 0.004 -22"><span class='ocrx_word' id='word_1_99' title='bbox 14 1128 17 1172; x_wconf 34' lang='grc' dir='ltr'><em>ᾗ</em></span> <span class='ocrx_word' id='word_1_100' title='bbox 45 1107 279 1166; x_wconf 87' lang='lat' dir='ltr'>(manebat</span> <span class='ocrx_word' id='word_1_101' title='bbox 301 1108 417 1151; x_wconf 89' lang='lat' dir='ltr'>enim</span> <span class='ocrx_word' id='word_1_102' title='bbox 440 1108 484 1152; x_wconf 90' lang='lat' dir='ltr'>in</span> <span class='ocrx_word' id='word_1_103' title='bbox 508 1109 688 1168; x_wconf 85' lang='lat' dir='ltr'>posteris</span> <span class='ocrx_word' id='word_1_104' title='bbox 711 1109 863 1153; x_wconf 90' lang='lat' dir='ltr'>eadem</span> <span class='ocrx_word' id='word_1_105' title='bbox 886 1109 1043 1165; x_wconf 88' lang='lat' dir='ltr'>tribus,</span> <span class='ocrx_word' id='word_1_106' title='bbox 1073 1125 1172 1171; x_wconf 83' lang='lat' dir='ltr'>quae</span> <span class='ocrx_word' id='word_1_107' title='bbox 1195 1120 1339 1170; x_wconf 82' lang='lat' dir='ltr'>posset</span> <span class='ocrx_word' id='word_1_108' title='bbox 1362 1127 1441 1171; x_wconf 88' lang='lat' dir='ltr'>pro</span> 
     </span>
     <span class='ocr_line' id='line_1_15' title="bbox 14 1174 1441 1242; baseline 0.003 -20"><span class='ocrx_word' id='word_1_109' title='bbox 14 1174 17 1226; x_wconf 63' lang='lat' dir='ltr'>f</span> <span class='ocrx_word' id='word_1_110' title='bbox 46 1178 339 1238; x_wconf 85' lang='lat' dir='ltr'>primogenitis</span> <span class='ocrx_word' id='word_1_111' title='bbox 355 1179 667 1238; x_wconf 83' lang='lat' dir='ltr'>posterioribus</span> <span class='ocrx_word' id='word_1_112' title='bbox 690 1180 934 1239; x_wconf 85' lang='lat' dir='ltr'>computari</span> <span class='ocrx_word' id='word_1_113' title='bbox 948 1183 985 1238; x_wconf 81' lang='lat' dir='ltr'>z)</span> <span class='ocrx_word' id='word_1_114' title='bbox 1003 1180 1085 1224; x_wconf 88' lang='lat' dir='ltr'>nisi</span> <span class='ocrx_word' id='word_1_115' title='bbox 1104 1180 1206 1241; x_wconf 87' lang='lat' dir='ltr'>quia</span> <span class='ocrx_word' id='word_1_116' title='bbox 1225 1180 1338 1226; x_wconf 90' lang='lat' dir='ltr'>illud</span> <span class='ocrx_word' id='word_1_117' title='bbox 1351 1183 1441 1242; x_wconf 82' lang='lat' dir='ltr'>jus-</span> 
     </span>
    </p>

    <p class='ocr_par' dir='ltr' id='par_1_5' title="bbox 14 1247 1449 1948">
     <span class='ocr_line' id='line_1_16' title="bbox 48 1247 1440 1312; baseline 0.004 -21"><span class='ocrx_word' id='word_1_118' title='bbox 48 1257 141 1292; x_wconf 86' lang='lat' dir='ltr'>tum</span> <span class='ocrx_word' id='word_1_119' title='bbox 173 1247 272 1303; x_wconf 81' lang='lat' dir='ltr'>fuit,</span> <span class='ocrx_word' id='word_1_120' title='bbox 295 1257 346 1292; x_wconf 91' lang='lat' dir='ltr'>ut</span> <span class='ocrx_word' id='word_1_121' title='bbox 367 1249 444 1308; x_wconf 89' lang='lat' dir='ltr'>qui</span> <span class='ocrx_word' id='word_1_122' title='bbox 466 1259 747 1294; x_wconf 86' lang='lat' dir='ltr'>nascerentur</span> <span class='ocrx_word' id='word_1_123' title='bbox 765 1249 820 1294; x_wconf 90' lang='lat' dir='ltr'>de</span> <span class='ocrx_word' id='word_1_124' title='bbox 841 1250 922 1295; x_wconf 90' lang='lat' dir='ltr'>illis</span> <span class='ocrx_word' id='word_1_125' title='bbox 939 1286 949 1306; x_wconf 91' lang='lat'>,</span> <span class='ocrx_word' id='word_1_126' title='bbox 978 1251 1055 1311; x_wconf 86' lang='lat' dir='ltr'>qui</span> <span class='ocrx_word' id='word_1_127' title='bbox 1083 1253 1174 1312; x_wconf 87' lang='lat' dir='ltr'>jam</span> <span class='ocrx_word' id='word_1_128' title='bbox 1196 1252 1251 1296; x_wconf 86' lang='lat' dir='ltr'>ad</span> <span class='ocrx_word' id='word_1_129' title='bbox 1273 1253 1440 1312; x_wconf 82' lang='lat' dir='ltr'>portio-</span> 
     </span>
     <span class='ocr_line' id='line_1_17' title="bbox 18 1316 1442 1384; baseline 0.002 -19"><span class='ocrx_word' id='word_1_130' title='bbox 18 1316 19 1320; x_wconf 31' lang='lat'><em>*</em></span> <span class='ocrx_word' id='word_1_131' title='bbox 47 1335 147 1365; x_wconf 90' lang='lat' dir='ltr'>nem</span> <span class='ocrx_word' id='word_1_132' title='bbox 170 1319 343 1364; x_wconf 90' lang='lat' dir='ltr'>Domini</span> <span class='ocrx_word' id='word_1_133' title='bbox 373 1321 668 1380; x_wconf 74' lang='lat' dir='ltr'>pertinebant,</span> <span class='ocrx_word' id='word_1_134' title='bbox 694 1321 840 1365; x_wconf 84' lang='lat' dir='ltr'>datam</span> <span class='ocrx_word' id='word_1_135' title='bbox 860 1337 939 1381; x_wconf 91' lang='lat' dir='ltr'>pro</span> <span class='ocrx_word' id='word_1_136' title='bbox 956 1323 1267 1382; x_wconf 82' lang='lat' dir='ltr'>primogenitis,</span> <span class='ocrx_word' id='word_1_137' title='bbox 1288 1324 1364 1384; x_wconf 83' lang='lat' dir='ltr'>qui</span> <span class='ocrx_word' id='word_1_138' title='bbox 1387 1324 1442 1368; x_wconf 91' lang='lat' dir='ltr'>de</span> 
     </span>
     <span class='ocr_line' id='line_1_18' title="bbox 48 1391 1442 1456; baseline 0.004 -21"><span class='ocrx_word' id='word_1_139' title='bbox 48 1393 239 1451; x_wconf 79' lang='lat' dir='ltr'>AEgypto</span> <span class='ocrx_word' id='word_1_140' title='bbox 270 1391 494 1447; x_wconf 80' lang='lat' dir='ltr'>exierunt,</span> <span class='ocrx_word' id='word_1_141' title='bbox 523 1393 611 1452; x_wconf 85' lang='lat' dir='ltr'>jam</span> <span class='ocrx_word' id='word_1_142' title='bbox 634 1396 748 1436; x_wconf 87' lang='lat' dir='ltr'>Deus</span> <span class='ocrx_word' id='word_1_143' title='bbox 770 1393 966 1452; x_wconf 88' lang='lat' dir='ltr'>proprios</span> <span class='ocrx_word' id='word_1_144' title='bbox 995 1394 1197 1449; x_wconf 87' lang='lat' dir='ltr'>haberet,</span> <span class='ocrx_word' id='word_1_145' title='bbox 1231 1404 1442 1456; x_wconf 80' lang='lat' dir='ltr'>tanquam</span> 
     </span>
     <span class='ocr_line' id='line_1_19' title="bbox 48 1460 1443 1527; baseline 0.004 -22"><span class='ocrx_word' id='word_1_146' title='bbox 48 1477 145 1505; x_wconf 89' lang='lat' dir='ltr'>suos</span> <span class='ocrx_word' id='word_1_147' title='bbox 168 1460 223 1505; x_wconf 92' lang='lat' dir='ltr'>de</span> <span class='ocrx_word' id='word_1_148' title='bbox 244 1461 354 1516; x_wconf 86' lang='lat' dir='ltr'>suis,</span> <span class='ocrx_word' id='word_1_149' title='bbox 389 1478 469 1506; x_wconf 89' lang='lat' dir='ltr'>nec</span> <span class='ocrx_word' id='word_1_150' title='bbox 502 1471 680 1521; x_wconf 87' lang='lat' dir='ltr'>possent</span> <span class='ocrx_word' id='word_1_151' title='bbox 707 1478 787 1522; x_wconf 88' lang='lat' dir='ltr'>pro</span> <span class='ocrx_word' id='word_1_152' title='bbox 815 1462 898 1507; x_wconf 82' lang='lat' dir='ltr'>illis</span> <span class='ocrx_word' id='word_1_153' title='bbox 919 1464 1034 1523; x_wconf 85' lang='lat' dir='ltr'>juste</span> <span class='ocrx_word' id='word_1_154' title='bbox 1063 1467 1330 1525; x_wconf 83' lang='lat' dir='ltr'>computari,</span> <span class='ocrx_word' id='word_1_155' title='bbox 1366 1467 1443 1527; x_wconf 84' lang='lat' dir='ltr'>qui</span> 
     </span>
     <span class='ocr_line' id='line_1_20' title="bbox 49 1531 1444 1597; baseline 0.004 -21"><span class='ocrx_word' id='word_1_156' title='bbox 49 1531 252 1591; x_wconf 88' lang='lat' dir='ltr'>deinceps</span> <span class='ocrx_word' id='word_1_157' title='bbox 267 1532 545 1592; x_wconf 81' lang='lat' dir='ltr'>primogeniti</span> <span class='ocrx_word' id='word_1_158' title='bbox 563 1535 653 1577; x_wconf 92' lang='lat' dir='ltr'>Deo</span> <span class='ocrx_word' id='word_1_159' title='bbox 669 1531 969 1577; x_wconf 70' lang='lat' dir='ltr'>debebantur?</span> <span class='ocrx_word' id='word_1_160' title='bbox 987 1538 1047 1578; x_wconf 90' lang='lat' dir='ltr'>De</span> <span class='ocrx_word' id='word_1_161' title='bbox 1062 1535 1263 1581; x_wconf 82' lang='lat' dir='ltr'>universo</span> <span class='ocrx_word' id='word_1_162' title='bbox 1280 1537 1444 1597; x_wconf 86' lang='lat' dir='ltr'>quippe</span> 
     </span>
     <span class='ocr_line' id='line_1_21' title="bbox 49 1601 1445 1668; baseline 0.004 -21"><span class='ocrx_word' id='word_1_163' title='bbox 49 1602 214 1663; x_wconf 87' lang='lat' dir='ltr'>populo</span> <span class='ocrx_word' id='word_1_164' title='bbox 230 1638 241 1657; x_wconf 93' lang='lat'>,</span> <span class='ocrx_word' id='word_1_165' title='bbox 270 1611 313 1646; x_wconf 85' lang='lat' dir='ltr'>et</span> <span class='ocrx_word' id='word_1_166' title='bbox 340 1601 394 1645; x_wconf 91' lang='lat' dir='ltr'>de</span> <span class='ocrx_word' id='word_1_167' title='bbox 426 1602 635 1646; x_wconf 86' lang='lat' dir='ltr'>universis</span> <span class='ocrx_word' id='word_1_168' title='bbox 659 1603 890 1662; x_wconf 87' lang='lat' dir='ltr'>pecoribus</span> <span class='ocrx_word' id='word_1_169' title='bbox 918 1605 1071 1664; x_wconf 83' lang='lat' dir='ltr'>populi</span> <span class='ocrx_word' id='word_1_170' title='bbox 1093 1606 1194 1650; x_wconf 86' lang='lat' dir='ltr'>data</span> <span class='ocrx_word' id='word_1_171' title='bbox 1217 1617 1281 1651; x_wconf 87' lang='lat' dir='ltr'>est</span> <span class='ocrx_word' id='word_1_172' title='bbox 1302 1609 1445 1668; x_wconf 88' lang='lat' dir='ltr'>portio</span> 
     </span>
     <span class='ocr_line' id='line_1_22' title="bbox 50 1673 1446 1739; baseline 0.004 -21"><span class='ocrx_word' id='word_1_173' title='bbox 50 1677 139 1718; x_wconf 91' lang='lat' dir='ltr'>Deo</span> <span class='ocrx_word' id='word_1_174' title='bbox 173 1678 253 1733; x_wconf 87' lang='lat' dir='ltr'>pro</span> <span class='ocrx_word' id='word_1_175' title='bbox 289 1673 588 1733; x_wconf 79' lang='lat' dir='ltr'>primogenitis</span> <span class='ocrx_word' id='word_1_176' title='bbox 611 1693 619 1718; x_wconf 79' lang='lat'>2</span> <span class='ocrx_word' id='word_1_177' title='bbox 646 1683 690 1718; x_wconf 90' lang='lat' dir='ltr'>et</span> <span class='ocrx_word' id='word_1_178' title='bbox 710 1675 804 1719; x_wconf 77' lang='lat' dir='ltr'>haec</span> <span class='ocrx_word' id='word_1_179' title='bbox 837 1676 980 1735; x_wconf 85' lang='lat' dir='ltr'>portio</span> <span class='ocrx_word' id='word_1_180' title='bbox 1003 1687 1095 1721; x_wconf 85' lang='lat' dir='ltr'>erat</span> <span class='ocrx_word' id='word_1_181' title='bbox 1118 1679 1278 1723; x_wconf 81' lang='lat' dir='ltr'>Levitae</span> <span class='ocrx_word' id='word_1_182' title='bbox 1303 1689 1346 1723; x_wconf 82' lang='lat' dir='ltr'>et</span> <span class='ocrx_word' id='word_1_183' title='bbox 1366 1695 1446 1739; x_wconf 89' lang='lat' dir='ltr'>pe-</span> 
     </span>
     <span class='ocr_line' id='line_1_23' title="bbox 15 1739 1446 1809; baseline 0.003 -20"><span class='ocrx_word' id='word_1_184' title='bbox 15 1739 19 1763; x_wconf 72' lang='lat'><em>⁷</em></span> <span class='ocrx_word' id='word_1_185' title='bbox 50 1760 149 1789; x_wconf 84' lang='lat' dir='ltr'>cora</span> <span class='ocrx_word' id='word_1_186' title='bbox 172 1758 338 1789; x_wconf 86' lang='lat' dir='ltr'>eorum.</span> <span class='ocrx_word' id='word_1_187' title='bbox 365 1746 463 1787; x_wconf 84' lang='lat' dir='ltr'>Jam</span> <span class='ocrx_word' id='word_1_188' title='bbox 493 1743 527 1787; x_wconf 89' lang='lat' dir='ltr'>si</span> <span class='ocrx_word' id='word_1_189' title='bbox 551 1744 660 1804; x_wconf 82' lang='lat' dir='ltr'>quid</span> <span class='ocrx_word' id='word_1_190' title='bbox 684 1745 956 1803; x_wconf 80' lang='lat' dir='ltr'>genuissent,</span> <span class='ocrx_word' id='word_1_191' title='bbox 992 1747 1069 1791; x_wconf 91' lang='lat' dir='ltr'>Dei</span> <span class='ocrx_word' id='word_1_192' title='bbox 1101 1757 1221 1794; x_wconf 83' lang='lat' dir='ltr'>erat:</span> <span class='ocrx_word' id='word_1_193' title='bbox 1247 1765 1336 1793; x_wconf 93' lang='lat' dir='ltr'>non</span> <span class='ocrx_word' id='word_1_194' title='bbox 1365 1766 1446 1809; x_wconf 90' lang='lat' dir='ltr'>po-</span> 
     </span>
     <span class='ocr_line' id='line_1_24' title="bbox 14 1814 1448 1879; baseline 0.004 -21"><span class='ocrx_word' id='word_1_195' title='bbox 14 1814 17 1824; x_wconf 85' lang='grc'><em>“</em></span> <span class='ocrx_word' id='word_1_196' title='bbox 52 1823 159 1859; x_wconf 85' lang='lat' dir='ltr'>terat</span> <span class='ocrx_word' id='word_1_197' title='bbox 194 1815 278 1859; x_wconf 82' lang='lat' dir='ltr'>hoc</span> <span class='ocrx_word' id='word_1_198' title='bbox 313 1823 523 1874; x_wconf 81' lang='lat' dir='ltr'>tanquam</span> <span class='ocrx_word' id='word_1_199' title='bbox 548 1830 570 1857; x_wconf 90' lang='lat' dir='ltr'>a</span> <span class='ocrx_word' id='word_1_200' title='bbox 595 1815 761 1874; x_wconf 91' lang='lat' dir='ltr'>populo</span> <span class='ocrx_word' id='word_1_201' title='bbox 809 1815 930 1871; x_wconf 80' lang='lat' dir='ltr'>dari,</span> <span class='ocrx_word' id='word_1_202' title='bbox 965 1817 1085 1877; x_wconf 87' lang='lat' dir='ltr'>quod</span> <span class='ocrx_word' id='word_1_203' title='bbox 1124 1820 1216 1879; x_wconf 85' lang='lat' dir='ltr'>jam</span> <span class='ocrx_word' id='word_1_204' title='bbox 1258 1818 1448 1865; x_wconf 89' lang='lat' dir='ltr'>alienum</span> 
     </span>
     <span class='ocr_line' id='line_1_25' title="bbox 51 1884 1449 1948; baseline 0.005 -18"><span class='ocrx_word' id='word_1_205' title='bbox 51 1895 169 1930; x_wconf 83' lang='lat' dir='ltr'>erat:</span> <span class='ocrx_word' id='word_1_206' title='bbox 195 1903 243 1931; x_wconf 84' lang='lat' dir='ltr'>ac</span> <span class='ocrx_word' id='word_1_207' title='bbox 263 1901 343 1946; x_wconf 87' lang='lat' dir='ltr'>per</span> <span class='ocrx_word' id='word_1_208' title='bbox 371 1886 456 1930; x_wconf 91' lang='lat' dir='ltr'>hoc</span> <span class='ocrx_word' id='word_1_209' title='bbox 492 1884 639 1930; x_wconf 85' lang='lat' dir='ltr'>debita</span> <span class='ocrx_word' id='word_1_210' title='bbox 668 1885 871 1947; x_wconf 87' lang='lat' dir='ltr'>deinceps</span> <span class='ocrx_word' id='word_1_211' title='bbox 901 1888 1191 1948; x_wconf 84' lang='lat' dir='ltr'>primogenita</span> <span class='ocrx_word' id='word_1_212' title='bbox 1214 1894 1303 1936; x_wconf 89' lang='lat' dir='ltr'>Deo</span> <span class='ocrx_word' id='word_1_213' title='bbox 1327 1891 1449 1936; x_wconf 86' lang='lat' dir='ltr'>reddi</span> 
     </span>
    </p>
   </div>
   <div class='ocr_carea' id='block_1_5' title="bbox 19 1956 1447 2088">
    <p class='ocr_par' dir='ltr' id='par_1_6' title="bbox 19 1956 1447 2088">
     <span class='ocr_line' id='line_1_26' title="bbox 19 1956 1447 2018; baseline 0.004 -17"><span class='ocrx_word' id='word_1_214' title='bbox 19 1963 21 1966; x_wconf 84' lang='grc'><strong>’</strong></span> <span class='ocrx_word' id='word_1_215' title='bbox 52 1956 304 2016; x_wconf 74' lang='lat' dir='ltr'>oportebat,</span> <span class='ocrx_word' id='word_1_216' title='bbox 334 1971 415 2000; x_wconf 89' lang='lat' dir='ltr'>nec</span> <span class='ocrx_word' id='word_1_217' title='bbox 438 1971 518 2016; x_wconf 92' lang='lat' dir='ltr'>pro</span> <span class='ocrx_word' id='word_1_218' title='bbox 540 1956 606 2000; x_wconf 90' lang='lat' dir='ltr'>his</span> <span class='ocrx_word' id='word_1_219' title='bbox 624 1957 869 2016; x_wconf 86' lang='lat' dir='ltr'>computari</span> <span class='ocrx_word' id='word_1_220' title='bbox 890 1967 1084 2018; x_wconf 86' lang='lat' dir='ltr'>posteros</span> <span class='ocrx_word' id='word_1_221' title='bbox 1107 1962 1356 2007; x_wconf 86' lang='lat' dir='ltr'>Levitarum</span> <span class='ocrx_word' id='word_1_222' title='bbox 1378 1962 1447 2007; x_wconf 90' lang='lat' dir='ltr'>vel</span> 
     </span>
     <span class='ocr_line' id='line_1_27' title="bbox 53 2042 449 2088; baseline -0.005 -15"><span class='ocrx_word' id='word_1_223' title='bbox 53 2042 260 2088; x_wconf 87' lang='lat' dir='ltr'>pecorum</span> <span class='ocrx_word' id='word_1_224' title='bbox 280 2042 449 2072; x_wconf 90' lang='lat' dir='ltr'>eorum.</span> 
     </span>
    </p>
   </div>
   <div class='ocr_carea' id='block_1_6' title="bbox 576 2140 927 2189">
    <p class='ocr_par' dir='ltr' id='par_1_7' title="bbox 576 2140 927 2189">
     <span class='ocr_line' id='line_1_28' title="bbox 576 2140 927 2189; baseline 0.009 -11"><span class='ocrx_word' id='word_1_225' title='bbox 576 2140 812 2189; x_wconf 80' lang='lat' dir='ltr'>QUAESTIO</span> <span class='ocrx_word' id='word_1_226' title='bbox 842 2143 927 2181; x_wconf 81' lang='lat' dir='ltr'>vn.</span> 
     </span>
    </p>
   </div>
   <div class='ocr_carea' id='block_1_7' title="bbox 55 2240 1447 2378">
    <p class='ocr_par' dir='ltr' id='par_1_8' title="bbox 55 2240 1447 2378">
     <span class='ocr_line' id='line_1_29' title="bbox 112 2240 1447 2305; baseline 0.004 -18"><span class='ocrx_word' id='word_1_227' title='bbox 112 2244 214 2287; x_wconf 75' lang='lat' dir='ltr'>CUM</span> <span class='ocrx_word' id='word_1_228' title='bbox 241 2242 499 2302; x_wconf 83' lang='lat' dir='ltr'>praeciperet</span> <span class='ocrx_word' id='word_1_229' title='bbox 529 2240 582 2286; x_wconf 80' lang='lat' dir='ltr'>de</span> <span class='ocrx_word' id='word_1_230' title='bbox 608 2241 801 2288; x_wconf 85' lang='lat' dir='ltr'>tollenda</span> <span class='ocrx_word' id='word_1_231' title='bbox 824 2259 997 2300; x_wconf 78' lang='lat' dir='ltr'>mensa,</span> <span class='ocrx_word' id='word_1_232' title='bbox 1028 2245 1157 2305; x_wconf 85' lang='lat' dir='ltr'>jussit</span> <span class='ocrx_word' id='word_1_233' title='bbox 1184 2261 1285 2291; x_wconf 87' lang='lat' dir='ltr'>cum</span> <span class='ocrx_word' id='word_1_234' title='bbox 1308 2247 1381 2293; x_wconf 84' lang='lat' dir='ltr'>illa</span> <span class='ocrx_word' id='word_1_235' title='bbox 1404 2259 1447 2294; x_wconf 86' lang='lat' dir='ltr'>et</span> 
     </span>
     <span class='ocr_line' id='line_1_30' title="bbox 55 2312 1447 2378; baseline 0.006 -22"><span class='ocrx_word' id='word_1_236' title='bbox 55 2328 184 2373; x_wconf 88' lang='lat' dir='ltr'>panes</span> <span class='ocrx_word' id='word_1_237' title='bbox 208 2312 327 2368; x_wconf 87' lang='lat' dir='ltr'>tolli,</span> <span class='ocrx_word' id='word_1_238' title='bbox 355 2313 415 2358; x_wconf 88' lang='lat' dir='ltr'>sic</span> <span class='ocrx_word' id='word_1_239' title='bbox 437 2313 612 2358; x_wconf 86' lang='lat' dir='ltr'>dicens:</span> <span class='ocrx_word' id='word_1_240' title='bbox 639 2333 657 2355; x_wconf 89' lang='lat'>«</span> <span class='ocrx_word' id='word_1_241' title='bbox 674 2317 731 2358; x_wconf 78' lang='lat' dir='ltr'>Et</span> <span class='ocrx_word' id='word_1_242' title='bbox 752 2331 885 2375; x_wconf 88' lang='lat' dir='ltr'>panes</span> <span class='ocrx_word' id='word_1_243' title='bbox 908 2316 984 2376; x_wconf 84' lang='lat' dir='ltr'>qui</span> <span class='ocrx_word' id='word_1_244' title='bbox 1007 2333 1178 2377; x_wconf 85' lang='lat' dir='ltr'>semper</span> <span class='ocrx_word' id='word_1_245' title='bbox 1200 2335 1329 2378; x_wconf 85' lang='lat' dir='ltr'>super</span> <span class='ocrx_word' id='word_1_246' title='bbox 1351 2337 1447 2365; x_wconf 82' lang='lat' dir='ltr'>eani</span> 
     </span>
    </p>
   </div>
   <div class='ocr_carea' id='block_1_8' title="bbox 57 2454 1444 2525">
    <p class='ocr_par' dir='ltr' id='par_1_9' title="bbox 57 2454 1444 2525">
     <span class='ocr_line' id='line_1_31' title="bbox 57 2454 1444 2525; baseline 0.006 -26"><span class='ocrx_word' id='word_1_247' title='bbox 57 2454 212 2500; x_wconf 88' lang='lat' dir='ltr'>similes</span> <span class='ocrx_word' id='word_1_248' title='bbox 234 2471 385 2500; x_wconf 88' lang='lat' dir='ltr'>eorum</span> <span class='ocrx_word' id='word_1_249' title='bbox 420 2475 429 2501; x_wconf 75' lang='grc' dir='ltr'>ε</span> <span class='ocrx_word' id='word_1_250' title='bbox 455 2457 557 2517; x_wconf 88' lang='lat' dir='ltr'>quia</span> <span class='ocrx_word' id='word_1_251' title='bbox 579 2456 644 2500; x_wconf 86' lang='lat' dir='ltr'>illi</span> <span class='ocrx_word' id='word_1_252' title='bbox 666 2456 1002 2515; x_wconf 84' lang='lat' dir='ltr'>auferebantur,</span> <span class='ocrx_word' id='word_1_253' title='bbox 1039 2470 1082 2505; x_wconf 90' lang='lat' dir='ltr'>et</span> <span class='ocrx_word' id='word_1_254' title='bbox 1116 2471 1307 2507; x_wconf 85' lang='lat' dir='ltr'>recentes</span> <span class='ocrx_word' id='word_1_255' title='bbox 1330 2480 1444 2525; x_wconf 82' lang='lat' dir='ltr'>quo-</span> 
     </span>
    </p>
   </div>
   <div class='ocr_carea' id='block_1_9' title="bbox 104 2541 751 2586">
    <p class='ocr_par' dir='ltr' id='par_1_10' title="bbox 104 2541 751 2586">
     <span class='ocr_line' id='line_1_32' title="bbox 104 2541 751 2586; baseline 0.002 -12"><span class='ocrx_word' id='word_1_256' title='bbox 104 2548 113 2566; x_wconf 87' lang='lat'>¹</span> <span class='ocrx_word' id='word_1_257' title='bbox 137 2543 292 2584; x_wconf 58' lang='lat' dir='ltr'>Numan,</span> <span class='ocrx_word' id='word_1_258' title='bbox 308 2551 346 2574; x_wconf 83' lang='lat'>12</span> <span class='ocrx_word' id='word_1_259' title='bbox 366 2547 399 2575; x_wconf 86' lang='lat' dir='ltr'>et</span> <span class='ocrx_word' id='word_1_260' title='bbox 416 2541 471 2585; x_wconf 79' lang='grc' dir='ltr'>4ο.</span> <span class='ocrx_word' id='word_1_261' title='bbox 498 2560 539 2567; x_wconf 94' lang='grc'>-</span> <span class='ocrx_word' id='word_1_262' title='bbox 555 2549 569 2567; x_wconf 87' lang='lat'><em>2</em></span> <span class='ocrx_word' id='word_1_263' title='bbox 584 2543 630 2576; x_wconf 83' lang='lat' dir='ltr'>Id.</span> <span class='ocrx_word' id='word_1_264' title='bbox 657 2553 700 2586; x_wconf 88' lang='lat' dir='ltr'>iv,</span> <span class='ocrx_word' id='word_1_265' title='bbox 720 2553 751 2585; x_wconf 88' lang='lat'>7.</span> 
     </span>
    </p>
   </div>
  </div>
 </body>
</html>
