1872 3267
405 259 490 301 490
846 273 880 300 s.
914 268 1144 300 Auons'nm
1179 272 1358 300 EPtsCOPI

408 358 428 381 »
463 337 641 399 quando
655 352 798 399 neque
808 339 863 383 ‘in
881 348 1029 384 monte
1044 339 1144 395 hoc,
1165 354 1308 400 neque
1325 339 1372 383 in
1388 341 1412 383 J
1416 339 1666 398 erosolymis
1683 340 1806 386 ador
1842 343 1843 361 ³

463 409 609 454 rabitis
630 413 818 454 Patrem.
845 412 932 454 Vos
950 410 1135 454 adoratis
1157 409 1279 471 quod
1300 409 1470 454 nescitis
1496 429 1505 456 :
1530 425 1608 455 nos
1631 410 1784 456 adora·
1804 447 1806 456 ,

407 500 427 523 »
463 497 559 526 mus
581 481 702 543 quod
721 482 905 540 scimus3
929 481 1030 543 quia
1058 482 1171 526 salus
1198 497 1249 526 ex
1272 484 1295 525 J
1302 480 1435 525 udaeis
1456 489 1533 526 est.
1561 481 1645 527 Sed
1668 483 1787 529 venit

407 571 427 594 «
461 552 568 597 hora
601 562 645 597 et
667 568 785 597 nunc
811 561 898 608 est,
931 552 1108 613 quando
1135 551 1225 597 veri
1258 552 1503 597 adoratores
1541 552 1818 599 adorabunt·

462 627 634 668 Patrem
656 624 702 668 in
723 624 876 684 spiritu
894 633 937 668 et
954 624 1150 668 veritate.
1171 627 1281 670 Nam
1301 633 1344 668 et
1358 627 1485 668 Pater
1503 623 1609 668 tales
1631 625 1786 685 quaerit

405 714 424 737 »
459 692 536 756 qui
559 695 741 739 adorent
757 710 873 739 eum.
902 695 1083 754 Spiritus
1106 704 1169 739 est
1190 699 1325 751 Deus,
1352 704 1396 739 et
1416 711 1488 740 eos
1508 696 1582 756 qui
1606 695 1787 741 adorant

403 783 424 807 »
459 780 559 809 eum
578 801 589 821 ‚
615 765 660 810 in
680 765 833 825 spiritu
855 773 897 809 et
909 766 1089 810 veritate
1111 775 1282 826 oportet
1304 765 1523 810 adorare&
1545 784 1565 807 »
1591 766 1785 811 Medium

401 851 503 896 ergo
526 852 570 880 se
592 836 701 881 dixit
722 840 894 894 Moyses
921 853 1010 880 non
1033 837 1148 880 inter
1172 836 1250 881 Dei
1272 837 1558 899 substantiam
1579 845 1622 880 et
1645 852 1786 897 popu·
1835 827 1839 875 ἶ
1870 863 1872 866 -

399 906 492 951 lum
514 907 743 952 intervallo
767 907 913 968 aliquo
935 906 1042 952 loci:
1069 907 1145 951 sed
1167 907 1268 967 quia
1296 922 1373 966 per
1397 922 1497 951 eum
1518 906 1682 966 placuit
1703 923 1785 968 po·b
1834 909 1839 943 '-

399 978 505 1038 pulo
537 978 688 1024 audire
721 988 875 1024 caetera
905 979 981 1024 Dei
1013 979 1171 1032 verba,
1198 987 1480 1038 posteaquam
1506 968 1807 1023 vehementer¹

399 1057 463 1093 est
481 1049 655 1094 territus
670 1084 680 1104 ,
701 1050 850 1094 audita
867 1048 921 1094 de
938 1048 1083 1093 medio
1099 1049 1209 1108 ignis
1229 1063 1336 1093 voce
1352 1048 1429 1092 Dei
1446 1047 1628 1092 dicentis
1650 1051 1784 1093 Deca-
1832 1065 1837 1074 ¹

398 1118 549 1179 logum
571 1121 711 1179 Legis.
1849 1146 1872 1190 ih(

458 1193 517 1235 ΙΙ.
561 1190 645 1236 Sed
679 1192 834 1236 merito
872 1193 1099 1252 quaeritur,
1136 1190 1360 1252 quomodo
1392 1191 1659 1250 accipiantur
1690 1192 1782 1237 haec
1835 1227 1837 1231 .

397 1261 528 1306 verba
545 1263 887 1318 Deuteronomii‚
908 1262 1079 1307 dicente
1092 1265 1243 1320 Moyse
1259 1281 1267 1306 :
1287 1265 1373 1305 «Et
1390 1277 1470 1320 ego
1488 1262 1655 1305 stabam
1672 1262 1782 1306 inter

400 1350 420 1372 »
456 1332 691 1376 Dominum
709 1341 751 1376 et
769 1349 844 1378 vos
858 1333 903 1376 in
918 1342 1112 1392 tempore
1131 1331 1222 1387 illo⁷
1240 1332 1497 1375 annuntiare
1513 1331 1634 1375 vobis
1650 1332 1781 1378 verba
1849 1357 1866 1401 ab

398 1421 418 1443 n
455 1403 650 1461 Domini3
682 1403 889 1463 quoniam
918 1403 1118 1446 timuistis
1141 1418 1164 1446 a
1187 1401 1296 1446 facie
1320 1402 1430 1461 ignis
1457 1411 1500 1445 et
1522 1418 1612 1445 non
1635 1418 1780 1447 ascen-
1832 1407 1835 1445 ἕ

397 1491 418 1515 »
454 1472 573 1517 distis
612 1474 657 1516 in
695 1483 889 1517 montem
907 1509 917 1528 ,
958 1473 1104 1516 dicens
1130 1493 1138 1517 ε
1170 1475 1264 1531 Ego
1299 1488 1394 1516 sum
1424 1473 1634 1516 Dominus
1668 1476 1780 1518 Deus
1848 1502 1872 1543 my

397 1562 417 1584 n
453 1552 553 1587 tuus
566 1547 599 1599 ²,
627 1562 648 1585 »
669 1553 712 1587 et
734 1552 889 1588 eaetera
912 1563 919 1589 ε
946 1544 1146 1603 quaejam
1167 1544 1299 1588 verba
1322 1543 1400 1587 Dei
1422 1552 1549 1598 sunt,
1576 1559 1675 1603 quae
1699 1546 1780 1588 De-
1831 1494 1871 1613 'nis

393 1614 570 1674 calogus
592 1616 800 1660 continet.
818 1615 934 1668 Quid
947 1631 1049 1674 ergo
1061 1614 1156 1659 vult
1180 1614 1301 1675 quod
1318 1614 1501 1670 addidit,
1527 1634 1545 1657 «
1561 1615 1741 1659 Dicens?
1755 1634 1774 1658 n

395 1685 438 1730 Si
456 1685 569 1729 enim
592 1686 886 1744 putaverimus
911 1686 1187 1745 hyperbaton
1205 1721 1215 1740 ‚
1240 1695 1291 1730 ut
1311 1685 1419 1730 ordo
1440 1685 1673 1730 verborum
1695 1686 1747 1730 sit
1765 1705 1774 1730 ε

397 1774 417 1796 «
450 1758 508 1799 Et
535 1770 614 1813 ego
636 1755 802 1799 stabam
827 1756 940 1800 inter
962 1756 1194 1800 Dominum
1218 1765 1261 1799 et
1283 1772 1358 1800 vos
1385 1756 1430 1799 in
1453 1765 1647 1815 ternpore
1674 1755 1773 1811 illo,
1832 1777 1833 1783 ¹

394 1845 415 1869 »
451 1827 710 1872 annuntiare
731 1827 854 1872 vobis
876 1827 1008 1872 verba
1037 1827 1210 1871 Domini
1238 1827 1384 1872 dicens
1416 1847 1423 1872 :
1451 1831 1545 1885 Ego
1570 1843 1665 1870 sum
1691 1830 1777 1871 Do-

394 1918 414 1941 »
449 1899 593 1944 minus
629 1903 743 1944 Deus
777 1908 905 1954 tuus,
935 1917 954 1940 »
991 1915 1080 1943 non
1110 1899 1191 1942 erit
1216 1914 1381 1943 verum.
1416 1901 1513 1943 Non
1542 1899 1656 1942 enim
1687 1898 1777 1943 haec
1831 1919 1833 1922 ·

389 1970 521 2030 vegba
544 1986 620 2031 per
641 1974 824 2028 Moysen
852 1969 1064 2030 populus,
1097 1969 1173 2013 sed
1195 1969 1249 2013 de
1272 1968 1415 2013 medio
1442 1969 1551 2028 ignis
1574 1968 1740 2014 audivit
1763 1989 1772 2014 :
1832 1976 1833 1982 ’
1866 2001 1872 2046 (

388 2040 509 2101 quod
537 2057 637 2085 cum
659 2041 868 2085 sustinere
891 2057 981 2085 non
1005 2050 1147 2100 posset
1183 2040 1333 2085 audito
1357 2040 1570 2099 Deealogo
1588 2076 1598 2095 ‚
1623 2050 1774 2100 postu·
1831 2038 1864 2111 ide

388 2111 492 2157 lavit
521 2121 571 2156 ut
592 2127 668 2172 per
689 2115 870 2169 Moysen
892 2121 1046 2156 caetera
1068 2111 1252 2156 audiret.
1286 2115 1436 2156 Restat
1457 2127 1558 2169 ergo
1579 2121 1629 2156 ut
1657 2110 1774 2172 quod

388 2183 578 2244 positum
601 2192 680 2237 est,
703 2201 723 2224 «
748 2183 923 2237 Dicens,
953 2202 971 2223 >›
998 2198 1076 2242 pro
1099 2198 1150 2227 eo
1174 2182 1363 2242 positum
1388 2181 1700 2240 intelligamus,
1726 2196 1773 2227 ac
1847 2210 1872 2255 m

388 2255 419 2299 si
443 2264 565 2308 esset,
592 2274 611 2296 «
636 2256 747 2298 Cum
771 2253 957 2307 diceret,
986 2273 1003 2293 »
1028 2263 1076 2297 ut
1097 2253 1176 2297 iste
1197 2254 1248 2297 sit
1267 2268 1439 2297 sensus:
1465 2272 1484 2294 ι(
1506 2255 1562 2297 Et
1584 2267 1662 2310 ego
1686 2261 1771 2296 sta·
1810 2278 1813 2312 l
1846 2243 1872 2326 iti

390 2344 410 2367 »
449 2326 547 2369 bam
568 2325 680 2369 inter
697 2325 929 2368 Dominum
952 2333 995 2368 et
1015 2340 1090 2368 vos
1112 2324 1154 2367 in
1179 2334 1373 2384 tempore
1391 2323 1488 2378 illo,
1516 2324 1770 2368 annuntiare
1847 2319 1872 2397 ὦ

390 2415 410 2437 »
444 2396 566 2440 vobis
589 2396 719 2439 verba
743 2395 938 2451 Domini3
959 2395 1165 2454 quoniam
1188 2395 1387 2438 timuistis
1411 2411 1432 2438 a
1455 2393 1565 2439 facie
1582 2394 1711 2453 ignis,
1729 2401 1771 2441 et
1846 2437 1870 2468 cen

390 2485 409 2506 »
446 2482 534 2510 non
556 2464 804 2510 ascendistis
828 2464 871 2508 in
895 2474 1104 2519 montem,
1130 2481 1230 2509 cuni
1252 2464 1439 2510 diceret:
1461 2468 1554 2523 Ego
1577 2480 1670 2508 sum
1691 2467 1768 2509 Do·
1807 2484 1811 2488 “
1830 2481 1832 2485 ·
1848 2512 1872 2540 ¹ss

386 2536 530 2580 minus
549 2539 662 2580 Deus
681 2544 781 2580 tuus
801 2555 809 2580 ;
830 2554 849 2576 n
872 2545 921 2579 ut
934 2535 1240 2592 subaudiatur,
1269 2555 1288 2577 «
1306 2538 1417 2579 Cum
1441 2535 1604 2579 diceret
1618 2534 1767 2594 utique
1828 2559 1829 2562 =

407 429 416 450 )

418 429 427 451 υ

405 641 415 665 5

417 642 426 665 υ

436 2629 443 2644 ¹
464 2625 553 2653 Joan.
574 2634 618 2663 iv,
642 2621 761 2665 τὶν-24.
784 2640 824 2644 -
843 2629 855 2644 ²
882 2625 975 2656 Dent.
995 2633 1028 2661 v,
1048 2625 1077 2653 ὓ,
1100 2621 1131 2653 6.
