1872 3267
367 172 452 209 (510
810 182 842 208 s.
878 181 1108 211 Aueus‘ruvi
1142 184 1324 210 EPISCQPI

362 255 559 306 pretatur
578 247 687 291 Tob.
707 247 791 291 Ubi
808 247 917 291 mihi
931 247 1106 293 videtur
1117 246 1402 306 intelligenda
1423 248 1516 308 ejus
1532 262 1557 292 a
1576 246 1760 291 mortuis

363 317 637 362 resurrectio.
659 319 769 363 Nam
791 334 891 379 quae
912 326 1027 364 terra
1043 319 1180 379 magis
1202 318 1365 379 opima,
1385 334 1520 380 quam
1536 327 1763 363 terrenum

366 404 523 449 eorpus
532 388 786 435 excellentia
793 389 1130 436 immortalitatis
1141 391 1529 450 etincorruptionis
1537 388 1766 434 indutum?

420 462 587 505 XVIII.
608 460 740 514 Quod
754 469 900 506 autem
914 460 1073 506 dicitur
1086 461 1141 506 de
1155 464 1179 506 J
1184 462 1331 522 ephte,
1350 461 1453 522 quia
1474 470 1764 522 posteaquam

363 529 533 590 fugiens
555 547 580 576 a
608 530 718 577 facie
749 530 936 577 fratrum
963 547 1145 577 suorum
1172 532 1390 578 habitavit
1415 532 1462 576 in
1489 541 1604 577 terra
1641 531 1760 586 Tob,

365 601 686 662 colligebantur
700 602 757 649 ad
773 618 875 648 eum
887 603 968 649 viri
984 602 1216 660 latrones¹‚
1233 613 1276 648 et
1293 601 1644 648 obambulabant
1660 616 1765 646 eum

367 674 460 734 ipso
487 690 771 736 :quanquam
798 684 842 719 et
873 684 973 720 ante
1002 675 1248 736 passionem
1281 675 1505 736 objectum
1526 672 1658 718 fuerit
1679 676 1770 718 Do-

364 745 484 790 mino
499 781 510 801 ,
538 744 657 806 quod
677 761 779 791 eum
794 745 1037 806 publicanis
1055 755 1098 790 et
1118 746 1426 807 peccatoribus
1447 744 1737 790 manducaret
1751 779 1763 799 ,

363 816 542 877 quando
565 816 810 878 respondit,
839 833 928 863 non
946 833 1035 862 esse
1057 818 1350 863 necessarium
1371 818 1484 862 sanis
1510 815 1732 861 medicum
1749 850 1762 871 ,

363 889 440 934 sed
467 890 692 949 aegrotis2,
728 899 772 934 et
817 890 931 934 inter
959 890 1132 951 iniquos
1161 889 1396 950 deputatus
1429 899 1490 934 est
1513 890 1553 945 3,
1591 887 1772 949 quando

366 960 480 1005 inter
495 960 686 1006 latrones
708 961 940 1006 crucifixus
956 962 1069 1019 est4,
1101 970 1145 1006 et
1166 976 1306 1005 unum
1331 976 1382 1005 ex
1413 960 1472 1004 eis
1496 958 1550 1004 de
1574 974 1705 1004 cruce
1721 957 1769 1002 in

369 1032 619 1093 paradisum
661 1033 884 1084 transtulit
918 1053 926 1078 z
951 1043 1102 1078 tamen
1128 1041 1411 1094 posteaquam
1438 1032 1691 1086 resurrexit,
1728 1039 1772 1076 et

373 1119 462 1148 esse
480 1104 637 1164 coepit,
661 1103 904 1149 seeundum
926 1103 971 1147 id
985 1104 1106 1165 quod
1128 1120 1257 1164 supra
1277 1103 1574 1164 exposuimus,
1594 1103 1641 1146 in
1658 1110 1774 1146 terra

372 1175 464 1219 Tob
478 1210 488 1230 ,
510 1175 680 1220 collecti
704 1185 806 1220 sunt
828 1174 885 1219 ad
900 1173 1027 1219 illum
1049 1175 1246 1220 scelerati
1268 1175 1468 1219 homines
1498 1182 1677 1234 propter
1699 1186 1772 1216 re-

370 1245 620 1290 missionem
652 1255 963 1306 peccatorum,
987 1247 1064 1306 qui
1092 1261 1193 1290 eum
1215 1245 1291 1289 illo
1329 1243 1640 1299 ambulabant,
1667 1242 1771 1304 quia

369 1317 613 1362 secundum
633 1318 725 1378 ejus
743 1326 960 1377 praecepta
976 1316 1199 1362 vivebant.
1225 1317 1378 1377 Neque
1394 1316 1480 1361 hoe
1500 1315 1595 1359 fieri
1611 1313 1775 1359 desinit

370 1405 509 1450 usque
532 1404 676 1445 nunc,
702 1397 746 1434 et
780 1386 985 1448 deinceps
1021 1403 1251 1449 quousque
1293 1386 1349 1432 ad
1379 1402 1482 1432 eum
1504 1386 1767 1444 confugiunt

372 1460 497 1516 mali,
519 1469 569 1505 ut
585 1461 795 1521 justificet
816 1459 988 1520 impios,
1020 1459 1097 1520 qui
1126 1457 1182 1503 ad
1209 1472 1312 1503 eum
1349 1467 1670 1504 convertuntur
1686 1493 1697 1513 ,
1730 1465 1774 1501 et

377 1531 546 1577 discant
568 1532 729 1592 iniquis
745 1531 834 1577 vias
857 1531 951 1591 ejus
975 1532 1006 1574 ⁵.

431 1606 556 1649 XIX.
579 1607 605 1648 J
609 1620 678 1649 am
694 1603 831 1660 illud,
857 1603 979 1664 quod
999 1603 1046 1647 hi
1065 1603 1143 1664 qui
1161 1603 1410 1663 abjecerant
1426 1602 1586 1662 Jephte
1602 1637 1613 1658 ,
1639 1603 1656 1660 (
1679 1610 1772 1646 erat

375 1676 493 1720 enim
514 1673 758 1720 Galaadites
776 1676 792 1730 )
814 1674 1012 1718 conversi
1035 1682 1137 1717 sunt
1159 1672 1215 1716 ad
1238 1687 1366 1728 eum,
1404 1681 1448 1716 et
1477 1673 1778 1732 quaesiverunt

376 1762 502 1801 eum,
519 1761 596 1806 per
616 1760 750 1806 quem
771 1743 1065 1788 liberarentur
1082 1743 1136 1787 ab
1162 1742 1345 1787 inimicis
1367 1742 1454 1787 suis
1472 1778 1482 1798 ,
1505 1757 1640 1802 quam
1661 1741 1778 1787 clara

380 1817 733 1878 praefiguratione
754 1814 984 1874 signifieat,
1016 1814 1138 1874 quod
1164 1813 1211 1857 hi
1236 1814 1313 1874 qui
1345 1813 1597 1874 abjecerunt
1628 1815 1778 1860 Chris-

380 1899 491 1944 tum,
504 1887 560 1933 ad
575 1903 675 1933 eum
693 1902 839 1932 rursus
852 1885 1048 1931 conversi
1066 1885 1112 1929 in
1133 1883 1210 1928 illo
1228 1885 1453 1944 reperiunt
1466 1884 1678 1930 salutem?
1690 1886 1778 1931 sive

382 1959 445 2004 illi
460 1958 775 2017 intelligantur,
791 1972 901 2018 quos
915 1960 1068 2001 Petrus
1085 1955 1307 2015 apostolus
1321 1971 1422 2000 eum
1435 1956 1490 2001 de
1507 1956 1600 2016 ipso
1618 1957 1779 2002 scelere

383 2031 606 2090 arguisset,
631 2030 745 2074 sieut
765 2029 811 2072 in
832 2028 1013 2073 Actibus
1031 2026 1341 2086 Apostolorum
1363 2026 1538 2085 legitur,
1565 2037 1608 2072 et
1628 2028 1779 2072 horta-

386 2111 453 2146 tus
466 2109 573 2145 esset
583 2109 634 2144 ut
647 2099 702 2144 ad
715 2114 812 2143 eum
828 2106 1200 2153 converterentur,
1217 2112 1350 2158 quem
1360 2095 1535 2141 fuerant
1548 2097 1777 2157 persecuti,

381 2171 633 2232 compuncti
650 2179 752 2215 sunt
769 2168 916 2224 eorde,
937 2178 981 2213 et
999 2169 1053 2213 ab
1076 2167 1169 2224 illo,
1186 2183 1320 2229 quern
1341 2184 1365 2212 a
1389 2183 1433 2212 se
1456 2167 1777 2224 alienaverant,

381 2243 738 2289 desideraverunt
759 2240 944 2286 salutem
962 2259 971 2284 t
993 2244 1006 2296 (
1028 2238 1136 2300 quid
1157 2248 1221 2283 est
1240 2248 1386 2283 autem
1423 2238 1600 2284 liberari
1620 2240 1675 2284 ab
1696 2240 1781 2283 ini-

381 2315 524 2370 micis,
551 2314 632 2358 nisi
648 2330 672 2358 a
694 2312 912 2373 peccatisiJ
932 2312 992 2355 sic
1006 2311 1123 2355 enim
1138 2309 1221 2356 illis
1239 2310 1300 2354 ait
1325 2329 1334 2354 :
1364 2329 1385 2352 «
1410 2310 1536 2368 Agite
1553 2311 1779 2371 poeniten-

392 2405 412 2428 »
449 2386 556 2430 tiam
575 2419 587 2441 ,
624 2393 668 2428 et
701 2384 943 2444 baptizetur
968 2381 1268 2442 unusquisque
1304 2389 1494 2426 vestrum
1525 2381 1572 2425 in
1604 2381 1782 2426 nomine

439 2488 446 2503 ¹
468 2481 571 2513 Judic.
593 2491 637 2521 xi,
661 2481 692 2512 3.
714 2496 755 2501 -
775 2485 788 2501 ²
814 2476 925 2510 Matth.
950 2488 995 2518 lx,
1019 2488 1069 2508 11.
1088 2493 1129 2499 --
1145 2473 1247 2508 ³1sa1'.
1268 2487 1332 2518 mu,
1354 2484 1406 2508 12.
1429 2474 1498 2501 -6
1518 2478 1596 2509 Luc.
1623 2476 1779 2518 xx111‚33.

392 2554 434 2560 —
452 2535 622 2576 5l‘sal.1,‚
651 2535 700 2566 15.
