1872 3267
372 254 457 294 266
805 266 838 293 s.
875 263 1108 294 Aucus‘rrm
1139 266 1321 294 Emscom

371 331 596 376 tunissime
631 330 825 391 sequitur
851 350 859 375 :
904 350 925 373 «
952 332 994 376 Si
1018 341 1163 376 autem
1189 331 1426 376 obviaveris
1453 331 1557 377 bovi
1589 332 1753 377 inimici

373 420 393 442 n
430 400 510 455 tui,
536 410 612 445 aut
628 401 843 461 subjugali
858 403 948 461 ejus
965 402 1227 457 errantibus,
1248 401 1459 449 reducens
1479 402 1633 448 reddes
1651 403 1711 448 ei:
1729 420 1750 444 υ

370 480 420 516 ut
436 471 541 515 scias
564 486 653 515 non
672 479 712 514 te
726 470 998 531 prohibitum
1013 470 1153 517 facere
1167 471 1520 528 misericordiam,
1539 471 1609 517 fac
1626 472 1756 518 etiam

370 557 471 601 erga
495 542 691 586 inimicos
715 550 835 596 tuos,
861 557 963 591 cum
986 551 1176 602 potestas
1197 551 1261 587 est
1282 558 1305 586 a
1329 542 1570 602 judicando
1589 541 1753 591 libera:

370 628 462 658 non
490 613 607 657 enim
644 628 745 658 cum
773 611 943 660 reducis
979 622 1197 662 errantem
1224 613 1382 658 bovem
1415 613 1580 660 inimici
1616 614 1683 661 tui-
1713 621 1757 657 et

372 678 515 739 reddis
532 719 543 740 ,
568 684 681 733 inter
705 681 871 745 aliquos
882 681 1018 743 judex
1038 683 1212 731 resides.

840 815 1077 866 QUAESTIO
1107 798 1314 858 LXXXIX.

435 950 456 971 u
484 933 566 977 SEX
580 930 702 976 annis
719 931 951 976 seminabis
969 940 1129 976 terram
1145 924 1284 987 tuam,
1305 939 1349 975 et
1371 929 1545 989 colliges
1568 917 1761 975 fructum
1816 978 1818 983 ,

376 1020 398 1044 υ
433 1003 552 1063 ejus:
578 1003 762 1062 septimo
790 1011 936 1046 autem
970 1017 1085 1047 anno
1113 1001 1408 1047 remissionem
1430 996 1589 1057 facies,
1625 1008 1668 1045 et
1692 1002 1763 1044 r'e-

378 1091 398 1114 »
433 1073 582 1133 quiem
611 1072 735 1117 dabis
756 1071 818 1116 illi
850 1092 858 1117 :
893 1081 937 1116 et
958 1071 1090 1117 edent
1123 1087 1334 1132 pauperes
1358 1068 1496 1129 gentis
1518 1080 1606 1115 tuae
1630 1091 1638 1115 :
1664 1086 1764 1132 quae

378 1163 398 1186 »
434 1153 578 1187 autem
600 1144 871 1203 superabunt
893 1143 1025 1188 edent
1041 1143 1144 1189 ferae
1166 1144 1331 1188 bestiae.
1356 1144 1424 1188 Sic
1441 1143 1570 1188 facies
1593 1143 1765 1187 vineam

377 1233 398 1257 »
434 1224 554 1259 tuam
583 1225 625 1259 et
655 1214 863 1259 olivetum
889 1216 1061 1258 tuum1.
1090 1234 1109 1256 >›
1137 1215 1283 1269 Quaeri
1314 1224 1484 1274 potest,
1510 1213 1619 1275 quid
1639 1213 1763 1257 colli-
1813 1219 1815 1270 ξ

377 1294 481 1345 gant
504 1299 739 1344 pauperes,
771 1285 805 1328 si
836 1283 1021 1343 septimo
1048 1300 1163 1329 anno
1184 1285 1245 1329 ita
1273 1284 1413 1344 parcit
1438 1294 1589 1340 terrae,
1614 1293 1665 1328 ut
1686 1298 1765 1327 nec
1812 1274 1814 1315 9

375 1355 612 1399 seminetur
633 1354 957 1415 quidemPNon
979 1355 1097 1398 enim
1114 1354 1168 1399 ad
1181 1356 1353 1399 vineam
1374 1363 1418 1398 et
1442 1353 1653 1398 olivetum
1667 1369 1767 1414 per-
1812 1411 1813 1414 Ἴ

376 1426 486 1469 tinet
512 1424 632 1485 quod
655 1425 822 1469 dictum
849 1434 911 1468 est
939 1444 946 1469 :
978 1444 998 1466 ‹<
1022 1424 1169 1468 Edent
1191 1439 1401 1484 pauperes
1424 1423 1563 1482 gentis
1590 1416 1679 1467 tuae
1706 1443 1715 1468 :
1742 1441 1763 1464 »
1810 1460 1812 1476 ‚

374 1497 477 1557 quia
498 1495 553 1539 de
572 1505 684 1539 terra
706 1511 795 1540 non
817 1495 1025 1539 seminata
1048 1495 1159 1539 nihil
1182 1503 1364 1554 possunt
1387 1509 1556 1538 sumere
1570 1529 1581 1549 ,
1601 1493 1678 1538 ubi
1699 1509 1766 1538 se-

375 1576 491 1624 getes
518 1566 635 1610 nasei
662 1581 752 1610 non
774 1574 954 1624 possunt
974 1583 984 1617 3
1009 1566 1064 1609 de
1082 1565 1206 1609 vinea
1228 1565 1345 1609 enim
1375 1573 1418 1608 et
1437 1564 1597 1609 oliveto
1619 1573 1768 1624 postea
1808 1599 1810 1631 g

376 1636 482 1680 dicit
514 1635 709 1680 similiter
740 1651 829 1680 esse
858 1634 1108 1680 faciendum
1133 1653 1144 1680 .·
1169 1651 1217 1680 ac
1246 1651 1323 1695 per
1343 1636 1428 1680 hoc
1448 1633 1558 1679 illud
1581 1633 1635 1679 de
1658 1635 1768 1680 arvis
1808 1636 1810 1655 ³

377 1705 650 1765 intelligitur,
671 1722 772 1767 quae
794 1706 1023 1750 frumentis
1041 1706 1248 1752 serviunt.
1271 1710 1341 1751 An
1357 1706 1416 1751 sic
1439 1705 1738 1770 accipiendum
1756 1725 1764 1749 z
1806 1755 1808 1775 ἲ

381 1796 401 1819 (ι
437 1779 517 1822 Sex
547 1778 668 1822 annis
700 1777 932 1822 seminabis
961 1786 1120 1821 terram
1147 1785 1289 1832 tuam,
1320 1785 1363 1820 et
1391 1775 1565 1834 colliges
1599 1775 1769 1822 fructus
1806 1787 1807 1834 j

379 1856 399 1889 ³5
436 1850 553 1909 ejus,
589 1849 673 1894 hoe
707 1858 796 1905 est,
825 1851 904 1894 Sex
934 1849 1055 1893 annis
1083 1848 1313 1893 seminabis
1346 1856 1390 1891 et
1417 1847 1594 1906 colliges
1623 1867 1632 1892 :
1672 1863 1769 1907 sep-
1805 1838 1807 1855 <

380 1936 400 1960 »
436 1919 542 1963 timo
578 1935 681 1964 vero
713 1935 803 1964 non
835 1919 1030 1975 colliges,
1061 1938 1081 1958 »
1124 1928 1173 1960 ut
1211 1917 1497 1976 intelligatur,
1534 1917 1765 1961 seminabis

375 1988 542 2031 etiamsi
563 1981 732 2031 dictum
753 2002 843 2030 non
865 1994 949 2040 est,
975 1996 1025 2030 ut
1047 1984 1103 2030 ad
1125 2001 1198 2030 sex
1220 2002 1355 2031 annos
1377 1987 1588 2031 seminare
1613 1996 1656 2031 et
1675 1987 1767 2034 col·
1804 1976 1805 2030 ]

376 2056 508 2115 ligere
527 2057 764 2116 pertineat,
791 2055 846 2100 ad
868 2056 1101 2115 septimum
1123 2071 1225 2100 vero
1243 2056 1461 2101 dimittere
1491 2056 1611 2118 quod
1635 2055 1767 2104 suerit
1802 2064 1804 2107 ί

377 2128 669 2175 seminatum?
685 2129 795 2172 Nam
818 2126 926 2187 quid
946 2126 1048 2170 inde
1064 2124 1294 2172 habebunt
1311 2144 1522 2188 pauperes
1539 2164 1549 2184 ,
1578 2143 1766 2189 quorum

377 2199 597 2242 residuum
621 2199 751 2242 etiam
772 2197 870 2242 feris
900 2197 1046 2242 bestiis
1071 2197 1214 2254 dedit,
1249 2199 1308 2243 eis
1335 2198 1540 2243 videlicet
1563 2215 1662 2259 quae
1684 2194 1767 2242 illis
1800 2231 1802 2252 l

376 2268 576 2328 frugibus
603 2269 715 2312 vesei
735 2268 901 2327 possint
916 2303 926 2321 ,
948 2268 1057 2312 sicut
1078 2278 1179 2312 sunt
1202 2269 1294 2329 apri
1316 2276 1359 2313 et
1381 2269 1496 2313 cervi
1511 2304 1521 2323 ,
1547 2278 1590 2312 et
1607 2269 1640 2313 si
1660 2267 1768 2330 quid
1799 2320 1801 2330 Ι

375 2338 656 2400 hujusmodi?
678 2338 807 2392 Quod
832 2348 975 2383 tamen
1001 2355 1090 2383 non
1111 2332 1348 2394 diceretur,
1376 2338 1456 2382 nisi
1479 2337 1659 2399 alicujus
1679 2338 1766 2397 sig-
1798 2363 1800 2379 f

371 2411 628 2455 nificationis
650 2410 800 2469 gratia.
825 2413 934 2456 Nam
955 2411 990 2454 si
1011 2409 1131 2471 quod
1150 2410 1304 2454 attinet
1335 2410 1389 2454 ad
1411 2418 1629 2470 praecepta
1658 2426 1759 2470 quae
1797 2410 1799 2438 θ

370 2481 622 2526 hominibus
643 2480 743 2524 data
764 2484 910 2535 sunt‘2,
937 2479 991 2524 de
1013 2480 1154 2525 bobus
1177 2496 1278 2524 eura
1302 2495 1390 2524 non
1411 2489 1472 2524 est
1493 2483 1582 2524 Deo
1605 2499 1613 2524 ε
1639 2479 1762 2541 quod

422 2583 430 2598 ¹
454 2577 551 2609 Exod.
570 2587 658 2616 xxm,
678 2587 729 2615 10,
756 2587 806 2607 ιι.
826 2593 866 2598 —
888 2583 901 2598 ²
925 2587 935 2606 1
960 2577 1034 2607 Cor.
1058 2586 1104 2615 lx,
1136 2587 1168 2617 9.
