1872 3267
382 217 648 252 QUAESTIONES
681 217 726 243 m
757 214 981 254 NUMEROss,
1016 216 1099 242 Lm.
1136 214 1195 241 1v.
1394 198 1478 240 455

26 295 30 314 ε
94 278 401 339 profanabant.
430 281 559 335 Quod
592 296 694 340 ergo
727 281 818 325 sine
839 280 944 326 vitio
971 278 1130 324 dicitur
1149 278 1247 322 haec
1268 278 1476 338 juvenca,

24 367 35 390 ’ν
91 350 253 394 mirum
277 367 367 395 non
390 361 452 396 cst
475 372 483 397 2
509 353 620 397 hanc
643 352 760 396 enim
785 368 959 396 carnem
981 351 1111 396 etiam
1136 358 1303 394 caeterae
1325 348 1478 393 hostiae

23 443 26 462 :
91 421 364 479 figurabant,
399 423 475 467 ubi
508 422 703 467 similiter
730 423 820 467 sine
852 423 957 467 vitio
986 437 1140 483 pecora
1170 418 1386 464 immolari
1404 420 1478 480 ju-

20 515 24 529 «
90 491 264 536 hentur.
300 496 405 538 Erat
427 494 589 554 quippe
612 493 685 538 illa
708 510 807 538 caro
836 494 880 538 in
902 491 1186 538 similitudine
1213 491 1352 535 carnis
1374 506 1477 550 pcc-

86 564 185 619 cati,
211 563 287 608 scd
309 581 398 609 non
415 582 514 610 caro
536 566 746 626 peccati1.
770 568 1082 611 Verumtamen
1102 562 1173 607 hic
1196 561 1274 606 uhi
1296 559 1475 606 eviden-

85 636 169 680 tius
192 637 316 695 Legis
331 637 654 683 distinctionem
673 641 787 682 Deus
809 637 949 684 voluit
970 633 1292 689 commendare,
1318 648 1472 693 parum

84 704 167 751 fuit
202 706 373 763 dicere,
415 728 435 750 «
464 709 564 753 Sine
597 708 730 764 vitio,
760 728 779 750 »
809 708 890 753 nisi
919 707 1152 761 diceretur,
1194 724 1214 747 «
1241 706 1349 758 Quae
1384 719 1472 748 non

37 778 41 819 Ι
86 795 105 818 »
140 777 273 822 habet
302 779 347 822 in
369 795 413 823 se
434 779 589 824 vitium
613 799 621 824 :
650 799 668 821 n
696 778 817 840 quod
847 779 881 823 si
906 775 1131 838 repetendi
1152 790 1279 820 causa
1304 774 1469 819 dictum

80 856 164 903 est,
184 847 365 894 fortasse
387 865 477 894 non
498 850 658 895 frustra
681 860 759 906 est,
786 849 908 911 quod
929 864 1023 893 eam
1044 863 1136 892 rem
1159 847 1248 907 ipsa
1271 845 1470 906 repetitio

78 919 244 964 firmius
266 921 603 966 commendavit.
625 924 889 982 Quanquam
912 930 955 965 et
977 919 1088 964 illud
1110 935 1199 964 non
1218 917 1423 962 abhorret
1445 933 1469 962 a

77 1005 178 1036 vero
193 1027 204 1047 ,
237 1003 286 1036 ut
307 991 405 1037 ideo
428 992 626 1037 additum
656 993 942 1052 intelligatur,
972 1011 991 1035 α
1018 994 1126 1046 Quae
1154 1005 1243 1034 non
1264 989 1400 1033 habet
1421 989 1466 1033 in

78 1079 99 1103 »
133 1077 177 1106 se
205 1063 360 1107 vitium
378 1099 389 1119 ‚
418 1082 438 1105 »
463 1080 563 1108 cum
592 1066 683 1125 jam
707 1065 873 1109 dictum
893 1073 1028 1118 esset,
1070 1081 1089 1103 «
1109 1064 1349 1106 Juvencam
1373 1059 1464 1104 sine

77 1150 97 1176 »
131 1134 252 1189 Vitio,
272 1153 292 1176 »
312 1136 413 1196 quia
428 1136 473 1180 in
487 1152 530 1180 se
545 1136 802 1181 nonhabuit
819 1136 975 1180 vitium
997 1150 1097 1179 caro
1111 1132 1289 1187 Christi,
1309 1132 1355 1175 in
1372 1130 1464 1175 aliis

72 1213 218 1248 autem
246 1206 426 1262 habuit,
452 1207 527 1268 qui
549 1206 745 1252 membra
772 1216 874 1252 sunt
897 1208 1001 1267 ejus.
1026 1207 1134 1258 Quae
1156 1203 1271 1247 enim
1295 1218 1394 1247 caro
1418 1202 1464 1246 in

72 1275 151 1320 hac
172 1277 260 1322 vita
283 1278 374 1322 sine
402 1287 580 1338 peccato
596 1314 607 1334 ,
628 1279 709 1323 nisi
731 1278 804 1323 illa
824 1276 935 1333 sola,
961 1293 1059 1338 quae
1082 1291 1172 1320 non
1193 1274 1327 1318 habet
1348 1275 1394 1318 in
1417 1289 1461 1318 se

69 1346 253 1391 vitium?
287 1352 382 1393 «Et
405 1365 495 1394 non
520 1359 584 1393 est
611 1349 933 1410 superpositum
961 1362 1091 1407 super
1113 1361 1209 1390 eam
1233 1347 1404 1406 jugum.
1434 1364 1454 1386 »

67 1417 165 1463 Non
186 1418 302 1462 enim
330 1420 560 1479 subjugata
588 1429 652 1463 est
678 1419 921 1480 iniquitati,
956 1418 1027 1462 cui
1056 1417 1310 1477 subjugatos
1333 1416 1457 1460 inve-

66 1489 188 1533 niens
208 1488 431 1546 liberavit,
454 1501 497 1535 et
517 1507 670 1535 eorum
696 1490 871 1536 vincula
889 1489 1082 1549 dirupit,
1107 1498 1157 1533 ut
1188 1488 1226 1532 ci
1253 1487 1422 1532 dicatur
1443 1507 1452 1532 2

68 1579 89 1602 ι(
124 1561 332 1621 Dirupisti
348 1562 521 1607 vincula
537 1578 647 1618 mea,
664 1563 744 1607 tihi
762 1562 1012 1607 sacrificabo
1025 1561 1211 1605 hostiam
1228 1558 1409 1604 laudis2.
1430 1578 1450 1602 »

18 1640 21 1654 '
65 1632 204 1691 Super
233 1632 347 1677 illius
371 1634 534 1694 quippe
556 1649 729 1678 carnem
759 1649 849 1678 non
872 1641 936 1677 est
962 1632 1151 1692 positum
1167 1632 1324 1692 jugum
1340 1665 1351 1686 ‚
1377 1629 1454 1691 qui

15 1713 19 1754 ,¹
61 1712 318 1762 potestatem
341 1706 495 1750 habuit
525 1705 719 1766 ponendi
754 1706 944 1750 animam
971 1720 1094 1749 suam
1131 1712 1174 1748 et
1195 1703 1353 1748 iterum
1377 1718 1450 1747 su-

62 1775 208 1819 mendi
229 1791 323 1820 eam
339 1778 369 1820 3.

118 1849 198 1890 ΙΙΙ.
217 1851 303 1892 «Et
316 1848 439 1892 dabis
452 1864 563 1904 eam⁷
579 1849 739 1909 inquit,
754 1849 809 1893 ad
824 1849 1078 1893 Eleazarum
1093 1845 1362 1893 sacerdotem
1375 1846 1406 1889 4.
1424 1863 1444 1887 »

59 1917 147 1961 Cur
168 1934 257 1962 non
278 1918 334 1964 ad
355 1923 499 1964 Aaron
517 1956 527 1975 ‚
553 1921 635 1965 nisi
657 1920 770 1965 forte
799 1921 859 1965 ita
886 1921 1214 1980 praefiguratum
1244 1927 1331 1972 est,
1356 1931 1446 1961 non

59 1988 114 2032 ad
135 1998 304 2050 tempus
331 1992 452 2052 quod
473 2002 580 2036 tunc
603 2002 693 2037 erat
709 2028 719 2046 ,
745 1992 821 2038 sed
848 1993 902 2037 ad
929 2001 1124 2053 posteros
1146 1991 1276 2051 hujus
1304 2004 1445 2034 sacer-

56 2057 161 2104 dotii
187 2063 429 2120 passionem
452 2058 626 2108 Domini
654 2066 992 2124 perventuram?
1020 2083 1039 2106 «
1066 2066 1123 2107 Et
1150 2062 1321 2122 ejicient
1350 2075 1444 2105 eam

59 2147 78 2172 »
113 2141 230 2178 extra
251 2144 388 2179 castra
408 2155 415 2180 :
440 2154 458 2176 »
477 2135 535 2179 sic
556 2145 598 2180 et
613 2137 774 2196 ejectus
797 2146 860 2181 est
876 2136 1086 2181 Dominus
1103 2149 1305 2194 passurus
1323 2141 1440 2177 extra

54 2200 284 2248 civitatem.
313 2205 443 2259 Quod
472 2216 619 2251 autem
652 2208 741 2254 ait:
771 2227 789 2249 «
816 2211 867 2251 In
896 2207 1042 2252 locum
1067 2205 1313 2260 mundum,
1337 2221 1358 2245 »
1384 2204 1443 2248 ita

53 2271 338 2329 significatum
372 2286 455 2331 est,
488 2278 590 2338 quia
623 2294 711 2323 non
746 2278 903 2323 habuit
937 2293 1111 2323 causam
1133 2275 1308 2320 malam.
1340 2277 1441 2319 «Et

57 2359 76 2382 »
110 2344 309 2390 occident
331 2363 425 2391 eam
444 2348 489 2392 in
507 2359 743 2408 conspectu
766 2352 858 2410 ejus
878 2370 886 2395 :
916 2369 935 2391 »
961 2350 1072 2394 sicut
1090 2348 1228 2393 occisa
1251 2355 1313 2390 est
1336 2361 1437 2390 caro

52 2413 209 2458 Christi
227 2417 272 2460 in
288 2428 524 2478 conspectu
546 2436 718 2476 eorum,
737 2423 813 2481 qui
825 2423 916 2483 jam
936 2421 1073 2467 futuri
1095 2428 1220 2464 erant
1245 2419 1291 2462 in
1314 2420 1437 2463 Novo

53 2484 324 2532 Testamento
347 2489 518 2534 Domini
538 2491 794 2536 sacerdotes.

53 0 60 202 μ’

0 277 11 305 J·

0 349 10 377 t?

0 420 8 449 Β

0 491 5 519 l

97 2574 106 2590 ¹
124 2571 214 2602 Rom.
233 2583 301 2613 vm,
319 2573 347 2605 3.
366 2591 407 2596 -
428 2582 440 2598 2
456 2576 699 2619 Psal.exv‚1(i‚
725 2590 773 2622 ¹7·
791 2597 831 2603 —-
853 2579 972 2615 3Joan.
990 2595 1022 2626 x,
1045 2585 1094 2618 13,
1115 2585 1178 2617 -4
1198 2588 1290 2624 Num.
1305 2602 1369 2632 xix,
1395 2590 1425 2622 3.
