1872 3267
398 283 481 321 200
808 291 842 320 s.
879 291 1108 321 AUGUSTINI
1143 293 1326 321 Emscom

398 357 624 412 scribitur,
645 357 730 401 sive
744 375 762 398 «
776 357 881 417 ejus,
899 376 917 398 »
936 357 1055 402 sive«
1081 373 1168 401 suae
1190 376 1198 402 :
1222 376 1241 398 »
1267 356 1343 401 sed
1366 365 1568 401 accentus
1588 355 1776 415 dispares

398 436 521 481 sunt,
562 435 605 470 et
626 426 681 470 ab
712 427 769 470 cis
792 426 868 486 qui
891 426 969 470 ista
990 436 1227 482 noverunt,
1252 427 1298 470 in
1320 426 1543 471 codicibus
1567 441 1657 470 non
1679 440 1780 469 con-

402 496 837 553 teinnuntui·3vale11t
859 496 974 540 enim
997 496 1051 540 ad
1068 512 1270 555 magnam
1291 495 1780 548 discretionemQuam-

398 567 460 611 vis
485 576 527 611 et
550 583 683 611 unam
701 566 800 626 plus
818 566 1004 610 litteram
1018 568 1177 611 habere
1194 576 1352 626 posset,
1370 567 1404 610 si
1422 576 1532 610 esset
1549 585 1569 607 «
1581 581 1718 620 sufem
1732 574 1781 610 ut

401 654 491 682 non
513 649 621 682 essct
640 647 750 692 ἀυτῶ,
766 639 841 682 sed
859 646 982 681 ἑαυτοῦ.
999 642 1060 683 Ac
1077 654 1154 697 per
1170 640 1253 683 hoc
1266 639 1421 682 morito
1436 638 1660 698 quaeritur,
1675 636 1782 697 quid

402 708 456 751 sit
481 707 601 768 quod
615 707 780 752 dictum
806 718 883 752 cst.
905 712 1012 754 Nam
1031 708 1156 752 facile
1174 709 1488 767 intessigeretur
1510 722 1678 761 senem,
1707 707 1782 766 qui

403 778 570 835 virgam
586 777 753 821 ferebat
776 793 826 822 eo
848 793 969 822 more
987 814 997 833 ‚
1017 795 1105 839 quo
1124 778 1197 823 illa
1220 788 1322 822 aetas
1342 777 1552 822 baculum
1574 775 1682 820 solet
1699 810 1710 830 ‚
1735 784 1783 820 ut

402 863 446 891 sc
468 847 693 892 inclinavit
716 847 770 891 ad
794 851 931 892 Deum
955 847 1240 904 adorandum,
1256 848 1301 892 id
1317 849 1469 908 utique
1491 847 1639 891 fecisse
1656 861 1783 905 super

400 933 609 962 cacumen
631 918 761 975 virgae
790 934 879 962 suae
895 954 906 973 ,
933 935 1066 979 quam
1086 920 1144 963 sic
1162 919 1329 963 ferebat
1344 954 1354 973 ‚
1380 927 1429 962 ut
1451 933 1580 977 super
1602 932 1696 961 cam
1713 933 1783 961 ca-

402 997 486 1047 put
506 988 756 1033 inclinando
777 988 976 1034 adoraret
993 993 1146 1034 Deum.
1173 989 1289 1043 Quid
1306 998 1369 1033 est
1391 1004 1509 1048 ergo,
1535 1008 1553 1029 «
1579 988 1784 1032 Adoravit

406 1077 425 1099 η
461 1074 590 1118 super
610 1074 817 1103 cacumen
829 1061 961 1119 virgae
977 1061 1068 1120 ejus
1085 1095 1095 1114 ,
1118 1059 1195 1103 »id
1217 1070 1296 1115 est,
1321 1059 1399 1103 filii
1421 1060 1486 1102 sui
1508 1059 1696 1117 Joseph?
1718 1060 1785 1102 An

403 1128 515 1173 sorte
531 1128 692 1172 tulerat
714 1130 768 1173 ab
788 1145 838 1173 eo
859 1130 1042 1188 virgam⁷
1067 1130 1245 1190 quando
1262 1132 1301 1173 ei
1319 1131 1498 1190 jurabat
1519 1129 1634 1173 idem
1655 1127 1782 1183 filius,

405 1209 448 1243 et
465 1199 572 1243 dum
595 1215 688 1243 eam
712 1209 851 1256 tenet,
871 1210 971 1259 post
990 1202 1122 1245 verba
1136 1201 1322 1261 jurantis
1339 1235 1349 1254 ‚
1375 1200 1573 1244 nondum
1595 1199 1667 1243 illa
1691 1198 1788 1243 red-

401 1269 491 1313 dita
512 1285 611 1313 mox
634 1269 827 1314 adoravit
861 1272 1026 1314 Deum?
1053 1273 1151 1315 Non
1179 1271 1294 1313 enim
1328 1270 1523 1329 pudebat
1556 1284 1656 1313 eum
1677 1268 1786 1313 ferre

403 1339 610 1398 tantisper
630 1340 800 1399 insigne
822 1341 1044 1400 potestatis
1064 1340 1141 1384 filii
1163 1342 1249 1395 sui,
1281 1341 1360 1384 ubi
1377 1341 1514 1398 figura
1537 1355 1706 1398 magnae
1729 1340 1786 1382 rei
1836 1339 1838 1356 ⁴

406 1409 567 1453 suturae
583 1410 948 1469 praa-signabatur:
967 1411 1162 1470 quamvis
1177 1411 1222 1454 in
1236 1410 1412 1454 hebraeo
1435 1409 1639 1454 facillima
1661 1410 1788 1469 hujus

405 1480 657 1540 quaestionis
675 1480 891 1524 absolutio
913 1496 1001 1525 esse
1023 1482 1210 1536 dicatur,
1226 1481 1301 1524 ubi
1318 1480 1784 1540 scriptumperhibent,
1836 1476 1837 1529 J
1871 1513 1872 1525 ¹

409 1570 428 1593 «
464 1554 520 1595 Et
544 1551 736 1596 adoravit
754 1552 885 1595 Israel
909 1551 963 1596 ad
986 1562 1118 1612 caput
1137 1552 1254 1607 lecti,
1274 1571 1292 1593 »
1317 1553 1363 1596 in
1385 1568 1472 1612 quo
1489 1552 1642 1612 utique
1662 1566 1788 1595 senex

402 1621 602 1681 jacebat,
641 1631 685 1666 et
712 1622 771 1667 sic
795 1623 987 1681 positum
1009 1622 1222 1678 habebat,
1255 1632 1305 1666 ut
1336 1623 1381 1666 in
1415 1638 1465 1666 eo
1487 1623 1577 1666 sine
1612 1621 1786 1677 labore,

407 1692 585 1752 quando
606 1692 760 1748 vellet,
786 1703 927 1738 oraret
948 1713 957 1738 ι
982 1709 1062 1737 nec
1083 1692 1181 1737 ideo
1199 1702 1345 1737 tamen
1367 1691 1487 1753 quod
1509 1693 1788 1751 Septuaginta
1834 1678 1836 1707 ἕ

411 1763 684 1822 interpretati
717 1774 818 1808 sunt
833 1799 844 1818 ,
869 1762 1040 1808 nullum
1062 1763 1132 1808 vel
1156 1764 1291 1809 levem
1325 1778 1497 1807 sensum
1520 1763 1679 1808 habere
1705 1778 1788 1822 pu-
1834 1767 1835 1784 ³

408 1832 591 1878 tandum
609 1844 689 1878 est.

878 1929 1113 1979 QUAESTIO
1146 1930 1314 1970 chm.

466 2033 612 2075 ETIAM
634 2032 704 2076 hic
726 2046 1067 2075 commemorans
1100 2032 1234 2075 Jacob
1262 2032 1563 2091 promissiones
1586 2031 1662 2075 Dei
1683 2045 1782 2089 erga
1834 2028 1835 2036 ³

407 2117 451 2145 se
474 2100 627 2156 saetas,
652 2102 756 2145 dicit
779 2101 858 2145 sibi
875 2101 1057 2156 dictum,
1079 2121 1097 2142 ‹<
1114 2102 1287 2146 Faciam
1303 2111 1344 2145 te
1362 2102 1407 2144 in
1431 2101 1784 2160 congregationes
1832 2114 1834 2124 ’

413 2192 431 2213 »
467 2173 683 2229 gentium¹
709 2191 717 2216 :
742 2191 760 2212 »
787 2171 946 2232 quibus
969 2172 1110 2216 verbis
1140 2173 1274 2229 magis
1298 2171 1494 2216 fidelium
1517 2172 1786 2216 vocationem
1832 2175 1833 2184 ¹

408 2243 619 2301 significat
632 2278 642 2297 ‚
667 2258 798 2303 quam
813 2242 993 2287 carnalis
1012 2243 1178 2301 generis
1201 2243 1572 2303 propagationem.

891 2353 1125 2401 QILVESTIO
1158 2352 1321 2391 CLXIV.

471 2455 597 2506 Quon
619 2453 827 2512 scriptum
850 2463 934 2506 est,
960 2452 1130 2496 dicente
1154 2452 1290 2496 Jacob
1314 2451 1367 2495 dc
1401 2452 1603 2510 Ephraem
1630 2460 1673 2495 et
1696 2454 1785 2495 Ma-

414 2539 535 2568 nasse
553 2558 564 2578 ,
600 2543 620 2564 ‹<
650 2526 775 2569 Nunc
804 2538 908 2581 crgo
939 2522 1013 2565 filii
1053 2524 1112 2566 tui
1149 2522 1263 2571 duo,
1288 2523 1364 2581 qui
1386 2522 1486 2565 sacti
1521 2531 1621 2567 sunt
1643 2522 1720 2565 tibi
1746 2522 1786 2564 in

467 2627 472 2642 ¹
492 2624 570 2652 Gen.
588 2630 694 2660 urin,
711 2621 740 2662 ΙΙ.
