1872 3267
343 210 608 247 Quaes'nomsss
642 212 685 237 ιΝ
718 210 871 246 susus,
908 213 989 237 Lm.
1029 213 1082 237 vi.
1320 198 1404 238 543

20 272 137 331 apud
159 288 290 333 quem
314 290 402 318 non
418 283 481 318 est
501 274 704 334 iniquitas
720 309 730 328 ,
756 283 799 317 et
834 274 955 318 novit
984 274 1092 334 quid
1123 274 1281 334 cuique
1313 274 1407 318 fieri

19 341 176 387 debeat
197 347 234 388 ¹.
264 348 314 388 In
332 361 420 406 quo
440 344 556 389 bello
580 347 735 389 ductor
767 345 976 389 exercitus
998 344 1067 388 vel
1096 344 1186 404 ipse
1219 344 1408 405 populus

19 428 108 458 non
132 423 220 458 tam
233 425 383 460 auctor
405 415 536 471 belli,
563 431 695 475 quam
718 415 912 460 minister
925 414 1189 476 judicandus
1207 425 1285 460 est.

544 514 781 562 QUAEsrio
812 515 880 553 xi.

77 615 200 658 Jsssus
218 614 393 657 mittens
419 613 474 657 ad
495 614 577 658 Gai·
609 612 922 657 debellandum
958 613 1135 672 triginta
1154 613 1289 657 millia
1311 613 1410 657 bel-

0 682 228 739 latorum,
261 685 318 729 ait
354 684 437 729 illis
466 704 473 729 ;
517 705 536 726 «
573 687 659 728 Vos
690 684 1002 728 insidiabimini
1032 693 1130 744 post
1161 685 1405 740 civitatem,

22 772 42 795 »
77 764 120 798 et
142 770 231 799 non
244 753 373 814 longe
395 755 510 798 eritis
533 772 555 798 a
577 756 750 800 civitate
765 791 776 810 ,
803 764 845 799 et
867 755 982 799 eritis
1000 771 1149 800 omnes
1178 756 1316 815 parati
1334 775 1342 800 z
1369 765 1412 800 et

21 841 41 866 »
76 840 157 883 ego
180 834 223 868 et
244 826 382 869 omnis
405 824 615 885 populus,
641 826 715 886 qui
734 841 906 869 mecum
929 835 1017 881 est,
1058 825 1314 870 accedemus
1353 824 1409 870 ad

21 912 42 936 »
77 895 310 939 civitatem.
336 900 394 940 Et
414 897 520 952 erit,
545 912 646 940 cum
672 896 854 940 exierint
887 896 964 957 qui
1001 907 1330 941 commorantur
1366 897 1412 940 in

21 983 41 1006 »
77 967 180 1022 Gai,
203 966 250 1010 in
272 968 446 1011 obviam
468 968 594 1011 nobis
611 1003 622 1023 ,
639 968 749 1012 sicut
770 977 920 1024 antea,
941 977 985 1012 et
1007 968 1226 1027 fugiemus
1250 986 1273 1013 a
1301 967 1412 1012 facie

21 1056 41 1079 υ
76 1038 266 1084 illorum.
295 1042 474 1084 Etcum
496 1040 678 1084 exierint
694 1051 794 1100 post
811 1057 910 1096 nos,
938 1040 1205 1084 adducemus
1230 1040 1326 1084 illos
1357 1039 1412 1083 de

21 1127 40 1151 »
77 1111 271 1166 civitate,
305 1121 347 1155 et
384 1112 554 1157 dicent:
594 1111 789 1170 Fugiunt
820 1113 889 1156 isti
925 1129 946 1156 a
970 1111 1080 1157 facie
1102 1121 1275 1167 nostra,
1302 1112 1414 1156 sicut

21 1199 42 1223 >›
77 1192 217 1226 antea.
240 1186 326 1228 Vos
349 1194 494 1228 autem
516 1184 732 1241 exurgetis
754 1200 807 1227 ex
829 1184 992 1227 insidiis
1033 1193 1076 1227 et
1097 1183 1212 1227 ibitis
1236 1184 1282 1227 in
1305 1183 1413 1228 civi-

21 1271 42 1294 »
79 1263 228 1298 tatem.
257 1256 507 1300 Secundum
529 1256 714 1300 verbum
731 1255 849 1300 istud
869 1254 1049 1299 facietis.
1076 1258 1189 1299 Eece
1206 1255 1413 1314 praecipio

22 1342 43 1366 »
77 1325 252 1369 v0b1s2.
281 1327 620 1379 »Quaerendum
644 1337 727 1381 est:
756 1338 904 1371 utrum
923 1326 1061 1371 omnis
1098 1326 1298 1371 voluntas
1328 1325 1414 1369 fal-

18 1393 139 1438 lendi
158 1411 236 1454 pro
255 1395 480 1441 mendacio
513 1397 764 1456 deputanda
788 1398 868 1442 sit:
905 1407 948 1441 et
977 1397 1011 1441 si
1050 1397 1110 1440 ita
1138 1406 1226 1452 est,
1263 1406 1414 1440 utrum

21 1466 154 1524 possit
171 1467 339 1526 justum
357 1483 446 1510 esse
469 1466 767 1522 mendacium,
795 1484 883 1528 quo
906 1466 979 1511 ille
1001 1466 1167 1511 fallitur
1207 1467 1284 1527 qui
1314 1466 1413 1525 dig-

11 1551 102 1588 ⁴nus
124 1545 189 1580 est
230 1535 336 1580 falli.
372 1540 428 1581 Et
460 1538 493 1581 si
523 1553 577 1581 ne
607 1538 690 1582 hoc
728 1537 904 1598 quidem
939 1537 1218 1582 mendacium
1244 1538 1411 1597 justum

19 1608 262 1668 reperitur,
296 1618 428 1652 restat
467 1618 514 1652 ut
543 1608 787 1653 secundum
821 1609 1012 1669 aliquam
1050 1609 1413 1667 significationem

19 1678 103 1724 hoc
118 1715 129 1733 ,
157 1679 278 1740 quod
302 1680 357 1724 de
378 1680 541 1725 insidiis
558 1681 826 1736 factumest,
852 1680 908 1725 ad
929 1682 1156 1738 veritatem
1184 1679 1409 1726 referatur.

539 1791 775 1840 QUAEsTIO
806 1793 892 1830 xli.

79 1893 205 1944 Quoi)
227 1891 484 1935 Gabaonitae
498 1900 715 1935 venerunt
732 1890 788 1935 ad
809 1894 959 1935 Jesum
980 1906 1082 1935 cum
1113 1892 1292 1936 vetustis
1329 1906 1410 1951 pa-

22 1962 150 2006 nibus
172 1972 216 2006 et
237 1964 389 2018 saccis,
414 1972 463 2006 ut
485 1972 766 2022 putarentur,
792 1963 903 2006 sicut
921 1962 1159 2017 finxerant,
1206 1963 1260 2006 de
1298 1971 1413 2006 terra

21 2033 188 2077 venisse
204 2032 469 2093 longinqua3
483 2069 494 2089 ‚
546 2049 634 2093 quo
676 2034 734 2078 eis
768 2042 1043 2093 parceretur:
1086 2035 1103 2092 (
1126 2034 1413 2077 constitutum

23 2103 140 2146 enim
159 2113 250 2147 erat
271 2120 294 2147 a
309 2107 516 2158 Domino,
537 2119 592 2147 ne
614 2103 742 2149 alicui
761 2113 894 2148 terras
913 2102 1007 2148 illas
1024 2103 1285 2147 inhabitanti
1314 2119 1414 2163 par-

23 2183 192 2228 cerent,
218 2191 306 2235 quo
328 2174 746 2234 ingrediebanturz)
768 2173 971 2219 nonnulli
1000 2173 1170 2219 codices
1208 2183 1251 2217 et
1285 2173 1414 2232 graeci

25 2253 68 2288 et
88 2244 212 2289 latini
230 2246 395 2289 habent
412 2266 420 2290 :
451 2266 470 2288 ι(
494 2248 550 2289 Et
568 2245 826 2305 accipientes
848 2261 992 2290 saccos
1006 2255 1170 2289 veteres
1185 2260 1314 2304 super
1329 2246 1413 2288 hu-

29 2332 49 2356 »
84 2330 224 2359 meros
244 2332 342 2360 suos
360 2338 371 2374 3
390 2336 408 2357 υ
427 2315 498 2360 alii
515 2332 617 2360 vero
635 2316 711 2376 qui
725 2316 963 2360 veraciores
979 2315 1186 2360 videntur
1200 2350 1211 2370 ‚
1228 2331 1318 2359 non
1334 2316 1414 2359 ha-

25 2384 146 2440 bent,
176 2406 196 2428 «
221 2402 350 2446 super
371 2387 575 2430 humeros
594 2421 605 2441 ‚
628 2405 648 2427 »
672 2386 762 2441 sed,
794 2406 814 2428 «
839 2402 968 2447 super
991 2386 1131 2430 asinos
1153 2401 1268 2430 suos.
1297 2404 1317 2426 »
1346 2385 1413 2430 Si-

27 2455 228 2502 militudo
241 2458 358 2502 enim
375 2458 498 2503 verbi
519 2458 565 2502 in
578 2473 716 2517 graeca
729 2457 879 2517 lingua
893 2457 1227 2503 mendositatem
1239 2455 1413 2503 facilem

76 2547 83 2563 ¹
112 2543 201 2575 Rom.
224 2553 272 2584 tx,
290 2540 340 2584 14.
361 2559 403 2566 —-
426 2549 439 2566 2
456 2544 551 2576 Josue
565 2554 635 2586 viu,
651 2542 724 2585 4-8.
744 2559 785 2566 —
803 2541 878 2576 31d.
899 2554 943 2585 ix,
965 2543 994 2575 3.
