1872 3267
334 314 606 354 QUaesTmNES
636 316 682 343 m
714 315 973 354 mvrmcum,
1008 317 1091 343 Lm.
1127 317 1193 343 111.
1368 303 1452 343 395

64 397 160 428 rum
182 380 346 426 alieni?
372 400 391 423 «
417 384 479 426 De
501 380 706 425 omnibus
727 380 914 440 peccatis
935 395 1109 437 eorum,
1136 397 1158 422 »
1178 379 1224 425 id
1251 388 1335 437 cst,
1355 395 1455 441 quae

64 453 288 515 injustitiae
310 452 546 497 veniebant
570 450 624 495 de
646 451 849 496 omnibus
870 452 1058 511 peccatis
1077 466 1244 496 corum.

124 527 181 568 ΙΙ.
207 527 354 568 Potest
375 532 417 566 et
434 523 514 567 iste
531 537 621 566 esse
642 536 812 566 sensus:
844 542 864 564 «
888 522 1096 566 Exorabit
1116 537 1195 582 pro
1217 522 1375 567 sanctis
1397 522 1453 566 ab

65 614 86 637 »
120 593 409 638 immunditiis
423 592 613 638 filiorum
632 591 780 648 Israel,
796 611 816 634 »
833 593 878 637 id
893 603 971 649 est,
987 602 1036 638 ut
1047 594 1131 638 hoc
1149 608 1229 653 pro
1250 592 1332 637 illis
1351 608 1452 639 exo-

62 666 144 711 rari
160 664 446 724 intelligatur,
463 674 514 709 ut
535 665 591 709 ab
610 664 896 710 immunditiis
916 664 1107 710 filiorum
1132 664 1265 709 Israel
1288 666 1371 709 tuti
1386 679 1453 710 es·-

64 755 85 779 »
120 745 229 781 sent.
254 755 274 778 »
296 735 380 781 Sed
401 755 419 777 «
447 735 642 780 exorabit
661 752 783 782 »non
804 746 945 796 potest
964 736 1114 796 accipi,
1133 736 1211 780 nisi
1230 736 1352 796 quod
1366 735 1453 781 alio

0 860 2 870 ὲ
61 809 195 854 verbo
210 809 384 865 dicitur,
401 808 670 870 propitiabit.
690 808 815 854 Unde
832 818 875 853 et
887 808 1239 869 propitiatorium
1251 817 1448 865 vocatur,

0 917 5 939 r
61 879 181 941 quod
204 879 275 923 alii
298 880 586 925 exoratorium
610 880 883 940 interpretati
903 888 1025 924 sunt:
1053 895 1190 939 graece
1209 889 1355 924 autem
1380 879 1451 924 di-

1 948 3 957 ”
61 951 173 996 citur
191 959 375 1005 ἱλαστήριον.
398 954 455 996 Et
469 951 590 1012 quod
618 952 700 996 hoc
720 951 817 996 loco
833 951 993 996 latinus
1008 951 1082 1007 ait,
1108 970 1128 994 «
1144 951 1352 996 Exorabit
1370 967 1451 1011 pro

0 1050 3 1056 -
61 1021 233 1077 sanctis,
248 1040 281 1079 V»
307 1037 473 1081 graecus
495 1022 823 1069 ᾕ3])θῑέξι>.άσεται,
841 1021 961 1083 quod
980 1038 1069 1067 non
1090 1021 1348 1081 intelligitur
1368 1023 1450 1066 nisi

0 1144 3 1154 .
60 1109 139 1154 pro
159 1094 359 1153 peccatis.
387 1093 512 1138 Unde
534 1094 742 1153 scriptum
764 1102 827 1137 est
848 1093 894 1137 in
914 1093 1086 1138 Psalmo
1107 1113 1116 1138 :
1146 1111 1164 1133 «
1191 1093 1276 1146 Qui
1296 1094 1450 1153 propi-

0 1162 2 1204 ὲ
63 1182 84 1206 »
118 1164 202 1208 tius
229 1165 279 1208 fit
305 1165 508 1210 omnibus
533 1165 836 1226 iniquitatibus
856 1164 940 1208 tuis
956 1166 987 1209 1.
1017 1183 1037 1205 »
1066 1165 1148 1209 Hic
1179 1179 1283 1223 ergo
1309 1166 1451 1225 aptior

0 1250 1 1268 ³
59 1251 205 1281 sensus
223 1245 301 1292 est,
318 1245 367 1280 ut
380 1235 648 1295 intelligatur
666 1235 864 1280 sacerdos
883 1236 1010 1279 etiam
1033 1251 1114 1296 pro
1131 1236 1198 1280 his
1212 1237 1449 1296 propitiare

0 1312 1 1340 ἒ
58 1309 218 1362 Deum,
250 1308 326 1368 qui
342 1307 479 1351 sancti
507 1316 609 1351 sunt
626 1307 682 1351 ab
704 1307 992 1351 immunditiis
1011 1307 1204 1351 filiorum
1225 1308 1378 1364 lsrael,
1405 1319 1449 1354 et

59 1379 160 1440 quia
176 1377 278 1423 licet
305 1378 364 1423 ita
384 1379 520 1422 sancti
542 1380 627 1424 sint
652 1388 703 1423 ut
727 1378 1014 1423 immunditiis
1036 1379 1226 1424 filiorum
1249 1379 1379 1424 lsrael
1405 1391 1449 1425 et

58 1449 275 1510 injustitiis
292 1465 382 1493 non
399 1449 699 1505 consentiant,
730 1450 896 1494 habent
915 1459 1061 1494 tamen
1085 1448 1251 1511 aliquid
1270 1459 1449 1511 propter

58 1518 179 1581 quod
194 1521 253 1567 eis
266 1520 502 1565 necessaria
515 1521 570 1564 sit
590 1520 839 1580 propitiatio
861 1521 954 1564 Dei.

116 1594 198 1636 ΙΙΙ.
222 1593 333 1635 Sane
361 1594 407 1634 in
429 1590 623 1651 quodam
652 1607 793 1650 graeco
823 1591 1089 1649 invenimus,
1119 1612 1139 1635 «
1164 1595 1222 1637 Et
1251 1595 1447 1638 exorabit

59 1678 81 1703 n
115 1670 334 1706 sanctum:
356 1680 376 1702 »
398 1677 503 1718 non,
523 1678 639 1722 «pro
657 1662 835 1707 sanctis:
856 1680 876 1704 >›
893 1671 936 1707 et
951 1662 1063 1707 illud
1082 1662 1260 1724 quidem
1279 1683 1299 1707 «
1316 1680 1446 1709 sanc-

59 1749 80 1774 »
114 1740 232 1787 tum,
256 1749 276 1772 »
299 1747 455 1790 genere
475 1741 649 1789 neutro,
675 1732 721 1777 id
735 1743 820 1789 est,
847 1741 882 1774 τὸ
905 1742 999 1789 ἅγιον.
1023 1736 1133 1779 Nam
1155 1743 1298 1795 posset
1313 1735 1446 1780 intel-

2 1815 4 1856 ξ
56 1801 153 1861 ligi,
184 1820 204 1844 «
219 1802 425 1846 Exorabit
455 1811 654 1846 sanctum
674 1806 834 1859 Deum,
858 1821 878 1845 »
896 1813 939 1847 et
955 1803 1077 1848 nulla
1098 1814 1209 1849 esset
1228 1806 1412 1866 quaestio
1433 1826 1442 1851 ε

56 1872 278 1934 quomodo
309 1881 456 1916 autem
493 1874 628 1933 possit
660 1873 864 1932 intelligi,
902 1894 922 1917 α
956 1875 1165 1920 Exorabit
1199 1876 1283 1920 hoc
1320 1893 1445 1922 sanc-

60 1959 80 1984 »
96 1952 207 1999 tum,
229 1941 443 1987 »difficile
465 1952 527 1987 est
548 1943 803 2000 dicere,nisi
826 1943 939 1989 forte
957 1945 1068 1990 illud
1091 1956 1291 1991 sanctum
1313 1947 1446 2009 quid-

57 2013 162 2074 quid
182 2023 245 2058 est
259 2013 380 2074 quod
394 2017 507 2058 Deus
520 2024 606 2073 est,
622 2016 723 2078 quia
737 2025 779 2060 et
795 2016 975 2076 Spiritus
988 2026 1178 2074 sanctus,
1195 2019 1271 2079 qui
1291 2019 1445 2080 utique

57 2088 169 2130 Deus
197 2094 284 2140 est,
316 2095 473 2130 neutro
508 2102 664 2145 genere
694 2103 832 2147 graece
860 2086 1208 2141 dicitureffiasfm
1222 2097 1365 2143 τὸᾶγιον.
1388 2094 1446 2136 Et

0 2155 1 2177 ³
56 2154 167 2201 forte
184 2157 268 2202 hoc
285 2166 364 2213 est,
390 2158 423 2202 si
445 2167 592 2202 tamen
613 2157 687 2203 ille
718 2159 854 2205 codex
876 2160 1017 2204 verior
1033 2169 1119 2216 est,
1147 2161 1223 2221 qui
1245 2163 1446 2208 emenda-

0 2220 1 2257 ἶ
57 2227 140 2272 tior
173 2227 405 2273 Videbatur
421 2264 432 2284 ‚
463 2236 637 2276 ἐξιλάσεται
653 2237 687 2271 τὸ
708 2239 809 2284 ἅγιον,
847 2232 932 2276 hOC
967 2240 1029 2276 est
1044 2266 1055 2288 7
1093 2240 1127 2273 τὸ
1146 2244 1270 2286 πνεῦμα.
1289 2242 1322 2274 τὸ
1342 2241 1445 2287 ἅγιον,

57 2297 176 2359 quod
194 2298 330 2343 latine
363 2310 520 2358 'genere
555 2309 710 2346 neutro
743 2301 829 2346 dici
859 2318 949 2347 non
983 2311 1141 2363 potest.
1167 2304 1373 2357 Quamvis
1402 2313 1446 2348 et

56 2369 101 2412 in
130 2369 267 2414 tribus
301 2369 392 2414 aliis
422 2371 668 2428 codicibus,
695 2388 783 2418 uno
815 2389 955 2433 graeco
986 2384 1029 2419 et
1065 2374 1239 2419 duobus
1273 2374 1442 2430 latinis,

57 2455 145 2484 non
172 2441 488 2497 invenerimus,
515 2443 596 2486 nisi
629 2444 750 2504 quod
782 2461 912 2505 supra
949 2445 1156 2502 diximus,
1187 2466 1207 2489 «
1235 2446 1446 2491 Exorabit

61 2528 81 2552 »
114 2527 193 2571 pro
219 2513 390 2557 sanctis.
428 2532 446 2554 >›
483 2514 612 2567 Quod
645 2524 788 2574 potest
818 2526 861 2561 et
890 2517 949 2561 sic
980 2518 1138 2577 accipi,
1164 2527 1214 2561 ut
1246 2534 1336 2562 non
1365 2533 1445 2578 pro

57 2582 210 2626 sanctis
239 2583 505 2640 hominibus,
526 2586 602 2630 scd
628 2601 707 2645 pro
729 2586 777 2631 iis
806 2603 906 2647 quae
929 2597 1075 2633 sancta
1102 2597 1203 2632 sunt
1224 2588 1444 2647 intelliga-

106 2674 114 2690 ¹
136 2668 214 2701 Psal.
234 2679 286 2710 cu,
307 2669 338 2701 3.
