1872 3267
363 324 629 361 QUAEsTmNEs
661 324 706 351 nv
740 323 948 361 EXODUM‚
986 324 1069 353 Lux.
1108 325 1154 350 11.
1368 315 1454 354 269

61 391 268 445 Quamvis
292 391 382 434 istae
404 389 706 450 promissiones
728 390 893 450 possint
910 399 953 434 ct
973 388 1223 450 spiritaliter
1245 388 1452 451 intelligi,

62 471 208 506 tamen
237 477 338 506 cum
361 460 604 505 secundum
636 460 921 521 temporalem
954 460 1182 505 hominum
1204 460 1456 507 felicitatem

60 531 382 591 intelliguntur,
401 530 456 576 ad
468 533 603 576 Vetus
617 534 942 576 Testamentum
960 531 1203 592 pertinent:
1220 532 1298 576 ubi
1315 549 1457 594 quan-

60 618 193 663 quam
228 612 473 663 praecepta,
498 602 685 662 exceptis
708 602 774 647 his
797 619 896 664 quae
919 602 964 647 in
996 611 1266 647 sacramento
1289 603 1457 664 aliquid

61 673 322 732 significant,
339 672 491 718 eadem
505 672 561 717 ad
572 688 714 719 mores
728 673 867 719 bonos
884 673 1145 735 pertinentia
1163 673 1453 734 reperiantur,

61 744 364 804 promissiones
381 753 526 789 tamen
546 743 739 789 carnales
758 754 890 806 atque
914 754 1095 789 terrenae
1117 753 1234 789 sunt.
1264 744 1389 789 Unde
1412 745 1458 789 in

62 814 232 860 Psalmo
253 815 790 876 septuagesimo-secundo
804 831 916 876 pene
932 813 1074 875 lapsos
1097 823 1140 860 et
1156 815 1317 861 etsusos
1337 832 1456 876 gres-

62 902 133 931 sus
153 903 251 932 suos
272 887 406 932 homo
438 886 516 931 Dei
549 886 683 932 dicit:
722 906 742 930 «
769 889 883 932 Cum
908 884 1064 930 zelaret
1082 885 1128 930 in
1157 887 1459 947 peccatoribus

65 976 86 999 »
120 974 271 1018 pacem
287 966 565 1017 peccatorum
578 957 753 1002 intuens
767 960 779 983 ¹
789 993 798 1002 .
808 976 828 999 »
845 960 907 1002 Ea
921 956 1084 1018 quippe
1097 958 1304 1003 cernebat
1315 958 1457 1004 abun-

4 1085 7 1091 ·
61 1028 165 1073 dare
188 1029 354 1089 impiis,
375 1044 476 1089 quae
498 1028 589 1088 ipse
612 1028 857 1073 secundum
877 1031 1205 1073 Testamentum
1229 1032 1365 1075 Vetus
1383 1046 1459 1075 ex-

62 1100 266 1160 pectabat
295 1117 318 1145 a
348 1100 535 1145 Domino
564 1103 682 1157 Deo,
709 1101 779 1145 cui
806 1101 885 1144 hac
915 1099 1114 1144 mercede
1137 1100 1366 1145 serviebat,
1404 1105 1463 1146 Et

6 1161 8 1180 ³
63 1187 162 1216 cum
186 1171 289 1215 hinc
305 1171 343 1215 ei
356 1172 591 1231 subrepere
605 1171 807 1231 coepisset
823 1186 971 1216 sensus
983 1170 1142 1230 impius
1155 1207 1165 1227 ,
1183 1172 1304 1232 quod
1319 1175 1460 1217 Deum

65 1258 153 1287 non
176 1258 327 1287 curare
354 1242 617 1286 existimaret
638 1243 850 1297 humana,
879 1251 1129 1301 correptum
1147 1257 1191 1287 se
1209 1241 1335 1299 dicit,
1353 1242 1460 1288 dum

63 1315 365 1366 auctoritatem
386 1323 636 1359 sanctorum
660 1329 750 1358 non
777 1322 840 1358 est
859 1329 987 1358 ausus
1015 1313 1266 1374 improbare
1282 1350 1293 1370 ,
1322 1324 1366 1360 et
1386 1315 1457 1359 in-

10 1439 11 1443 *
63 1386 197 1446 coepit
217 1400 476 1444 cognoscere
491 1420 501 1440 ,
527 1394 570 1428 et
592 1374 681 1429 ait':
707 1404 726 1427 α
746 1387 838 1429 Hoc
861 1384 987 1429 labor
1002 1394 1066 1429 est
1083 1395 1183 1430 ante
1205 1402 1291 1441 me,
1317 1385 1458 1432 donec

67 1476 86 1497 »
121 1456 336 1501 introeam
361 1456 407 1499 in
430 1455 726 1500 sanctuarium
749 1456 847 1511 Dei,
872 1465 914 1500 et
944 1456 1184 1515 intelligam
1206 1457 1252 1501 in
1274 1458 1459 1502 novissi-

12 1529 13 1539 *
66 1545 87 1568 »
123 1529 232 1571 ma2.
256 1547 273 1568 »
294 1527 360 1571 Ibi
373 1527 490 1570 enim
503 1527 681 1586 praemia
696 1526 923 1571 dabuntur
941 1527 996 1571 ad
1009 1531 1181 1574 Novum
1196 1529 1458 1588 pertinentia

12 1613 15 1648 ε
66 1601 415 1653 Testamentum,
448 1614 547 1658 quae
570 1597 693 1658 impii
724 1613 814 1642 non
839 1598 1053 1658 accipient
1076 1618 1085 1644 2
1110 1608 1154 1643 et
1176 1615 1320 1659 poenae
1354 1609 1459 1645 tunc

64 1668 225 1716 futurae
246 1678 350 1714 sunt
368 1668 602 1730 impiorum
621 1704 631 1724 ,
652 1684 760 1729 quas
782 1668 929 1713 nullus
948 1668 1123 1729 piorum
1151 1685 1354 1716 sensurus
1376 1680 1454 1716 est.

563 1767 799 1816 QUAEsrlo
831 1768 965 1809 xcln.

126 1887 144 1910 «
181 1871 245 1913 ET
282 1867 453 1913 mittam
484 1883 635 1928 vespas
669 1877 769 1913 ante
798 1877 868 1924 te,
900 1878 943 1914 ct
976 1869 1118 1929 ejiciet
1155 1872 1455 1927 Amorrhaeos,

16 1936 18 1942 ’
65 1958 86 1980 »
121 1943 295 1993 Evaeos,
319 1939 616 1993 Chananaeos‚
644 1949 688 1981 et
709 1941 929 1985 Chettaeos
952 1957 975 1985 a
998 1942 1085 1985 te3.
1113 1959 1133 1983 »
1161 1943 1382 1996 Quaeritur
1404 1943 1459 1987 de

64 2009 128 2054 his
157 2009 297 2069 vespis
329 2007 437 2069 quid
458 2007 795 2067 intelligendum
822 2007 905 2051 sit?
928 2010 1038 2053 Nam
1069 2019 1112 2052 et
1135 2014 1351 2069 promittit
1374 2014 1460 2057 hoc

65 2083 199 2134 Deus,
226 2088 269 2124 et
288 2079 401 2123 liber
434 2078 666 2139 Sapientiae
697 2077 804 2122 dicit
831 2078 1090 2138 impletum,
1123 2080 1200 2124 ubi
1231 2081 1320 2126 ait:
1356 2102 1375 2124 «
1402 2086 1459 2128 Et

68 2169 88 2191 »
123 2149 237 2194 misit
259 2159 550 2195 antecessores
578 2148 789 2193 exercitus
822 2149 890 2193 sui
910 2165 1061 2210 vespas
1078 2151 1109 2194 ⁴.
1139 2169 1159 2191 n
1185 2154 1284 2197 Non
1311 2162 1459 2198 autem

20 2246 22 2254 ·
66 2218 246 2279 legimus
279 2219 472 2276 factum,
509 2234 652 2280 neque
690 2219 832 2277 Moysi
868 2221 1165 2280 temporibus,
1201 2238 1344 2284 neque
1376 2224 1459 2268 sub

69 2292 169 2334 Jesu
186 2293 325 2346 Nave,
346 2306 489 2351 neque
506 2291 588 2334 sub
607 2292 631 2334 J
636 2289 864 2346 udicibus,
892 2307 1035 2352 neque
1062 2293 1144 2336 sub
1168 2293 1375 2353 Regibus.
1397 2298 1460 2339 Ac

22 2398 25 2420 ἲ
69 2377 144 2422 per
159 2362 242 2407 hoc
259 2378 402 2422 vespsc
420 2362 512 2406 istae
532 2360 672 2405 aculei
686 2362 850 2407 timoris
863 2362 1457 2423 intelligendisunttortaSSC‚

70 2433 228 2493 quibus
261 2432 539 2493 agitabantur
569 2442 822 2478 memoratae
851 2443 1022 2492 gentes,
1051 2444 1102 2480 ut
1133 2435 1339 2481 cederent
1361 2436 1461 2481 filiis

72 2503 216 2549 Israel.
242 2508 356 2549 Deus
379 2504 496 2548 enim
517 2502 735 2565 loquitur,
760 2505 807 2548 in
835 2507 959 2567 cujus
991 2522 1190 2553 sermone
1218 2509 1251 2552 si
1274 2509 1461 2568 figurate

73 2574 235 2636 aliquid
256 2576 443 2632 dicatur,
466 2574 588 2637 quod
608 2575 663 2620 ad
684 2577 995 2636 proprietatem
1019 2594 1109 2623 non
1133 2580 1187 2624 sit
1204 2579 1459 2640 impletum,

123 2677 130 2695 ¹
153 2671 231 2705 psal.
248 2684 346 2715 txxu,
366 2682 397 2706 2.
422 2690 463 2696 —-
482 2672 594 2706 ²1bid.
616 2672 667 2715 16,
697 2683 747 2715 ¹7-
768 2690 810 2698 ·—-
835 2671 847 2698 ³
873 2675 972 2708 Exod.
995 2686 1086 2718 xxm,
1105 2678 1159 2709 ¹28⁴
1181 2693 1222 2699 —-
1237 2674 1335 2720 4Sap.
1351 2689 1410 2719 xli,
1429 2677 1460 2709 ὃ.
