1872 3267
347 182 620 220 Qcffis'noixns
652 184 695 210 nv
729 181 879 221 soson,
916 184 996 210 Lis.
1037 186 1092 210 vi.
1328 173 1410 212 547

27 266 47 290 »
82 249 199 308 cepit
226 251 327 292 Jesu
342 284 352 304 ‚
379 249 498 293 etsie
515 248 621 292 fecit
647 250 770 291 Jesus
793 266 801 292 :
823 262 912 291 non
928 255 990 291 cst
1008 256 1295 307 transgressus
1307 248 1415 309 quid

23 335 44 359 »
79 333 212 379 quam
227 318 282 362 ab
294 318 496 363 omnibus
510 353 520 371 ‚
542 318 700 378 quibus
713 317 939 362 constituit
953 318 1162 362 Dominus
1176 318 1318 376 Moysi
1330 321 1342 345 1
1357 353 1366 362 .
1388 337 1409 360 »

21 392 203 449 Propter
216 390 299 434 hoc
318 388 441 434 nullo
458 388 589 433 modo
611 388 806 449 putanda
826 398 891 433 est
905 389 985 433 ista
1012 389 1267 445 crudelitas,
1292 389 1414 448 quod

18 458 191 504 nullum
205 460 354 505 vivum
375 461 421 504 in
442 460 689 505 civitatibus
713 460 794 504 sibi
819 459 985 504 traditis
1006 459 1255 505 dimittebat
1269 464 1410 518 Jcsus,

19 531 122 592 quia
144 534 258 575 Deus
278 531 361 575 hoc
379 532 578 592 jusserat.
605 531 690 584 Qui
705 540 852 574 autem
867 530 1113 575 existimant
1139 531 1240 576 hinc
1274 535 1413 577 Deum

17 600 160 661 ipsum
179 600 308 645 fuisse
325 600 546 646 crudelem
564 636 574 657 ‚
600 611 643 645 et
665 610 841 661 propter
864 602 947 646 hoc
962 602 1126 646 Veteris
1151 602 1414 647 Testamenti

16 687 170 718 verum
193 675 333 717 Deum
365 672 496 718 fuisse
519 682 741 717 auctorem
770 672 928 718 nolunt
953 673 1151 730 credere,
1186 683 1276 717 tam
1314 689 1414 734 per-

15 758 137 789 verse
159 744 213 788 de
235 744 439 805 operibus
458 743 533 788 Dei
568 760 702 805 quam
740 744 794 789 de
824 745 1011 805 peccatis
1037 745 1264 790 hominum
1290 744 1413 805 judi—

15 824 141 871 cant,
167 816 405 861 nescientes
423 816 531 878 quid
553 817 740 878 quisque
760 816 850 876 pati
873 816 1031 876 dignus
1046 817 1120 874 sit,
1137 827 1187 861 ut
1204 832 1413 877 magnum

16 895 219 947 putantes
261 887 426 933 malum
469 904 572 934 cum
605 904 757 934 casura
789 887 1084 948 dejiciuntur,
1121 887 1415 951 mortalesque

15 968 276 1004 moriuntur.

522 1070 758 1122 QUAESTIO
792 1071 913 1113 XVII.

19 1190 41 1215 «
73 1173 138 1217 ET
153 1188 243 1217 non
263 1181 355 1217 erat
372 1172 521 1218 civitas
537 1209 547 1228 ,
569 1189 668 1234 quae
689 1188 779 1218 non
792 1182 884 1217 erat
901 1172 1061 1218 tradita
1078 1171 1176 1218 filiis
1191 1172 1322 1218 Israel
1333 1176 1351 1201 2
1366 1209 1375 1219 .
1390 1191 1412 1216 »

12 1242 236 1294 Quaeritur
257 1244 482 1304 quomodo
507 1245 592 1288 hoc
613 1259 766 1289 verum
784 1244 863 1300 sit,
901 1259 1002 1289 cum
1026 1260 1107 1289 nec
1140 1245 1413 1304 temporibus

13 1324 164 1376 postea
198 1314 432 1371 Judicum,
459 1331 540 1360 nec
564 1316 835 1376 temporibus
858 1319 1028 1374 Regum
1051 1332 1201 1361 omnes
1232 1317 1412 1363 omnino

12 1384 187 1430 illarum
201 1395 365 1445 septem
382 1386 579 1445 gentium
598 1386 791 1431 civitates
809 1402 963 1447 capere
980 1387 1206 1447 potuerint
1220 1387 1409 1433 Hebraei.

15 1456 101 1503 Sed
123 1465 198 1501 aut
219 1456 277 1502 sic
300 1455 639 1516 intelligendum
657 1466 741 1512 est,
779 1457 901 1518 quod
924 1457 978 1501 ad
1000 1458 1168 1502 nullam
1191 1458 1412 1503 civitatem

13 1527 221 1572 bellando
240 1528 416 1594 accessit
438 1530 560 1572 Jesus
583 1544 714 1589 quam
730 1544 819 1572 non
841 1529 1005 1589 ceperit
1027 1548 1035 1574 z
1061 1539 1138 1574 aut
1159 1539 1275 1575 certe
1289 1528 1411 1575 nulla

12 1615 103 1644 non
128 1609 253 1660 capta
276 1609 361 1655 est,
386 1599 462 1644 sed
487 1615 636 1643 earum
669 1615 768 1659 quae
791 1600 836 1643 in
858 1601 1111 1658 regionibus
1134 1617 1264 1661 supra
1294 1617 1409 1646 com-

12 1670 259 1715 memoratis
290 1669 483 1714 fuerunt.
522 1673 800 1714 Enumeratae
832 1679 935 1714 sunt
967 1671 1083 1714 enim
1117 1672 1336 1732 regiones,
1363 1673 1408 1718 in

11 1742 173 1802 quibus
187 1740 366 1785 fuerunt
382 1740 597 1795 civitates,
620 1739 674 1785 de
702 1741 863 1802 quibus
888 1739 1003 1787 facta
1028 1752 1092 1788 est
1120 1743 1200 1789 ista
1225 1743 1410 1791 conclu-

14 1813 98 1860 sio:
127 1833 147 1857 «
165 1817 223 1859 Et
239 1829 389 1860 omnes
410 1813 525 1874 cepit
542 1813 588 1857 in
606 1813 738 1859 bello.
769 1832 789 1855 »

506 1923 745 1974 QUAESTIO
776 1925 915 1965 XVIII.

76 2047 96 2070 «
121 2030 235 2082 QmA
249 2042 326 2088 per
343 2027 579 2073 Dominum
601 2025 766 2072 factum
786 2036 851 2072 est
872 2026 1108 2072 confortari
1127 2041 1203 2072 cor
1225 2042 1378 2074 eorum
1393 2064 1404 2084 ,

14 2116 35 2140 »
72 2108 123 2143 ut
144 2099 318 2144 obviam
340 2098 454 2143 irent
475 2098 530 2142 ad
547 2097 712 2142 bellum
734 2098 788 2144 ad
810 2098 940 2143 Israel
954 2134 965 2155 ‚
990 2108 1041 2144 ut
1062 2100 1407 2146 exterminaren-

16 2187 36 2210 υ
71 2179 164 2225 tur,
186 2170 246 2214 ita
278 2179 328 2214 ut
348 2186 437 2215 non
459 2169 637 2214 daretur
663 2170 721 2214 eis
754 2170 1069 2224 misericordia,
1096 2170 1171 2216 sed
1194 2181 1243 2215 ut
1264 2180 1407 2216 exter-

16 2257 36 2281 n
71 2240 343 2285 minarentur
358 2277 368 2297 ,
389 2241 499 2286 sicut
513 2239 623 2285 dixit
635 2241 845 2286 Dominus
867 2242 922 2286 ad
939 2244 1157 2300 Moysen³.
1186 2260 1206 2284 »
1227 2245 1293 2287 Ita
1305 2243 1399 2288 djc-

13 2320 109 2356 tum
126 2322 189 2357 est
204 2313 288 2358 hoc
309 2329 386 2373 per
403 2313 635 2358 Dominum
667 2312 833 2357 factum
867 2313 1105 2359 confortari
1119 2329 1195 2358 cor
1217 2329 1370 2358 eorum
1385 2349 1398 2370 ‚

12 2382 96 2429 hoc
118 2394 180 2429 est
195 2420 205 2440 ‚
230 2386 437 2431 obdurari
460 2401 533 2431 cor
551 2400 724 2440 eorum,
749 2384 860 2430 sicut
889 2383 944 2430 de
977 2386 1252 2430 Pharaone⁴z
1278 2384 1400 2446 quod

62 2488 72 2506 ¹
92 2483 185 2516 Josue
199 2494 249 2525 xi,
274 2484 311 2526 1—‘6
328 2509 337 2526 ,
358 2484 410 2517 15.
428 2501 469 2507 —-
492 2490 503 2506 2
519 2483 600 2516 Ibid.
626 2493 674 2526 19.
692 2500 733 2505 —
754 2480 865 2515 ³1bid.
886 2491 995 2516 20.—
1012 2480 1028 2512 4
1047 2483 1146 2516 Exod.
1169 2493 1224 2526 vu,
1245 2482 1263 2516 3
1283 2487 1316 2516 et
1333 2492 1396 2523 22,

17 2542 49 2570 et
67 2549 135 2579 vin,
158 2550 207 2581 ις),

1120 2592 1184 2631 35.
