1872 3267
383 221 648 256 Quffisnomes
682 221 724 246 liv
759 219 956 256 ionicus,
995 221 1075 245 Lus.
1115 220 1188 245 vu.
1389 207 1467 244 591

30 325 33 345 ι,
78 280 245 327 factum
271 283 334 327 illi
357 284 411 328 ab
434 286 469 345 ej
479 300 525 328 us
549 293 682 328 matre
701 319 711 338 ,
738 299 826 327 non
844 292 936 327 erat
953 283 1104 344 utique
1124 281 1237 340 tale3
1261 281 1471 343 quoniam

30 359 32 402 j
78 367 180 396 cum
213 352 340 399 datus
373 365 436 399 est
465 353 750 408 nutriendus,
779 369 869 398 non
900 363 991 398 erat
1023 368 1218 397 summus
1243 351 1468 408 sacerdos,

76 423 228 484 utiquc
242 440 364 483 puer.
389 425 513 470 Unde
532 434 580 468 ut
595 424 763 468 dictum
781 434 860 480 est,
879 427 913 468 E
920 422 1043 484 phud
1059 424 1134 467 bar
1146 422 1467 483 appellabatur,

29 515 31 540 s
76 491 146 536 vel
161 495 304 553 potius
318 500 351 540 E
357 497 415 556 ph
423 495 480 540 ud
492 496 582 550 bat,
603 495 716 539 sicut
732 504 928 539 asserunt
944 494 1020 555 qui
1036 493 1260 538 hebraeam
1275 492 1471 551 linguam

29 586 31 589 ·
77 576 322 621 noverunt,
358 576 402 610 et
430 567 739 625 interpretatur
767 565 930 625 Ephud
963 565 1146 609 lineum.
1177 563 1261 609 Sed
1291 563 1472 608 Gedeon

27 626 29 683 f
77 635 272 680 existimo
294 636 404 680 illud
426 636 590 692 fecisse,
612 635 732 697 quod
751 646 842 680 erat
858 636 1131 696 praecipuum
1152 635 1309 679 summi
1327 649 1469 679 sacer-

26 752 27 765 }
76 704 188 750 dotis
211 706 518 752 indumentum
538 717 669 768 atque
694 717 1017 762 ornamentum,
1033 722 1111 767 per
1123 705 1244 767 quod
1258 715 1301 750 et
1313 715 1470 750 caetera

26 823 27 839 χ
76 778 313 837 significata
336 789 438 824 sunt
458 795 589 840 opera
607 780 799 835 sacrarii,
817 779 937 840 quod
955 780 999 823 in
1017 795 1093 824 sua
1117 779 1291 824 civitate
1312 787 1472 838 praeter

75 848 154 893 Dei
182 849 513 895 tabernaculum
534 852 847 909 constituerat3
870 860 913 895 et
930 859 1108 911 propter
1129 851 1213 895 hoc
1236 859 1469 909 peccatum

26 947 27 950 =
75 917 239 964 sactum
263 919 402 965 estilli
423 930 467 966 et
486 920 636 966 domui
659 924 750 983 ejus
764 922 810 966 in
825 921 1096 977 scandalum,
1118 931 1168 965 ut
1189 921 1249 965 sic
1269 920 1469 965 interiret

24 995 26 1054 J
74 990 226 1051 (quod
248 1001 397 1052 postea
430 993 650 1053 Scriptura
681 995 883 1052 narratl)
906 1001 1028 1038 tanta
1057 993 1149 1053 ejus
1177 991 1469 1036 numerositas

23 1065 25 1090 ῑ
74 1060 283 1107 filiorum.

577 1161 814 1211 QUAEsTlo
847 1162 963 1200 an.

133 1264 229 1307 NON
262 1262 566 1322 praetereunda
597 1264 736 1307 oritur
758 1263 942 1323 quaestio
960 1297 970 1317 ‚
1005 1260 1229 1322 quomodo
1257 1261 1472 1322 quieverit

21 1353 25 1393 g
75 1342 187 1377 terra
209 1333 498 1394 quadraginta
517 1350 653 1377 annos
676 1335 721 1377 in
744 1334 900 1377 diebus
918 1332 1099 1377 Gedeon
1115 1368 1126 1387 ,
1147 1348 1246 1376 cum
1262 1341 1359 1392 post
1377 1332 1469 1376 vic-

22 1400 23 1434 ἕ
73 1404 244 1458 toriam,
262 1420 347 1463 qua
361 1403 563 1448 liberavit
586 1404 839 1458 Hebrae0s2‚
859 1420 910 1448 ex
929 1419 1034 1447 auro
1057 1402 1295 1462 spoliorum
1319 1401 1471 1448 fecerit

20 1477 23 1532 3
74 1475 465 1529 abominationem,
492 1483 535 1518 et
550 1483 647 1533 post
670 1473 786 1518 illam
805 1473 1044 1518 fornicatus
1070 1474 1123 1518 sit
1143 1473 1283 1518 omnis
1311 1472 1467 1529 Israel,

73 1554 117 1589 et
137 1545 271 1590 suerit
292 1545 355 1589 illi
379 1555 422 1589 et
446 1544 598 1590 domui
621 1546 712 1605 ejus
735 1545 782 1588 in
814 1544 1084 1590 scandalum.
1111 1544 1344 1598 Quomodo
1366 1560 1470 1604 ergo

18 1605 22 1645 3
72 1627 171 1677 post
193 1619 276 1662 hoc
300 1627 472 1662 tantum
494 1616 614 1661 nefas
630 1652 640 1672 ,
670 1617 794 1678 quod
815 1626 858 1661 et
879 1616 1060 1661 Gedeon
1075 1652 1086 1672 ,
1112 1626 1155 1661 et
1176 1615 1366 1676 populus
1389 1615 1471 1660 ad-

14 1687 21 1760 }
72 1690 208 1745 misit,
228 1690 443 1750 requievit
467 1699 577 1734 terra
596 1688 886 1750 quadraginta
909 1705 1070 1746 annos,
1095 1704 1197 1733 cum
1215 1689 1299 1732 hoc
1325 1687 1471 1748 Scrip-

15 1767 19 1814 ῐ
74 1769 169 1805 tura
192 1760 327 1805 soleat
351 1760 602 1815 ostendere,
628 1775 729 1804 cum
749 1775 772 1803 a
800 1760 985 1804 Domino
1008 1763 1098 1804 Deo
1119 1759 1308 1819 populus
1328 1756 1468 1803 forni-

10 1841 15 1848 “
75 1841 262 1887 caretur,
289 1841 395 1875 tunc
412 1831 556 1890 potius
578 1846 730 1890 pacem
752 1829 848 1874 illos
872 1829 1078 1890 perdere,
1103 1846 1193 1874 non
1215 1830 1466 1890 acquirere3

17 1933 19 1935 >
75 1913 119 1948 et
131 1904 327 1948 hostibus
347 1903 585 1962 subjugari,
604 1918 695 1947 non
712 1902 766 1946 ab
781 1903 971 1946 hostium
988 1901 1264 1946 infestatione
1277 1902 1470 1946 muniri?

77 1973 162 2019 Sed
184 1972 518 2030 intelligendum
540 1981 630 2028 est,
656 1973 768 2017 sicut
790 1972 900 2017 solet
925 1973 1171 2032 Scriptura,
1191 1988 1269 2032 per
1290 1971 1468 2033 prolep-

74 2046 178 2100 sim,
209 2044 255 2088 id
289 2052 373 2099 est,
399 2059 477 2104 per
503 2044 928 2103 praeoccupationem
951 2044 1130 2100 dixisse,
1166 2043 1287 2105 quod
1318 2042 1470 2088 fecerit

13 2158 15 2163 ⁴
74 2115 239 2176 Ephud
253 2124 403 2159 contra
421 2115 499 2159 Dei
519 2118 679 2173 Legem
692 2115 872 2159 Gedeon
888 2131 941 2160 ex
957 2115 1033 2160 illo
1047 2131 1168 2171 auro,
1189 2115 1311 2176 quod
1330 2115 1470 2159 fuerat

15 2206 17 2225 ι
74 2187 273 2231 hostibus
297 2186 476 2231 devictis
499 2197 629 2247 atque
652 2186 874 2246 prostratis
892 2187 1112 2243 ablatum,
1134 2188 1234 2248 quia
1257 2203 1347 2231 uno
1370 2186 1468 2232 loco

74 2258 217 2303 dicere
238 2258 393 2313 voluit,
420 2267 463 2302 et
479 2257 598 2301 unde
620 2267 712 2301 erat
734 2275 905 2314 aurum,
931 2268 975 2303 et
995 2258 1103 2319 quid
1127 2258 1182 2302 de
1203 2257 1279 2302 illo
1302 2257 1469 2302 factum

75 2329 128 2374 sit
147 2349 156 2374 ι
177 2329 252 2374 sed
275 2339 422 2390 postea
444 2328 609 2373 factum
628 2337 692 2373 est
707 2329 753 2372 in
775 2330 862 2373 fine
877 2329 1046 2374 dierum
1070 2328 1250 2373 Gedeon
1267 2329 1351 2373 hoc
1371 2344 1470 2388 pec-

76 2410 246 2456 catum,
279 2400 457 2461 quando
482 2409 715 2445 consecuta
743 2409 844 2445 sunt
867 2401 997 2445 etiam
1024 2399 1160 2455 mala,
1189 2416 1288 2461 quae
1310 2399 1469 2444 deinde

79 2472 301 2532 Scriptura
314 2472 552 2527 contexuit,
563 2480 845 2532 posteaquam
858 2470 1214 2517 commemoravit
1225 2480 1334 2532 quot
1345 2471 1468 2516 annis

127 2575 134 2592 ¹
158 2569 263 2602 Judic.
285 2580 329 2611 ix,
350 2568 382 2611 5,
410 2586 450 2591 —
475 2575 488 2591 2
509 2569 554 2600 Id.
576 2579 645 2611 viu,
665 2568 788 2610 27‚28.
