<?xml version="1.0" encoding="UTF-8"?>
<!DOCTYPE html PUBLIC "-//W3C//DTD XHTML 1.0 Transitional//EN"
    "http://www.w3.org/TR/xhtml1/DTD/xhtml1-transitional.dtd">
<html xmlns="http://www.w3.org/1999/xhtml" xml:lang="en" lang="en">
 <head>
  <title>
</title>
<meta http-equiv="Content-Type" content="text/html;charset=utf-8" />
  <meta name='ocr-system' content='tesseract 3.04.00' />
  <meta name='ocr-capabilities' content='ocr_page ocr_carea ocr_par ocr_line ocrx_word'/>
</head>
<body>
  <div class='ocr_page' id='page_1' title='image "./operaomniaaccura06auguuoft_0501.png"; bbox 0 0 1872 3267; ppageno 0'>
   <div class='ocr_carea' id='block_1_1' title="bbox 0 0 69 1121">
    <p class='ocr_par' dir='ltr' id='par_1_1' title="bbox 0 0 69 1121">
     <span class='ocr_line' id='line_1_1' title="bbox 0 0 30 343; baseline 0 -59"><span class='ocrx_word' id='word_1_1' title='bbox 0 0 30 343; x_wconf 95' lang='lat' dir='ltr'>   </span> 
     </span>
     <span class='ocr_line' id='line_1_2' title="bbox 0 343 5 409; baseline 0 2858"><span class='ocrx_word' id='word_1_2' title='bbox 0 343 5 409; x_wconf 95' lang='lat' dir='ltr'> </span> 
     </span>
     <span class='ocr_line' id='line_1_3' title="bbox 0 409 32 636; baseline 0 -83"><span class='ocrx_word' id='word_1_3' title='bbox 0 409 32 636; x_wconf 95' lang='lat' dir='ltr'>    </span> 
     </span>
     <span class='ocr_line' id='line_1_4' title="bbox 0 636 29 839; baseline 0 -70"><span class='ocrx_word' id='word_1_4' title='bbox 0 636 29 839; x_wconf 95' lang='lat' dir='ltr'>   </span> 
     </span>
     <span class='ocr_line' id='line_1_5' title="bbox 0 839 69 1026; baseline 0 -117"><span class='ocrx_word' id='word_1_5' title='bbox 0 839 69 1026; x_wconf 95' lang='lat' dir='ltr'>    </span> 
     </span>
     <span class='ocr_line' id='line_1_6' title="bbox 0 1026 29 1121; baseline 0 -73"><span class='ocrx_word' id='word_1_6' title='bbox 0 1026 5 1121; x_wconf 95' lang='lat' dir='ltr'>  </span> <span class='ocrx_word' id='word_1_7' title='bbox 28 1026 29 1048; x_wconf 95' lang='lat' dir='ltr'> </span> 
     </span>
    </p>
   </div>
   <div class='ocr_carea' id='block_1_2' title="bbox 225 167 1406 222">
    <p class='ocr_par' dir='ltr' id='par_1_2' title="bbox 225 167 1406 222">
     <span class='ocr_line' id='line_1_7' title="bbox 225 167 1406 222; baseline -0.003 -11"><span class='ocrx_word' id='word_1_8' title='bbox 225 183 493 222; x_wconf 68' lang='lat' dir='ltr'>QUAEs‘rioivi-:s</span> <span class='ocrx_word' id='word_1_9' title='bbox 525 184 570 211; x_wconf 77' lang='lat' dir='ltr'>lN</span> <span class='ocrx_word' id='word_1_10' title='bbox 603 183 1010 219; x_wconf 61' lang='lat' dir='ltr'>nEoTEiioNoMieM,</span> <span class='ocrx_word' id='word_1_11' title='bbox 1045 182 1128 209; x_wconf 71' lang='lat' dir='ltr'>Lus.</span> <span class='ocrx_word' id='word_1_12' title='bbox 1167 183 1207 207; x_wconf 83' lang='lat' dir='ltr'>v.</span> <span class='ocrx_word' id='word_1_13' title='bbox 1323 167 1406 208; x_wconf 80' lang='lat'>495</span> 
     </span>
    </p>
   </div>
   <div class='ocr_carea' id='block_1_3' title="bbox 20 244 1427 521">
    <p class='ocr_par' dir='ltr' id='par_1_3' title="bbox 19 231 1427 521">
     <span class='ocr_line' id='line_1_8' title="bbox 29 244 1425 310; baseline -0.006 -14.057"><span class='ocrx_word' id='word_1_14' title='bbox 29 259 310 302; x_wconf 80' lang='lat' dir='ltr'><strong>tractaremus</strong></span> <span class='ocrx_word' id='word_1_15' title='bbox 327 252 357 305; x_wconf 89' lang='lat'>¹,</span> <span class='ocrx_word' id='word_1_16' title='bbox 382 259 426 294; x_wconf 90' lang='lat' dir='ltr'>et</span> <span class='ocrx_word' id='word_1_17' title='bbox 447 248 558 310; x_wconf 90' lang='lat' dir='ltr'>quid</span> <span class='ocrx_word' id='word_1_18' title='bbox 578 248 704 293; x_wconf 86' lang='lat' dir='ltr'>nobis</span> <span class='ocrx_word' id='word_1_19' title='bbox 725 248 771 292; x_wconf 86' lang='lat' dir='ltr'>in</span> <span class='ocrx_word' id='word_1_20' title='bbox 787 263 837 292; x_wconf 87' lang='lat' dir='ltr'>ea</span> <span class='ocrx_word' id='word_1_21' title='bbox 854 246 1104 292; x_wconf 84' lang='lat' dir='ltr'>differentia</span> <span class='ocrx_word' id='word_1_22' title='bbox 1124 246 1268 292; x_wconf 87' lang='lat' dir='ltr'>visum</span> <span class='ocrx_word' id='word_1_23' title='bbox 1288 244 1425 290; x_wconf 85' lang='lat' dir='ltr'>fuerit</span> 
     </span>
     <span class='ocr_line' id='line_1_9' title="bbox 20 315 1425 384; baseline -0.005 -17"><span class='ocrx_word' id='word_1_24' title='bbox 20 320 178 384; x_wconf 76' lang='lat' dir='ltr'>&#39;&#39;ttcris</span> <span class='ocrx_word' id='word_1_25' title='bbox 215 319 546 375; x_wconf 85' lang='lat' dir='ltr'>mandaremus,</span> <span class='ocrx_word' id='word_1_26' title='bbox 581 334 661 364; x_wconf 84' lang='lat' dir='ltr'>cur</span> <span class='ocrx_word' id='word_1_27' title='bbox 688 318 852 378; x_wconf 83' lang='lat' dir='ltr'>priores</span> <span class='ocrx_word' id='word_1_28' title='bbox 884 317 1069 372; x_wconf 72' lang='lat' dir='ltr'>tabulae,</span> <span class='ocrx_word' id='word_1_29' title='bbox 1100 333 1200 378; x_wconf 85' lang='lat' dir='ltr'>quae</span> <span class='ocrx_word' id='word_1_30' title='bbox 1222 315 1425 362; x_wconf 71' lang='lat' dir='ltr'>contritae</span> 
     </span>
     <span class='ocr_line' id='line_1_10' title="bbox 29 386 1427 450; baseline -0.006 -12"><span class='ocrx_word' id='word_1_31' title='bbox 29 390 295 450; x_wconf 86' lang='lat' dir='ltr'>sunt,digito</span> <span class='ocrx_word' id='word_1_32' title='bbox 314 390 390 436; x_wconf 90' lang='lat' dir='ltr'>Dei</span> <span class='ocrx_word' id='word_1_33' title='bbox 412 388 861 450; x_wconf 78' lang='lat' dir='ltr'>se1·iptaereserantur;</span> <span class='ocrx_word' id='word_1_34' title='bbox 879 389 1089 434; x_wconf 88' lang='lat' dir='ltr'>secundas</span> <span class='ocrx_word' id='word_1_35' title='bbox 1107 397 1254 432; x_wconf 89' lang='lat' dir='ltr'>autem</span> <span class='ocrx_word' id='word_1_36' title='bbox 1271 386 1427 432; x_wconf 84' lang='lat' dir='ltr'><strong>tandiu</strong></span> 
     </span>
     <span class='ocr_line' id='line_1_11' title="bbox 20 457 1427 521; baseline -0.004 -14"><span class='ocrx_word' id='word_1_37' title='bbox 20 463 74 517; x_wconf 90' lang='lat' dir='ltr'>in</span> <span class='ocrx_word' id='word_1_38' title='bbox 95 478 193 507; x_wconf 89' lang='lat' dir='ltr'>arca</span> <span class='ocrx_word' id='word_1_39' title='bbox 219 460 592 521; x_wconf 85' lang='lat' dir='ltr'>tabernaculoque</span> <span class='ocrx_word' id='word_1_40' title='bbox 615 475 862 515; x_wconf 85' lang='lat' dir='ltr'>mansuras,</span> <span class='ocrx_word' id='word_1_41' title='bbox 897 460 989 520; x_wconf 90' lang='lat' dir='ltr'>ipse</span> <span class='ocrx_word' id='word_1_42' title='bbox 1010 461 1182 517; x_wconf 87' lang='lat' dir='ltr'>Moyses</span> <span class='ocrx_word' id='word_1_43' title='bbox 1209 457 1427 518; x_wconf 84' lang='lat' dir='ltr'>scripsisse</span> 
     </span>
    </p>
   </div>
   <div class='ocr_carea' id='block_1_4' title="bbox 6 602 1436 2439">
    <p class='ocr_par' dir='ltr' id='par_1_4' title="bbox 20 602 1426 1160">
     <span class='ocr_line' id='line_1_12' title="bbox 20 602 1426 658; baseline -0.006 -8"><span class='ocrx_word' id='word_1_44' title='bbox 20 605 156 654; x_wconf 84' lang='lat' dir='ltr'>ficata</span> <span class='ocrx_word' id='word_1_45' title='bbox 178 620 268 649; x_wconf 90' lang='lat' dir='ltr'>esse</span> <span class='ocrx_word' id='word_1_46' title='bbox 296 604 513 658; x_wconf 78' lang='lat' dir='ltr'>diximus,</span> <span class='ocrx_word' id='word_1_47' title='bbox 545 611 596 647; x_wconf 90' lang='lat' dir='ltr'>ut</span> <span class='ocrx_word' id='word_1_48' title='bbox 621 602 667 646; x_wconf 88' lang='lat' dir='ltr'>in</span> <span class='ocrx_word' id='word_1_49' title='bbox 698 602 845 649; x_wconf 71' lang='lat' dir='ltr'>Veteri</span> <span class='ocrx_word' id='word_1_50' title='bbox 876 604 1153 646; x_wconf 89' lang='lat' dir='ltr'>Testamento</span> <span class='ocrx_word' id='word_1_51' title='bbox 1181 603 1270 644; x_wconf 84' lang='lat' dir='ltr'>Lex</span> <span class='ocrx_word' id='word_1_52' title='bbox 1303 614 1426 643; x_wconf 91' lang='lat' dir='ltr'>eom-</span> 
     </span>
     <span class='ocr_line' id='line_1_13' title="bbox 30 669 1422 736; baseline -0.005 -15.05"><span class='ocrx_word' id='word_1_53' title='bbox 30 675 310 722; x_wconf 86' lang='lat' dir='ltr'>mendaretur</span> <span class='ocrx_word' id='word_1_54' title='bbox 332 684 542 736; x_wconf 83' lang='lat' dir='ltr'>tanquam</span> <span class='ocrx_word' id='word_1_55' title='bbox 565 689 674 734; x_wconf 88' lang='lat' dir='ltr'>opus</span> <span class='ocrx_word' id='word_1_56' title='bbox 710 674 812 729; x_wconf 87' lang='lat' dir='ltr'>Dei,</span> <span class='ocrx_word' id='word_1_57' title='bbox 844 673 922 718; x_wconf 91' lang='lat' dir='ltr'>ubi</span> <span class='ocrx_word' id='word_1_58' title='bbox 955 673 1087 718; x_wconf 91' lang='lat' dir='ltr'>homo</span> <span class='ocrx_word' id='word_1_59' title='bbox 1114 671 1226 716; x_wconf 88' lang='lat' dir='ltr'>nihil</span> <span class='ocrx_word' id='word_1_60' title='bbox 1248 669 1422 727; x_wconf 87' lang='lat' dir='ltr'>feeerit,</span> 
     </span>
     <span class='ocr_line' id='line_1_14' title="bbox 29 743 1426 807; baseline -0.004 -15.038"><span class='ocrx_word' id='word_1_61' title='bbox 29 761 81 792; x_wconf 86' lang='lat' dir='ltr'>eo</span> <span class='ocrx_word' id='word_1_62' title='bbox 103 745 225 807; x_wconf 82' lang='lat' dir='ltr'>quod</span> <span class='ocrx_word' id='word_1_63' title='bbox 247 749 335 790; x_wconf 84' lang='lat' dir='ltr'>Lex</span> <span class='ocrx_word' id='word_1_64' title='bbox 360 746 517 791; x_wconf 88' lang='lat' dir='ltr'>timore</span> <span class='ocrx_word' id='word_1_65' title='bbox 545 761 634 790; x_wconf 91' lang='lat' dir='ltr'>non</span> <span class='ocrx_word' id='word_1_66' title='bbox 662 754 807 804; x_wconf 87' lang='lat' dir='ltr'>posset</span> <span class='ocrx_word' id='word_1_67' title='bbox 829 743 1001 804; x_wconf 88' lang='lat' dir='ltr'>impleri</span> <span class='ocrx_word' id='word_1_68' title='bbox 1033 763 1042 789; x_wconf 81' lang='lat'>2</span> <span class='ocrx_word' id='word_1_69' title='bbox 1075 743 1285 804; x_wconf 90' lang='lat' dir='ltr'>quoniam</span> <span class='ocrx_word' id='word_1_70' title='bbox 1322 756 1426 787; x_wconf 90' lang='lat' dir='ltr'>cum</span> 
     </span>
     <span class='ocr_line' id='line_1_15' title="bbox 32 813 1424 877; baseline -0.004 -15.043"><span class='ocrx_word' id='word_1_71' title='bbox 32 832 128 862; x_wconf 89' lang='lat' dir='ltr'>vere</span> <span class='ocrx_word' id='word_1_72' title='bbox 143 818 189 861; x_wconf 80' lang='lat' dir='ltr'>fii</span> <span class='ocrx_word' id='word_1_73' title='bbox 211 833 321 877; x_wconf 90' lang='lat' dir='ltr'>opus</span> <span class='ocrx_word' id='word_1_74' title='bbox 336 818 477 877; x_wconf 84' lang='lat' dir='ltr'>Legis,</span> <span class='ocrx_word' id='word_1_75' title='bbox 496 817 706 862; x_wconf 76' lang='lat' dir='ltr'>charitate</span> <span class='ocrx_word' id='word_1_76' title='bbox 728 817 792 871; x_wconf 85' lang='lat' dir='ltr'>fit,</span> <span class='ocrx_word' id='word_1_77' title='bbox 808 831 899 860; x_wconf 91' lang='lat' dir='ltr'>non</span> <span class='ocrx_word' id='word_1_78' title='bbox 916 815 1094 872; x_wconf 79' lang='lat' dir='ltr'>timore3</span> <span class='ocrx_word' id='word_1_79' title='bbox 1116 830 1216 875; x_wconf 83' lang='lat' dir='ltr'>quae</span> <span class='ocrx_word' id='word_1_80' title='bbox 1237 813 1424 858; x_wconf 87' lang='lat' dir='ltr'>charitas</span> 
     </span>
     <span class='ocr_line' id='line_1_16' title="bbox 37 883 1424 932; baseline -0.003 -0.046"><span class='ocrx_word' id='word_1_81' title='bbox 37 888 162 932; x_wconf 84' lang='lat' dir='ltr'>·ratia</span> <span class='ocrx_word' id='word_1_82' title='bbox 181 897 246 932; x_wconf 89' lang='lat' dir='ltr'>est</span> <span class='ocrx_word' id='word_1_83' title='bbox 265 888 528 932; x_wconf 80' lang='lat' dir='ltr'>Testamenti</span> <span class='ocrx_word' id='word_1_84' title='bbox 546 887 672 931; x_wconf 77' lang='lat' dir='ltr'>Novi.</span> <span class='ocrx_word' id='word_1_85' title='bbox 696 885 800 930; x_wconf 85' lang='lat' dir='ltr'>Ideo</span> <span class='ocrx_word' id='word_1_86' title='bbox 819 885 865 929; x_wconf 89' lang='lat' dir='ltr'>in</span> <span class='ocrx_word' id='word_1_87' title='bbox 884 884 1085 930; x_wconf 89' lang='lat' dir='ltr'>secundis</span> <span class='ocrx_word' id='word_1_88' title='bbox 1108 883 1270 929; x_wconf 88' lang='lat' dir='ltr'>tabulis</span> <span class='ocrx_word' id='word_1_89' title='bbox 1290 885 1424 929; x_wconf 90' lang='lat' dir='ltr'>homo</span> 
     </span>
     <span class='ocr_line' id='line_1_17' title="bbox 54 954 1424 1017; baseline -0.005 -11"><span class='ocrx_word' id='word_1_90' title='bbox 54 958 186 1017; x_wconf 84' lang='lat' dir='ltr'>gitur</span> <span class='ocrx_word' id='word_1_91' title='bbox 207 958 424 1017; x_wconf 80' lang='lat' dir='ltr'>scripsisse</span> <span class='ocrx_word' id='word_1_92' title='bbox 446 956 579 1002; x_wconf 88' lang='lat' dir='ltr'>verba</span> <span class='ocrx_word' id='word_1_93' title='bbox 596 957 690 1012; x_wconf 85' lang='lat' dir='ltr'>Dei,</span> <span class='ocrx_word' id='word_1_94' title='bbox 715 958 818 1017; x_wconf 86' lang='lat' dir='ltr'>quia</span> <span class='ocrx_word' id='word_1_95' title='bbox 835 957 969 1001; x_wconf 88' lang='lat' dir='ltr'>homo</span> <span class='ocrx_word' id='word_1_96' title='bbox 989 965 1132 1016; x_wconf 86' lang='lat' dir='ltr'>potest</span> <span class='ocrx_word' id='word_1_97' title='bbox 1153 954 1296 1000; x_wconf 78' lang='lat' dir='ltr'>faeere</span> <span class='ocrx_word' id='word_1_98' title='bbox 1314 971 1424 1015; x_wconf 90' lang='lat' dir='ltr'>opus</span> 
     </span>
     <span class='ocr_line' id='line_1_18' title="bbox 21 1025 1425 1120; baseline -0.001 -47"><span class='ocrx_word' id='word_1_99' title='bbox 21 1029 154 1120; x_wconf 58' lang='lat' dir='ltr'>&#39;Legis</span> <span class='ocrx_word' id='word_1_100' title='bbox 177 1045 254 1089; x_wconf 87' lang='lat' dir='ltr'>per</span> <span class='ocrx_word' id='word_1_101' title='bbox 274 1028 531 1073; x_wconf 87' lang='lat' dir='ltr'>charitatem</span> <span class='ocrx_word' id='word_1_102' title='bbox 548 1028 728 1088; x_wconf 81' lang='lat' dir='ltr'>justitiae</span> <span class='ocrx_word' id='word_1_103' title='bbox 746 1063 757 1083; x_wconf 89' lang='lat'>,</span> <span class='ocrx_word' id='word_1_104' title='bbox 782 1026 904 1089; x_wconf 86' lang='lat' dir='ltr'>quod</span> <span class='ocrx_word' id='word_1_105' title='bbox 926 1043 1016 1072; x_wconf 91' lang='lat' dir='ltr'>non</span> <span class='ocrx_word' id='word_1_106' title='bbox 1037 1035 1181 1087; x_wconf 82' lang='lat' dir='ltr'>potest</span> <span class='ocrx_word' id='word_1_107' title='bbox 1199 1041 1276 1086; x_wconf 87' lang='lat' dir='ltr'>per</span> <span class='ocrx_word' id='word_1_108' title='bbox 1298 1025 1425 1071; x_wconf 89' lang='lat' dir='ltr'>timo-</span> 
     </span>
     <span class='ocr_line' id='line_1_19' title="bbox 23 1116 304 1160; baseline 0.004 -18"><span class='ocrx_word' id='word_1_109' title='bbox 23 1116 121 1146; x_wconf 88' lang='lat' dir='ltr'>rem</span> <span class='ocrx_word' id='word_1_110' title='bbox 144 1116 304 1160; x_wconf 82' lang='lat' dir='ltr'>poenae.</span> 
     </span>
    </p>

    <p class='ocr_par' dir='ltr' id='par_1_5' title="bbox 6 1146 1436 2439">
     <span class='ocr_line' id='line_1_20' title="bbox 22 1146 1425 1251; baseline -0.001 -35"><span class='ocrx_word' id='word_1_111' title='bbox 22 1146 26 1251; x_wconf 68' lang='lat'>⁵</span> <span class='ocrx_word' id='word_1_112' title='bbox 90 1175 172 1216; x_wconf 92' lang='lat'><em>111.</em></span> <span class='ocrx_word' id='word_1_113' title='bbox 205 1174 331 1216; x_wconf 88' lang='lat' dir='ltr'>Nunc</span> <span class='ocrx_word' id='word_1_114' title='bbox 367 1185 468 1228; x_wconf 86' lang='lat' dir='ltr'>ergo</span> <span class='ocrx_word' id='word_1_115' title='bbox 500 1186 600 1215; x_wconf 85' lang='lat' dir='ltr'>cum</span> <span class='ocrx_word' id='word_1_116' title='bbox 633 1170 792 1228; x_wconf 86' lang='lat' dir='ltr'>legitur</span> <span class='ocrx_word' id='word_1_117' title='bbox 822 1169 869 1213; x_wconf 90' lang='lat' dir='ltr'>in</span> <span class='ocrx_word' id='word_1_118' title='bbox 900 1170 1241 1214; x_wconf 84' lang='lat' dir='ltr'>Deuteronomio</span> <span class='ocrx_word' id='word_1_119' title='bbox 1274 1168 1330 1213; x_wconf 93' lang='lat' dir='ltr'>de</span> <span class='ocrx_word' id='word_1_120' title='bbox 1355 1185 1425 1214; x_wconf 90' lang='lat' dir='ltr'>se-</span> 
     </span>
     <span class='ocr_line' id='line_1_21' title="bbox 74 1240 1426 1300; baseline -0.004 -11"><span class='ocrx_word' id='word_1_121' title='bbox 74 1244 183 1291; x_wconf 72' lang='lat' dir='ltr'>,ndis</span> <span class='ocrx_word' id='word_1_122' title='bbox 205 1241 366 1287; x_wconf 84' lang='lat' dir='ltr'>tabulis</span> <span class='ocrx_word' id='word_1_123' title='bbox 392 1243 450 1286; x_wconf 87' lang='lat' dir='ltr'>ita</span> <span class='ocrx_word' id='word_1_124' title='bbox 472 1241 669 1286; x_wconf 85' lang='lat' dir='ltr'>dietum:</span> <span class='ocrx_word' id='word_1_125' title='bbox 699 1260 719 1283; x_wconf 86' lang='lat'>«</span> <span class='ocrx_word' id='word_1_126' title='bbox 744 1244 801 1286; x_wconf 88' lang='lat' dir='ltr'>Et</span> <span class='ocrx_word' id='word_1_127' title='bbox 829 1241 969 1286; x_wconf 84' lang='lat' dir='ltr'>excidi</span> <span class='ocrx_word' id='word_1_128' title='bbox 992 1240 1101 1286; x_wconf 89' lang='lat' dir='ltr'>duas</span> <span class='ocrx_word' id='word_1_129' title='bbox 1125 1240 1294 1286; x_wconf 86' lang='lat' dir='ltr'>tabulas</span> <span class='ocrx_word' id='word_1_130' title='bbox 1314 1240 1426 1300; x_wconf 88' lang='lat' dir='ltr'>lapi-</span> 
     </span>
     <span class='ocr_line' id='line_1_22' title="bbox 34 1310 1426 1373; baseline -0.006 -11"><span class='ocrx_word' id='word_1_131' title='bbox 34 1333 56 1361; x_wconf 79' lang='lat'><strong>»</strong></span> <span class='ocrx_word' id='word_1_132' title='bbox 89 1314 189 1362; x_wconf 89' lang='lat' dir='ltr'>deas</span> <span class='ocrx_word' id='word_1_133' title='bbox 211 1314 321 1359; x_wconf 88' lang='lat' dir='ltr'>sicut</span> <span class='ocrx_word' id='word_1_134' title='bbox 338 1313 517 1373; x_wconf 84' lang='lat' dir='ltr'>priores,</span> <span class='ocrx_word' id='word_1_135' title='bbox 538 1322 581 1357; x_wconf 91' lang='lat' dir='ltr'>et</span> <span class='ocrx_word' id='word_1_136' title='bbox 594 1311 769 1358; x_wconf 84' lang='lat' dir='ltr'>ascendi</span> <span class='ocrx_word' id='word_1_137' title='bbox 787 1313 832 1356; x_wconf 90' lang='lat' dir='ltr'>in</span> <span class='ocrx_word' id='word_1_138' title='bbox 849 1321 1062 1366; x_wconf 91' lang='lat' dir='ltr'>montem,</span> <span class='ocrx_word' id='word_1_139' title='bbox 1084 1321 1127 1355; x_wconf 86' lang='lat' dir='ltr'>et</span> <span class='ocrx_word' id='word_1_140' title='bbox 1144 1311 1245 1355; x_wconf 82' lang='lat' dir='ltr'>duae</span> <span class='ocrx_word' id='word_1_141' title='bbox 1263 1310 1426 1357; x_wconf 82' lang='lat' dir='ltr'>tabulae</span> 
     </span>
     <span class='ocr_line' id='line_1_23' title="bbox 35 1381 1427 1442; baseline -0.001 -15"><span class='ocrx_word' id='word_1_142' title='bbox 35 1402 55 1430; x_wconf 67' lang='lat'>&gt;2</span> <span class='ocrx_word' id='word_1_143' title='bbox 88 1386 133 1433; x_wconf 88' lang='lat' dir='ltr'>in</span> <span class='ocrx_word' id='word_1_144' title='bbox 153 1385 323 1430; x_wconf 87' lang='lat' dir='ltr'>duabus</span> <span class='ocrx_word' id='word_1_145' title='bbox 337 1385 538 1429; x_wconf 86' lang='lat' dir='ltr'>manibus</span> <span class='ocrx_word' id='word_1_146' title='bbox 552 1384 673 1428; x_wconf 88' lang='lat' dir='ltr'>meis.</span> <span class='ocrx_word' id='word_1_147' title='bbox 692 1386 749 1427; x_wconf 88' lang='lat' dir='ltr'>Et</span> <span class='ocrx_word' id='word_1_148' title='bbox 765 1382 990 1442; x_wconf 86' lang='lat' dir='ltr'>scripsitin</span> <span class='ocrx_word' id='word_1_149' title='bbox 1006 1381 1165 1426; x_wconf 87' lang='lat' dir='ltr'>tabulis</span> <span class='ocrx_word' id='word_1_150' title='bbox 1182 1381 1427 1426; x_wconf 87' lang='lat' dir='ltr'>secundum</span> 
     </span>
     <span class='ocr_line' id='line_1_24' title="bbox 35 1452 1423 1516; baseline -0.001 -18"><span class='ocrx_word' id='word_1_151' title='bbox 35 1475 55 1498; x_wconf 69' lang='grc' dir='ltr'><strong>υ</strong></span> <span class='ocrx_word' id='word_1_152' title='bbox 91 1457 360 1516; x_wconf 88' lang='lat' dir='ltr'>Scripturam</span> <span class='ocrx_word' id='word_1_153' title='bbox 385 1455 573 1515; x_wconf 88' lang='lat' dir='ltr'>priorem</span> <span class='ocrx_word' id='word_1_154' title='bbox 601 1454 753 1499; x_wconf 87' lang='lat' dir='ltr'>decem</span> <span class='ocrx_word' id='word_1_155' title='bbox 783 1454 944 1499; x_wconf 76' lang='lat' dir='ltr'>verba²</span> <span class='ocrx_word' id='word_1_156' title='bbox 968 1473 976 1498; x_wconf 91' lang='grc'>;</span> <span class='ocrx_word' id='word_1_157' title='bbox 1005 1472 1024 1494; x_wconf 85' lang='lat'>»</span> <span class='ocrx_word' id='word_1_158' title='bbox 1057 1468 1147 1497; x_wconf 90' lang='lat' dir='ltr'>non</span> <span class='ocrx_word' id='word_1_159' title='bbox 1177 1453 1293 1497; x_wconf 91' lang='lat' dir='ltr'>enim</span> <span class='ocrx_word' id='word_1_160' title='bbox 1331 1452 1423 1496; x_wconf 88' lang='lat' dir='ltr'>ait:</span> 
     </span>
     <span class='ocr_line' id='line_1_25' title="bbox 38 1522 1429 1586; baseline -0.002 -17"><span class='ocrx_word' id='word_1_161' title='bbox 38 1546 58 1569; x_wconf 77' lang='grc' dir='ltr'>ιι</span> <span class='ocrx_word' id='word_1_162' title='bbox 90 1530 146 1572; x_wconf 91' lang='lat' dir='ltr'>Et</span> <span class='ocrx_word' id='word_1_163' title='bbox 167 1527 316 1586; x_wconf 84' lang='lat' dir='ltr'>scripsi</span> <span class='ocrx_word' id='word_1_164' title='bbox 335 1562 345 1581; x_wconf 92' lang='lat'>,</span> <span class='ocrx_word' id='word_1_165' title='bbox 379 1545 399 1567; x_wconf 87' lang='lat'>»</span> <span class='ocrx_word' id='word_1_166' title='bbox 425 1526 523 1581; x_wconf 90' lang='lat' dir='ltr'>sed,</span> <span class='ocrx_word' id='word_1_167' title='bbox 560 1545 579 1567; x_wconf 88' lang='lat'>«</span> <span class='ocrx_word' id='word_1_168' title='bbox 608 1525 811 1584; x_wconf 77' lang='lat' dir='ltr'>Scripsit,</span> <span class='ocrx_word' id='word_1_169' title='bbox 836 1543 864 1566; x_wconf 65' lang='grc' dir='ltr'>,η</span> <span class='ocrx_word' id='word_1_170' title='bbox 901 1525 986 1569; x_wconf 89' lang='lat' dir='ltr'>hoc</span> <span class='ocrx_word' id='word_1_171' title='bbox 1017 1533 1107 1579; x_wconf 89' lang='lat' dir='ltr'>est,</span> <span class='ocrx_word' id='word_1_172' title='bbox 1145 1526 1284 1579; x_wconf 70' lang='lat' dir='ltr'>Deus,</span> <span class='ocrx_word' id='word_1_173' title='bbox 1315 1522 1429 1567; x_wconf 87' lang='lat' dir='ltr'>sieut</span> 
     </span>
     <span class='ocr_line' id='line_1_26' title="bbox 32 1590 1427 1654; baseline -0.004 -11"><span class='ocrx_word' id='word_1_174' title='bbox 32 1597 161 1654; x_wconf 82' lang='lat' dir='ltr'>·aulo</span> <span class='ocrx_word' id='word_1_175' title='bbox 184 1607 283 1642; x_wconf 88' lang='lat' dir='ltr'>ante</span> <span class='ocrx_word' id='word_1_176' title='bbox 303 1596 469 1640; x_wconf 81' lang='lat' dir='ltr'>dixerat</span> <span class='ocrx_word' id='word_1_177' title='bbox 488 1596 620 1641; x_wconf 86' lang='lat' dir='ltr'>verba</span> <span class='ocrx_word' id='word_1_178' title='bbox 641 1596 716 1640; x_wconf 84' lang='lat' dir='ltr'>Dei</span> <span class='ocrx_word' id='word_1_179' title='bbox 733 1596 815 1639; x_wconf 87' lang='lat' dir='ltr'>sibi</span> <span class='ocrx_word' id='word_1_180' title='bbox 832 1594 971 1640; x_wconf 86' lang='lat' dir='ltr'>dieta:</span> <span class='ocrx_word' id='word_1_181' title='bbox 993 1614 1013 1636; x_wconf 89' lang='lat'>«</span> <span class='ocrx_word' id='word_1_182' title='bbox 1031 1590 1199 1645; x_wconf 60' lang='lat' dir='ltr'>Ex‘eide,</span> <span class='ocrx_word' id='word_1_183' title='bbox 1219 1593 1299 1637; x_wconf 88' lang='lat' dir='ltr'>tibi</span> <span class='ocrx_word' id='word_1_184' title='bbox 1317 1592 1427 1638; x_wconf 88' lang='lat' dir='ltr'>duas</span> 
     </span>
     <span class='ocr_line' id='line_1_27' title="bbox 35 1662 1429 1728; baseline -0.003 -17"><span class='ocrx_word' id='word_1_185' title='bbox 35 1686 55 1711; x_wconf 77' lang='lat'>»</span> <span class='ocrx_word' id='word_1_186' title='bbox 90 1668 259 1714; x_wconf 84' lang='lat' dir='ltr'>tabulas</span> <span class='ocrx_word' id='word_1_187' title='bbox 275 1667 464 1727; x_wconf 85' lang='lat' dir='ltr'>lapideas</span> <span class='ocrx_word' id='word_1_188' title='bbox 481 1666 858 1728; x_wconf 83' lang='lat' dir='ltr'>quemadmodum</span> <span class='ocrx_word' id='word_1_189' title='bbox 881 1666 1041 1726; x_wconf 88' lang='lat' dir='ltr'>priores</span> <span class='ocrx_word' id='word_1_190' title='bbox 1058 1701 1069 1720; x_wconf 95' lang='lat'>,</span> <span class='ocrx_word' id='word_1_191' title='bbox 1097 1674 1141 1709; x_wconf 92' lang='lat' dir='ltr'>et</span> <span class='ocrx_word' id='word_1_192' title='bbox 1163 1663 1349 1708; x_wconf 84' lang='lat' dir='ltr'>ascende</span> <span class='ocrx_word' id='word_1_193' title='bbox 1372 1662 1429 1708; x_wconf 87' lang='lat' dir='ltr'>ad</span> 
     </span>
     <span class='ocr_line' id='line_1_28' title="bbox 36 1735 1430 1797; baseline -0.003 -15"><span class='ocrx_word' id='word_1_194' title='bbox 36 1759 56 1783; x_wconf 66' lang='grc' dir='ltr'><strong>η</strong></span> <span class='ocrx_word' id='word_1_195' title='bbox 91 1756 160 1784; x_wconf 89' lang='lat' dir='ltr'>me</span> <span class='ocrx_word' id='word_1_196' title='bbox 181 1740 227 1784; x_wconf 91' lang='lat' dir='ltr'>in</span> <span class='ocrx_word' id='word_1_197' title='bbox 249 1748 441 1784; x_wconf 88' lang='lat' dir='ltr'>montem</span> <span class='ocrx_word' id='word_1_198' title='bbox 459 1760 470 1797; x_wconf 79' lang='lat'>3</span> <span class='ocrx_word' id='word_1_199' title='bbox 488 1748 532 1782; x_wconf 91' lang='lat' dir='ltr'>et</span> <span class='ocrx_word' id='word_1_200' title='bbox 547 1738 679 1782; x_wconf 80' lang='lat' dir='ltr'>facies</span> <span class='ocrx_word' id='word_1_201' title='bbox 692 1738 771 1782; x_wconf 84' lang='lat' dir='ltr'>tibi</span> <span class='ocrx_word' id='word_1_202' title='bbox 789 1753 931 1782; x_wconf 90' lang='lat' dir='ltr'>arcam</span> <span class='ocrx_word' id='word_1_203' title='bbox 949 1736 1137 1795; x_wconf 84' lang='lat' dir='ltr'>ligneam</span> <span class='ocrx_word' id='word_1_204' title='bbox 1156 1755 1164 1780; x_wconf 89' lang='grc'>;</span> <span class='ocrx_word' id='word_1_205' title='bbox 1181 1744 1222 1779; x_wconf 88' lang='lat' dir='ltr'>et</span> <span class='ocrx_word' id='word_1_206' title='bbox 1241 1735 1430 1779; x_wconf 87' lang='lat' dir='ltr'>scribam</span> 
     </span>
     <span class='ocr_line' id='line_1_29' title="bbox 38 1808 1427 1871; baseline -0.004 -18"><span class='ocrx_word' id='word_1_207' title='bbox 38 1831 57 1858; x_wconf 84' lang='lat'>»</span> <span class='ocrx_word' id='word_1_208' title='bbox 90 1812 136 1856; x_wconf 93' lang='lat' dir='ltr'>in</span> <span class='ocrx_word' id='word_1_209' title='bbox 169 1811 328 1856; x_wconf 84' lang='lat' dir='ltr'>tabulis</span> <span class='ocrx_word' id='word_1_210' title='bbox 355 1811 512 1866; x_wconf 88' lang='lat' dir='ltr'>verba,</span> <span class='ocrx_word' id='word_1_211' title='bbox 554 1826 656 1871; x_wconf 82' lang='lat' dir='ltr'>quae</span> <span class='ocrx_word' id='word_1_212' title='bbox 691 1819 814 1854; x_wconf 90' lang='lat' dir='ltr'>crant</span> <span class='ocrx_word' id='word_1_213' title='bbox 843 1810 889 1853; x_wconf 91' lang='lat' dir='ltr'>in</span> <span class='ocrx_word' id='word_1_214' title='bbox 913 1808 1072 1854; x_wconf 90' lang='lat' dir='ltr'>tabulis</span> <span class='ocrx_word' id='word_1_215' title='bbox 1095 1808 1344 1868; x_wconf 80' lang='lat' dir='ltr'>prioribus³</span> <span class='ocrx_word' id='word_1_216' title='bbox 1369 1827 1377 1851; x_wconf 75' lang='grc' dir='ltr'>ε</span> <span class='ocrx_word' id='word_1_217' title='bbox 1407 1826 1427 1848; x_wconf 87' lang='lat'>»</span> 
     </span>
     <span class='ocr_line' id='line_1_30' title="bbox 26 1876 1432 1942; baseline -0.004 -15"><span class='ocrx_word' id='word_1_218' title='bbox 26 1880 305 1927; x_wconf 58' lang='lat' dir='ltr'>,sentienda</span> <span class='ocrx_word' id='word_1_219' title='bbox 327 1881 519 1924; x_wconf 86' lang='lat' dir='ltr'>nascitur</span> <span class='ocrx_word' id='word_1_220' title='bbox 541 1882 724 1940; x_wconf 84' lang='lat' dir='ltr'>quaestio</span> <span class='ocrx_word' id='word_1_221' title='bbox 742 1917 752 1937; x_wconf 94' lang='lat'>,</span> <span class='ocrx_word' id='word_1_222' title='bbox 783 1880 905 1942; x_wconf 90' lang='lat' dir='ltr'>quod</span> <span class='ocrx_word' id='word_1_223' title='bbox 932 1890 1140 1940; x_wconf 87' lang='lat' dir='ltr'>utrasque</span> <span class='ocrx_word' id='word_1_224' title='bbox 1166 1877 1360 1933; x_wconf 77' lang='lat' dir='ltr'>tabulas,</span> <span class='ocrx_word' id='word_1_225' title='bbox 1386 1876 1432 1922; x_wconf 88' lang='lat' dir='ltr'>id</span> 
     </span>
     <span class='ocr_line' id='line_1_31' title="bbox 37 1948 1426 2012; baseline -0.003 -16"><span class='ocrx_word' id='word_1_226' title='bbox 37 1961 124 2007; x_wconf 87' lang='lat' dir='ltr'>est,</span> <span class='ocrx_word' id='word_1_227' title='bbox 149 1962 192 1996; x_wconf 86' lang='lat' dir='ltr'>et</span> <span class='ocrx_word' id='word_1_228' title='bbox 229 1951 393 2012; x_wconf 86' lang='lat' dir='ltr'>priores</span> <span class='ocrx_word' id='word_1_229' title='bbox 423 1959 466 1994; x_wconf 88' lang='lat' dir='ltr'>et</span> <span class='ocrx_word' id='word_1_230' title='bbox 498 1950 736 2005; x_wconf 88' lang='lat' dir='ltr'>secundas,</span> <span class='ocrx_word' id='word_1_231' title='bbox 770 1955 882 1996; x_wconf 91' lang='lat' dir='ltr'>Deus</span> <span class='ocrx_word' id='word_1_232' title='bbox 905 1951 976 1996; x_wconf 89' lang='lat' dir='ltr'>hie</span> <span class='ocrx_word' id='word_1_233' title='bbox 1007 1949 1167 2008; x_wconf 83' lang='lat' dir='ltr'>legitur</span> <span class='ocrx_word' id='word_1_234' title='bbox 1189 1948 1426 2008; x_wconf 88' lang='lat' dir='ltr'>scripsisse,</span> 
     </span>
     <span class='ocr_line' id='line_1_32' title="bbox 37 2020 1432 2083; baseline -0.003 -15"><span class='ocrx_word' id='word_1_235' title='bbox 37 2039 123 2069; x_wconf 91' lang='lat' dir='ltr'>non</span> <span class='ocrx_word' id='word_1_236' title='bbox 140 2024 288 2067; x_wconf 87' lang='lat' dir='ltr'>homo.</span> <span class='ocrx_word' id='word_1_237' title='bbox 322 2021 408 2067; x_wconf 86' lang='lat' dir='ltr'>Sed</span> <span class='ocrx_word' id='word_1_238' title='bbox 424 2022 458 2066; x_wconf 91' lang='lat' dir='ltr'>si</span> <span class='ocrx_word' id='word_1_239' title='bbox 474 2021 520 2065; x_wconf 90' lang='lat' dir='ltr'>in</span> <span class='ocrx_word' id='word_1_240' title='bbox 542 2021 635 2081; x_wconf 88' lang='lat' dir='ltr'>ipso</span> <span class='ocrx_word' id='word_1_241' title='bbox 658 2038 836 2083; x_wconf 87' lang='lat' dir='ltr'>quoque</span> <span class='ocrx_word' id='word_1_242' title='bbox 856 2021 1011 2067; x_wconf 83' lang='lat' dir='ltr'>Exodo</span> <span class='ocrx_word' id='word_1_243' title='bbox 1026 2022 1159 2067; x_wconf 86' lang='lat' dir='ltr'>verba</span> <span class='ocrx_word' id='word_1_244' title='bbox 1176 2021 1256 2065; x_wconf 90' lang='lat' dir='ltr'>Dei</span> <span class='ocrx_word' id='word_1_245' title='bbox 1278 2020 1432 2079; x_wconf 82' lang='lat' dir='ltr'>legan-</span> 
     </span>
     <span class='ocr_line' id='line_1_33' title="bbox 26 2092 1431 2155; baseline -0.003 -15"><span class='ocrx_word' id='word_1_246' title='bbox 26 2104 123 2151; x_wconf 70' lang='lat' dir='ltr'>tur,</span> <span class='ocrx_word' id='word_1_247' title='bbox 153 2095 229 2139; x_wconf 86' lang='lat' dir='ltr'>ubi</span> <span class='ocrx_word' id='word_1_248' title='bbox 246 2094 375 2155; x_wconf 88' lang='lat' dir='ltr'>jubet</span> <span class='ocrx_word' id='word_1_249' title='bbox 397 2092 569 2138; x_wconf 87' lang='lat' dir='ltr'>easdem</span> <span class='ocrx_word' id='word_1_250' title='bbox 592 2093 761 2138; x_wconf 84' lang='lat' dir='ltr'>tabulas</span> <span class='ocrx_word' id='word_1_251' title='bbox 795 2094 1006 2139; x_wconf 89' lang='lat' dir='ltr'>secundas</span> <span class='ocrx_word' id='word_1_252' title='bbox 1029 2093 1168 2138; x_wconf 79' lang='lat' dir='ltr'>excidi</span> <span class='ocrx_word' id='word_1_253' title='bbox 1203 2109 1227 2137; x_wconf 89' lang='lat' dir='ltr'>a</span> <span class='ocrx_word' id='word_1_254' title='bbox 1255 2095 1431 2150; x_wconf 84' lang='lat' dir='ltr'>Moyse,</span> 
     </span>
     <span class='ocr_line' id='line_1_34' title="bbox 37 2163 1434 2225; baseline -0.004 -14"><span class='ocrx_word' id='word_1_255' title='bbox 37 2166 144 2211; x_wconf 85' lang='lat' dir='ltr'>nihil</span> <span class='ocrx_word' id='word_1_256' title='bbox 167 2165 287 2211; x_wconf 87' lang='lat' dir='ltr'>aliud</span> <span class='ocrx_word' id='word_1_257' title='bbox 309 2165 545 2218; x_wconf 85' lang='lat' dir='ltr'>invenitur,</span> <span class='ocrx_word' id='word_1_258' title='bbox 576 2180 707 2224; x_wconf 90' lang='lat' dir='ltr'>quam</span> <span class='ocrx_word' id='word_1_259' title='bbox 736 2165 879 2225; x_wconf 86' lang='lat' dir='ltr'>ipsum</span> <span class='ocrx_word' id='word_1_260' title='bbox 903 2169 1043 2210; x_wconf 88' lang='lat' dir='ltr'>Deum</span> <span class='ocrx_word' id='word_1_261' title='bbox 1065 2180 1109 2210; x_wconf 89' lang='lat' dir='ltr'>se</span> <span class='ocrx_word' id='word_1_262' title='bbox 1131 2163 1305 2208; x_wconf 88' lang='lat' dir='ltr'>easdem</span> <span class='ocrx_word' id='word_1_263' title='bbox 1328 2179 1434 2223; x_wconf 88' lang='lat' dir='ltr'>pro-</span> 
     </span>
     <span class='ocr_line' id='line_1_35' title="bbox 6 2233 1436 2296; baseline -0.003 -14"><span class='ocrx_word' id='word_1_264' title='bbox 6 2271 7 2274; x_wconf 64' lang='lat'>,</span> <span class='ocrx_word' id='word_1_265' title='bbox 40 2237 198 2281; x_wconf 89' lang='lat' dir='ltr'>misisse</span> <span class='ocrx_word' id='word_1_266' title='bbox 234 2236 514 2296; x_wconf 82' lang='lat' dir='ltr'>scripturum.</span> <span class='ocrx_word' id='word_1_267' title='bbox 552 2237 662 2279; x_wconf 79' lang='lat' dir='ltr'>Nam</span> <span class='ocrx_word' id='word_1_268' title='bbox 698 2235 759 2280; x_wconf 89' lang='lat' dir='ltr'>ita</span> <span class='ocrx_word' id='word_1_269' title='bbox 796 2236 1007 2296; x_wconf 83' lang='lat' dir='ltr'>seriptum</span> <span class='ocrx_word' id='word_1_270' title='bbox 1041 2244 1106 2280; x_wconf 85' lang='lat' dir='ltr'>est</span> <span class='ocrx_word' id='word_1_271' title='bbox 1131 2255 1140 2280; x_wconf 78' lang='lat' dir='ltr'><strong><em>z</em></strong></span> <span class='ocrx_word' id='word_1_272' title='bbox 1180 2254 1200 2277; x_wconf 90' lang='lat'>«</span> <span class='ocrx_word' id='word_1_273' title='bbox 1231 2237 1290 2278; x_wconf 92' lang='lat' dir='ltr'>Et</span> <span class='ocrx_word' id='word_1_274' title='bbox 1325 2233 1436 2278; x_wconf 81' lang='lat' dir='ltr'>dixit</span> 
     </span>
     <span class='ocr_line' id='line_1_36' title="bbox 10 2303 1434 2369; baseline -0.001 -19"><span class='ocrx_word' id='word_1_275' title='bbox 10 2318 14 2369; x_wconf 60' lang='grc' dir='ltr'>ᾗ</span> <span class='ocrx_word' id='word_1_276' title='bbox 44 2325 64 2350; x_wconf 85' lang='lat'>»</span> <span class='ocrx_word' id='word_1_277' title='bbox 97 2308 304 2354; x_wconf 88' lang='lat' dir='ltr'>Dominus</span> <span class='ocrx_word' id='word_1_278' title='bbox 322 2306 376 2351; x_wconf 88' lang='lat' dir='ltr'>ad</span> <span class='ocrx_word' id='word_1_279' title='bbox 394 2309 577 2364; x_wconf 79' lang='lat' dir='ltr'>Moysen</span> <span class='ocrx_word' id='word_1_280' title='bbox 596 2325 604 2350; x_wconf 79' lang='lat'>2</span> <span class='ocrx_word' id='word_1_281' title='bbox 629 2306 792 2351; x_wconf 81' lang='lat' dir='ltr'>Exeide</span> <span class='ocrx_word' id='word_1_282' title='bbox 815 2308 896 2352; x_wconf 84' lang='lat' dir='ltr'>tibi</span> <span class='ocrx_word' id='word_1_283' title='bbox 913 2307 1021 2351; x_wconf 90' lang='lat' dir='ltr'>duas</span> <span class='ocrx_word' id='word_1_284' title='bbox 1050 2305 1219 2350; x_wconf 86' lang='lat' dir='ltr'>tabulas</span> <span class='ocrx_word' id='word_1_285' title='bbox 1240 2303 1434 2365; x_wconf 89' lang='lat' dir='ltr'>lapideas</span> 
     </span>
     <span class='ocr_line' id='line_1_37' title="bbox 44 2375 1436 2439; baseline -0.001 -19"><span class='ocrx_word' id='word_1_286' title='bbox 44 2397 64 2421; x_wconf 69' lang='grc' dir='ltr'><strong>η</strong></span> <span class='ocrx_word' id='word_1_287' title='bbox 97 2380 210 2427; x_wconf 88' lang='lat' dir='ltr'>sieut</span> <span class='ocrx_word' id='word_1_288' title='bbox 225 2389 269 2424; x_wconf 85' lang='lat' dir='ltr'>et</span> <span class='ocrx_word' id='word_1_289' title='bbox 290 2378 452 2439; x_wconf 88' lang='lat' dir='ltr'>priores</span> <span class='ocrx_word' id='word_1_290' title='bbox 469 2412 480 2433; x_wconf 89' lang='lat'>,</span> <span class='ocrx_word' id='word_1_291' title='bbox 505 2386 549 2421; x_wconf 89' lang='lat' dir='ltr'>et</span> <span class='ocrx_word' id='word_1_292' title='bbox 568 2376 752 2423; x_wconf 89' lang='lat' dir='ltr'>ascende</span> <span class='ocrx_word' id='word_1_293' title='bbox 774 2377 829 2423; x_wconf 90' lang='lat' dir='ltr'>ad</span> <span class='ocrx_word' id='word_1_294' title='bbox 850 2394 921 2423; x_wconf 88' lang='lat' dir='ltr'>me</span> <span class='ocrx_word' id='word_1_295' title='bbox 943 2378 990 2423; x_wconf 90' lang='lat' dir='ltr'>in</span> <span class='ocrx_word' id='word_1_296' title='bbox 1010 2385 1207 2423; x_wconf 89' lang='lat' dir='ltr'>montem</span> <span class='ocrx_word' id='word_1_297' title='bbox 1230 2396 1239 2422; x_wconf 91' lang='lat'>:</span> <span class='ocrx_word' id='word_1_298' title='bbox 1264 2384 1310 2425; x_wconf 84' lang='lat' dir='ltr'>et</span> <span class='ocrx_word' id='word_1_299' title='bbox 1328 2375 1436 2420; x_wconf 90' lang='lat' dir='ltr'>scri-</span> 
     </span>
    </p>
   </div>
   <div class='ocr_carea' id='block_1_5' title="bbox 26 1182 82 1303">
    <p class='ocr_par' dir='ltr' id='par_1_6' title="bbox 26 1182 82 1303">
     <span class='ocr_line' id='line_1_38' title="bbox 26 1182 82 1303; baseline 0 0"><span class='ocrx_word' id='word_1_300' title='bbox 26 1182 82 1303; x_wconf 95' lang='lat' dir='ltr'>  </span> 
     </span>
    </p>
   </div>
   <div class='ocr_carea' id='block_1_6' title="bbox 0 1182 42 2608">
    <p class='ocr_par' dir='ltr' id='par_1_7' title="bbox 0 1182 42 2608">
     <span class='ocr_line' id='line_1_39' title="bbox 0 1182 34 1404; baseline 0 -101"><span class='ocrx_word' id='word_1_301' title='bbox 0 1182 34 1404; x_wconf 95' lang='lat' dir='ltr'>  </span> 
     </span>
     <span class='ocr_line' id='line_1_40' title="bbox 0 1404 36 1618; baseline 0 -70"><span class='ocrx_word' id='word_1_302' title='bbox 0 1404 36 1618; x_wconf 95' lang='lat' dir='ltr'>    </span> 
     </span>
     <span class='ocr_line' id='line_1_41' title="bbox 0 1618 33 1828; baseline 0 -67"><span class='ocrx_word' id='word_1_303' title='bbox 0 1618 33 1828; x_wconf 95' lang='lat' dir='ltr'>   </span> 
     </span>
     <span class='ocr_line' id='line_1_42' title="bbox 0 1828 42 1975; baseline 0 -73"><span class='ocrx_word' id='word_1_304' title='bbox 0 1828 42 1975; x_wconf 95' lang='lat' dir='ltr'>   </span> 
     </span>
     <span class='ocr_line' id='line_1_43' title="bbox 2 1975 36 2186; baseline 0 -142"><span class='ocrx_word' id='word_1_305' title='bbox 2 1975 36 2186; x_wconf 95' lang='lat' dir='ltr'>   </span> 
     </span>
     <span class='ocr_line' id='line_1_44' title="bbox 0 2186 36 2256; baseline 0 1011"><span class='ocrx_word' id='word_1_306' title='bbox 0 2186 36 2256; x_wconf 95' lang='lat' dir='ltr'> </span> 
     </span>
     <span class='ocr_line' id='line_1_45' title="bbox 0 2256 40 2327; baseline 0 940"><span class='ocrx_word' id='word_1_307' title='bbox 0 2256 40 2327; x_wconf 95' lang='lat' dir='ltr'> </span> 
     </span>
     <span class='ocr_line' id='line_1_46' title="bbox 0 2327 41 2608; baseline 0 -135"><span class='ocrx_word' id='word_1_308' title='bbox 0 2327 41 2608; x_wconf 95' lang='lat' dir='ltr'>    </span> 
     </span>
    </p>
   </div>
   <div class='ocr_carea' id='block_1_7' title="bbox 7 2471 1436 2575">
    <p class='ocr_par' dir='ltr' id='par_1_8' title="bbox 7 2471 1436 2575">
     <span class='ocr_line' id='line_1_47' title="bbox 7 2471 1436 2520; baseline -0.001 -12"><span class='ocrx_word' id='word_1_309' title='bbox 7 2494 16 2518; x_wconf 75' lang='lat'>,¹</span> <span class='ocrx_word' id='word_1_310' title='bbox 89 2483 98 2500; x_wconf 82' lang='lat'><em>¹</em></span> <span class='ocrx_word' id='word_1_311' title='bbox 119 2477 198 2510; x_wconf 80' lang='lat' dir='ltr'>Vide</span> <span class='ocrx_word' id='word_1_312' title='bbox 225 2487 320 2519; x_wconf 84' lang='lat' dir='ltr'>supra</span> <span class='ocrx_word' id='word_1_313' title='bbox 348 2474 546 2515; x_wconf 81' lang='lat' dir='ltr'>Quaestiones</span> <span class='ocrx_word' id='word_1_314' title='bbox 569 2473 601 2507; x_wconf 91' lang='lat' dir='ltr'>in</span> <span class='ocrx_word' id='word_1_315' title='bbox 627 2475 728 2508; x_wconf 79' lang='lat' dir='ltr'>Exod.</span> <span class='ocrx_word' id='word_1_316' title='bbox 748 2478 859 2520; x_wconf 82' lang='lat' dir='ltr'>quaest.</span> <span class='ocrx_word' id='word_1_317' title='bbox 882 2487 984 2511; x_wconf 61' lang='lat' dir='ltr'>cmxvi.</span> <span class='ocrx_word' id='word_1_318' title='bbox 1005 2492 1048 2500; x_wconf 92' lang='lat'><em>-</em></span> <span class='ocrx_word' id='word_1_319' title='bbox 1073 2481 1088 2500; x_wconf 78' lang='lat'>²</span> <span class='ocrx_word' id='word_1_320' title='bbox 1106 2477 1202 2510; x_wconf 81' lang='lat' dir='ltr'>Deut.</span> <span class='ocrx_word' id='word_1_321' title='bbox 1222 2484 1262 2517; x_wconf 87' lang='lat' dir='ltr'>x,</span> <span class='ocrx_word' id='word_1_322' title='bbox 1277 2473 1296 2507; x_wconf 79' lang='lat'>3</span> <span class='ocrx_word' id='word_1_323' title='bbox 1308 2497 1318 2516; x_wconf 83' lang='lat'>,</span> <span class='ocrx_word' id='word_1_324' title='bbox 1337 2471 1370 2515; x_wconf 79' lang='grc'>4.</span> <span class='ocrx_word' id='word_1_325' title='bbox 1394 2487 1436 2497; x_wconf 77' lang='lat'>—</span> 
     </span>
     <span class='ocr_line' id='line_1_48' title="bbox 7 2529 271 2575; baseline -0.004 -11"><span class='ocrx_word' id='word_1_326' title='bbox 7 2529 23 2564; x_wconf 75' lang='lat' dir='ltr'>&#39;u</span> <span class='ocrx_word' id='word_1_327' title='bbox 47 2529 60 2555; x_wconf 79' lang='lat'>³</span> <span class='ocrx_word' id='word_1_328' title='bbox 78 2531 160 2565; x_wconf 90' lang='lat' dir='ltr'>Ibid.</span> <span class='ocrx_word' id='word_1_329' title='bbox 190 2543 220 2575; x_wconf 84' lang='lat'>1,</span> <span class='ocrx_word' id='word_1_330' title='bbox 239 2541 271 2564; x_wconf 87' lang='lat'>2.</span> 
     </span>
    </p>
   </div>
  </div>
 </body>
</html>
