<?xml version="1.0" encoding="UTF-8"?>
<!DOCTYPE html PUBLIC "-//W3C//DTD XHTML 1.0 Transitional//EN"
    "http://www.w3.org/TR/xhtml1/DTD/xhtml1-transitional.dtd">
<html xmlns="http://www.w3.org/1999/xhtml" xml:lang="en" lang="en">
 <head>
  <title>
</title>
<meta http-equiv="Content-Type" content="text/html;charset=utf-8" />
  <meta name='ocr-system' content='tesseract 3.04.00' />
  <meta name='ocr-capabilities' content='ocr_page ocr_carea ocr_par ocr_line ocrx_word'/>
</head>
<body>
  <div class='ocr_page' id='page_1' title='image "./operaomniaaccura06auguuoft_0359.png"; bbox 0 0 1872 3267; ppageno 0'>
   <div class='ocr_carea' id='block_1_1' title="bbox 0 154 52 3267">
    <p class='ocr_par' dir='ltr' id='par_1_1' title="bbox 0 154 52 3267">
     <span class='ocr_line' id='line_1_1' title="bbox 0 154 52 3267; baseline 0 0"><span class='ocrx_word' id='word_1_1' title='bbox 0 154 52 3267; x_wconf 95' lang='lat' dir='ltr'> </span> 
     </span>
    </p>
   </div>
   <div class='ocr_carea' id='block_1_2' title="bbox 58 280 1455 841">
    <p class='ocr_par' dir='ltr' id='par_1_2' title="bbox 58 280 1455 841">
     <span class='ocr_line' id='line_1_2' title="bbox 327 280 1447 327; baseline -0.002 -11"><span class='ocrx_word' id='word_1_2' title='bbox 327 292 593 326; x_wconf 62' lang='lat' dir='ltr'>QUAEffriofflss</span> <span class='ocrx_word' id='word_1_3' title='bbox 628 291 668 315; x_wconf 73' lang='lat' dir='ltr'>m</span> <span class='ocrx_word' id='word_1_4' title='bbox 707 291 937 316; x_wconf 62' lang='lat' dir='ltr'>Lssvi&#39;rictm</span> <span class='ocrx_word' id='word_1_5' title='bbox 955 309 964 327; x_wconf 75' lang='lat'><strong>‚</strong></span> <span class='ocrx_word' id='word_1_6' title='bbox 1003 293 1084 317; x_wconf 40' lang='lat' dir='ltr'>iiiii.</span> <span class='ocrx_word' id='word_1_7' title='bbox 1124 292 1186 316; x_wconf 85' lang='grc' dir='ltr'>ιιι.</span> <span class='ocrx_word' id='word_1_8' title='bbox 1365 280 1447 316; x_wconf 75' lang='lat'>353</span> 
     </span>
     <span class='ocr_line' id='line_1_3' title="bbox 61 355 1450 416; baseline 0.001 -19"><span class='ocrx_word' id='word_1_9' title='bbox 61 364 200 413; x_wconf 84' lang='lat' dir='ltr'>potest</span> <span class='ocrx_word' id='word_1_10' title='bbox 233 357 420 416; x_wconf 85' lang='lat' dir='ltr'>quisquc</span> <span class='ocrx_word' id='word_1_11' title='bbox 455 371 531 415; x_wconf 84' lang='lat' dir='ltr'>per</span> <span class='ocrx_word' id='word_1_12' title='bbox 568 356 859 414; x_wconf 80' lang='lat' dir='ltr'>ignorantiam</span> <span class='ocrx_word' id='word_1_13' title='bbox 890 355 1145 415; x_wconf 81' lang='lat' dir='ltr'>delinquere</span> <span class='ocrx_word' id='word_1_14' title='bbox 1176 356 1220 399; x_wconf 92' lang='lat' dir='ltr'>in</span> <span class='ocrx_word' id='word_1_15' title='bbox 1252 355 1322 405; x_wconf 69' lang='lat' dir='ltr'>iis,</span> <span class='ocrx_word' id='word_1_16' title='bbox 1350 372 1450 415; x_wconf 68' lang='lat' dir='ltr'>quac</span> 
     </span>
     <span class='ocr_line' id='line_1_4' title="bbox 58 425 1450 485; baseline -0.001 -15"><span class='ocrx_word' id='word_1_17' title='bbox 58 427 251 470; x_wconf 78' lang='lat' dir='ltr'>servituti</span> <span class='ocrx_word' id='word_1_18' title='bbox 272 427 447 471; x_wconf 86' lang='lat' dir='ltr'>Domini</span> <span class='ocrx_word' id='word_1_19' title='bbox 469 426 755 469; x_wconf 81' lang='lat' dir='ltr'>exhibentur:</span> <span class='ocrx_word' id='word_1_20' title='bbox 781 426 863 469; x_wconf 88' lang='lat' dir='ltr'>hoc</span> <span class='ocrx_word' id='word_1_21' title='bbox 886 426 1025 470; x_wconf 79' lang='lat' dir='ltr'>voluit</span> <span class='ocrx_word' id='word_1_22' title='bbox 1046 435 1195 485; x_wconf 85' lang='lat' dir='ltr'>postca</span> <span class='ocrx_word' id='word_1_23' title='bbox 1219 441 1352 483; x_wconf 77' lang='lat' dir='ltr'>genus</span> <span class='ocrx_word' id='word_1_24' title='bbox 1369 425 1450 469; x_wconf 83' lang='lat' dir='ltr'>de-</span> 
     </span>
     <span class='ocr_line' id='line_1_5' title="bbox 59 495 1450 556; baseline 0 -17"><span class='ocrx_word' id='word_1_25' title='bbox 59 495 263 541; x_wconf 85' lang='lat' dir='ltr'>lictorum</span> <span class='ocrx_word' id='word_1_26' title='bbox 286 495 544 556; x_wconf 79' lang='lat' dir='ltr'><strong>generaliter</strong></span> <span class='ocrx_word' id='word_1_27' title='bbox 565 511 922 551; x_wconf 84' lang='lat' dir='ltr'>commemorare,</span> <span class='ocrx_word' id='word_1_28' title='bbox 944 505 987 540; x_wconf 87' lang='lat' dir='ltr'>et</span> <span class='ocrx_word' id='word_1_29' title='bbox 1008 496 1106 540; x_wconf 84' lang='lat' dir='ltr'>ideo</span> <span class='ocrx_word' id='word_1_30' title='bbox 1135 505 1179 539; x_wconf 90' lang='lat' dir='ltr'>et</span> <span class='ocrx_word' id='word_1_31' title='bbox 1206 495 1294 539; x_wconf 90' lang='lat' dir='ltr'>illic</span> <span class='ocrx_word' id='word_1_32' title='bbox 1317 505 1359 540; x_wconf 86' lang='lat' dir='ltr'>et</span> <span class='ocrx_word' id='word_1_33' title='bbox 1380 496 1450 539; x_wconf 89' lang='lat' dir='ltr'>hic</span> 
     </span>
     <span class='ocr_line' id='line_1_6' title="bbox 59 565 1447 626; baseline 0 -16"><span class='ocrx_word' id='word_1_34' title='bbox 59 567 236 611; x_wconf 79' lang='lat' dir='ltr'>arietem</span> <span class='ocrx_word' id='word_1_35' title='bbox 260 567 387 626; x_wconf 83' lang='lat' dir='ltr'>jussit</span> <span class='ocrx_word' id='word_1_36' title='bbox 416 566 578 611; x_wconf 78' lang='lat' dir='ltr'>offerri.</span> <span class='ocrx_word' id='word_1_37' title='bbox 605 565 751 610; x_wconf 85' lang='lat' dir='ltr'>Plcnae</span> <span class='ocrx_word' id='word_1_38' title='bbox 785 576 887 610; x_wconf 89' lang='lat' dir='ltr'>sunt</span> <span class='ocrx_word' id='word_1_39' title='bbox 919 576 1064 611; x_wconf 85' lang='lat' dir='ltr'>autem</span> <span class='ocrx_word' id='word_1_40' title='bbox 1091 566 1326 625; x_wconf 79' lang='lat' dir='ltr'>Scripturoe</span> <span class='ocrx_word' id='word_1_41' title='bbox 1349 582 1447 610; x_wconf 88' lang='lat' dir='ltr'>cum</span> 
     </span>
     <span class='ocr_line' id='line_1_7' title="bbox 59 636 1455 694; baseline -0.001 -13"><span class='ocrx_word' id='word_1_42' title='bbox 59 637 236 693; x_wconf 78' lang='lat' dir='ltr'>dicitur,</span> <span class='ocrx_word' id='word_1_43' title='bbox 257 656 276 678; x_wconf 91' lang='lat'>«</span> <span class='ocrx_word' id='word_1_44' title='bbox 303 641 416 682; x_wconf 83' lang='lat' dir='ltr'>Ante</span> <span class='ocrx_word' id='word_1_45' title='bbox 440 636 690 692; x_wconf 67' lang='lat' dir='ltr'>Dominum,</span> <span class='ocrx_word' id='word_1_46' title='bbox 720 655 739 677; x_wconf 92' lang='lat'>»</span> <span class='ocrx_word' id='word_1_47' title='bbox 766 645 810 680; x_wconf 88' lang='lat' dir='ltr'>et</span> <span class='ocrx_word' id='word_1_48' title='bbox 835 652 924 680; x_wconf 90' lang='lat' dir='ltr'>non</span> <span class='ocrx_word' id='word_1_49' title='bbox 947 636 1219 694; x_wconf 69' lang='lat' dir='ltr'>intelligitur,</span> <span class='ocrx_word' id='word_1_50' title='bbox 1237 636 1319 680; x_wconf 86' lang='lat' dir='ltr'>nisi</span> <span class='ocrx_word' id='word_1_51' title='bbox 1342 636 1455 680; x_wconf 86' lang='lat' dir='ltr'>illud</span> 
     </span>
     <span class='ocr_line' id='line_1_8' title="bbox 59 707 1451 770; baseline -0.001 -17"><span class='ocrx_word' id='word_1_52' title='bbox 59 709 182 770; x_wconf 85' lang='lat' dir='ltr'>quod</span> <span class='ocrx_word' id='word_1_53' title='bbox 209 708 394 753; x_wconf 90' lang='lat' dir='ltr'>Domino</span> <span class='ocrx_word' id='word_1_54' title='bbox 415 709 662 763; x_wconf 77' lang='lat' dir='ltr'>exhibetur,</span> <span class='ocrx_word' id='word_1_55' title='bbox 683 708 795 752; x_wconf 89' lang='lat' dir='ltr'>sicut</span> <span class='ocrx_word' id='word_1_56' title='bbox 822 708 1100 765; x_wconf 84' lang='lat' dir='ltr'>sacrificium,</span> <span class='ocrx_word' id='word_1_57' title='bbox 1127 707 1195 754; x_wconf 88' lang='lat' dir='ltr'>vel</span> <span class='ocrx_word' id='word_1_58' title='bbox 1231 708 1451 768; x_wconf 69' lang='lat' dir='ltr'>primitiae,</span> 
     </span>
     <span class='ocr_line' id='line_1_9' title="bbox 60 779 734 841; baseline -0.003 -17"><span class='ocrx_word' id='word_1_59' title='bbox 60 779 129 825; x_wconf 92' lang='lat' dir='ltr'>vel</span> <span class='ocrx_word' id='word_1_60' title='bbox 152 779 296 841; x_wconf 88' lang='lat' dir='ltr'>aliqua</span> <span class='ocrx_word' id='word_1_61' title='bbox 319 780 363 824; x_wconf 92' lang='lat' dir='ltr'>in</span> <span class='ocrx_word' id='word_1_62' title='bbox 385 779 515 824; x_wconf 88' lang='lat' dir='ltr'>sacris</span> <span class='ocrx_word' id='word_1_63' title='bbox 536 779 734 824; x_wconf 86' lang='lat' dir='ltr'>servitus.</span> 
     </span>
    </p>
   </div>
   <div class='ocr_carea' id='block_1_3' title="bbox 561 879 936 928">
    <p class='ocr_par' dir='ltr' id='par_1_3' title="bbox 561 879 936 928">
     <span class='ocr_line' id='line_1_10' title="bbox 561 879 936 928; baseline 0.008 -12"><span class='ocrx_word' id='word_1_64' title='bbox 561 879 612 928; x_wconf 71' lang='lat' dir='ltr'>Qt</span> <span class='ocrx_word' id='word_1_65' title='bbox 624 880 799 920; x_wconf 50' lang='lat' dir='ltr'>p-ESTIO</span> <span class='ocrx_word' id='word_1_66' title='bbox 832 880 936 919; x_wconf 77' lang='lat' dir='ltr'>Vni.</span> 
     </span>
    </p>
   </div>
   <div class='ocr_carea' id='block_1_4' title="bbox 12 981 1462 2728">
    <p class='ocr_par' dir='ltr' id='par_1_4' title="bbox 12 981 1462 2596">
     <span class='ocr_line' id='line_1_11' title="bbox 121 981 1453 1043; baseline 0 -18"><span class='ocrx_word' id='word_1_67' title='bbox 121 984 359 1035; x_wconf 49' lang='lat' dir='ltr'>Quasi-irruit</span> <span class='ocrx_word' id='word_1_68' title='bbox 381 982 534 1036; x_wconf 74' lang='lat' dir='ltr'>etiam,</span> <span class='ocrx_word' id='word_1_69' title='bbox 566 989 716 1025; x_wconf 90' lang='lat' dir='ltr'>utrum</span> <span class='ocrx_word' id='word_1_70' title='bbox 734 981 903 1041; x_wconf 83' lang='lat' dir='ltr'>ubique</span> <span class='ocrx_word' id='word_1_71' title='bbox 924 981 979 1025; x_wconf 89' lang='lat' dir='ltr'>sit</span> <span class='ocrx_word' id='word_1_72' title='bbox 1002 982 1305 1042; x_wconf 85' lang='lat' dir='ltr'>accipiendum</span> <span class='ocrx_word' id='word_1_73' title='bbox 1333 981 1453 1043; x_wconf 75' lang='lat' dir='ltr'>quod</span> 
     </span>
     <span class='ocr_line' id='line_1_12' title="bbox 61 1051 1456 1113; baseline 0 -16"><span class='ocrx_word' id='word_1_74' title='bbox 61 1052 229 1098; x_wconf 88' lang='lat' dir='ltr'>dictum</span> <span class='ocrx_word' id='word_1_75' title='bbox 262 1063 347 1108; x_wconf 78' lang='lat' dir='ltr'>est,</span> <span class='ocrx_word' id='word_1_76' title='bbox 379 1053 412 1097; x_wconf 87' lang='lat' dir='ltr'>si</span> <span class='ocrx_word' id='word_1_77' title='bbox 444 1069 532 1097; x_wconf 88' lang='lat' dir='ltr'>non</span> <span class='ocrx_word' id='word_1_78' title='bbox 565 1051 679 1096; x_wconf 80' lang='lat' dir='ltr'>valet</span> <span class='ocrx_word' id='word_1_79' title='bbox 710 1068 864 1096; x_wconf 85' lang='lat' dir='ltr'>manus</span> <span class='ocrx_word' id='word_1_80' title='bbox 898 1053 988 1112; x_wconf 78' lang='lat' dir='ltr'>ejus</span> <span class='ocrx_word' id='word_1_81' title='bbox 1019 1053 1140 1113; x_wconf 85' lang='lat' dir='ltr'>quod</span> <span class='ocrx_word' id='word_1_82' title='bbox 1172 1054 1272 1097; x_wconf 85' lang='lat' dir='ltr'>satis</span> <span class='ocrx_word' id='word_1_83' title='bbox 1305 1065 1369 1097; x_wconf 86' lang='lat' dir='ltr'>est</span> <span class='ocrx_word' id='word_1_84' title='bbox 1401 1053 1456 1098; x_wconf 86' lang='lat' dir='ltr'>ad</span> 
     </span>
     <span class='ocr_line' id='line_1_13' title="bbox 61 1122 1454 1183; baseline -0.001 -15"><span class='ocrx_word' id='word_1_85' title='bbox 61 1139 203 1177; x_wconf 86' lang='lat' dir='ltr'>ovem,</span> <span class='ocrx_word' id='word_1_86' title='bbox 230 1124 387 1167; x_wconf 81' lang='lat' dir='ltr'>offerre</span> <span class='ocrx_word' id='word_1_87' title='bbox 410 1139 511 1167; x_wconf 88' lang='lat' dir='ltr'>eum</span> <span class='ocrx_word' id='word_1_88' title='bbox 531 1123 691 1166; x_wconf 86' lang='lat' dir='ltr'>debere</span> <span class='ocrx_word' id='word_1_89' title='bbox 713 1138 790 1182; x_wconf 86' lang='lat' dir='ltr'>par</span> <span class='ocrx_word' id='word_1_90' title='bbox 808 1131 1055 1178; x_wconf 81' lang='lat' dir='ltr'>turturum,</span> <span class='ocrx_word' id='word_1_91' title='bbox 1082 1132 1157 1167; x_wconf 86' lang='lat' dir='ltr'>aut</span> <span class='ocrx_word' id='word_1_92' title='bbox 1178 1122 1288 1168; x_wconf 87' lang='lat' dir='ltr'>duos</span> <span class='ocrx_word' id='word_1_93' title='bbox 1310 1123 1454 1183; x_wconf 82' lang='lat' dir='ltr'>pullos</span> 
     </span>
     <span class='ocr_line' id='line_1_14' title="bbox 62 1193 1454 1254; baseline 0 -16"><span class='ocrx_word' id='word_1_94' title='bbox 62 1194 359 1239; x_wconf 76' lang='lat' dir='ltr'>columbinos¹</span> <span class='ocrx_word' id='word_1_95' title='bbox 379 1216 389 1251; x_wconf 74' lang='lat'>3</span> <span class='ocrx_word' id='word_1_96' title='bbox 410 1204 452 1238; x_wconf 89' lang='lat' dir='ltr'>et</span> <span class='ocrx_word' id='word_1_97' title='bbox 473 1194 506 1238; x_wconf 90' lang='lat' dir='ltr'>si</span> <span class='ocrx_word' id='word_1_98' title='bbox 530 1195 612 1238; x_wconf 89' lang='lat' dir='ltr'>hoc</span> <span class='ocrx_word' id='word_1_99' title='bbox 632 1209 810 1254; x_wconf 83' lang='lat' dir='ltr'>quoque</span> <span class='ocrx_word' id='word_1_100' title='bbox 838 1210 928 1237; x_wconf 91' lang='lat' dir='ltr'>non</span> <span class='ocrx_word' id='word_1_101' title='bbox 946 1193 1085 1249; x_wconf 78' lang='lat' dir='ltr'>valet,</span> <span class='ocrx_word' id='word_1_102' title='bbox 1106 1204 1268 1238; x_wconf 87' lang='lat' dir='ltr'>certam</span> <span class='ocrx_word' id='word_1_103' title='bbox 1292 1194 1454 1239; x_wconf 85' lang='lat' dir='ltr'>simila-</span> 
     </span>
     <span class='ocr_line' id='line_1_15' title="bbox 63 1265 1454 1326; baseline 0.001 -18"><span class='ocrx_word' id='word_1_104' title='bbox 63 1265 172 1324; x_wconf 80' lang='lat' dir='ltr'>ginis</span> <span class='ocrx_word' id='word_1_105' title='bbox 195 1266 499 1326; x_wconf 82' lang='lat' dir='ltr'>quantitatem.</span> <span class='ocrx_word' id='word_1_106' title='bbox 526 1266 743 1318; x_wconf 86' lang='lat' dir='ltr'>Quoniam</span> <span class='ocrx_word' id='word_1_107' title='bbox 768 1265 802 1309; x_wconf 85' lang='lat' dir='ltr'>si</span> <span class='ocrx_word' id='word_1_108' title='bbox 825 1265 990 1326; x_wconf 84' lang='lat' dir='ltr'>ubique</span> <span class='ocrx_word' id='word_1_109' title='bbox 1012 1266 1071 1310; x_wconf 85' lang='lat' dir='ltr'>ita</span> <span class='ocrx_word' id='word_1_110' title='bbox 1093 1265 1223 1311; x_wconf 89' lang='lat' dir='ltr'>licere</span> <span class='ocrx_word' id='word_1_111' title='bbox 1246 1265 1454 1324; x_wconf 79' lang='lat' dir='ltr'>intelligi-</span> 
     </span>
     <span class='ocr_line' id='line_1_16' title="bbox 66 1334 1456 1395; baseline 0.001 -16"><span class='ocrx_word' id='word_1_112' title='bbox 66 1344 156 1390; x_wconf 82' lang='lat' dir='ltr'>tur,</span> <span class='ocrx_word' id='word_1_113' title='bbox 190 1351 280 1379; x_wconf 90' lang='lat' dir='ltr'>non</span> <span class='ocrx_word' id='word_1_114' title='bbox 326 1345 468 1395; x_wconf 83' lang='lat' dir='ltr'>potest</span> <span class='ocrx_word' id='word_1_115' title='bbox 500 1335 680 1395; x_wconf 87' lang='lat' dir='ltr'>quidem</span> <span class='ocrx_word' id='word_1_116' title='bbox 723 1334 810 1379; x_wconf 89' lang='lat' dir='ltr'>dici</span> <span class='ocrx_word' id='word_1_117' title='bbox 847 1335 1116 1380; x_wconf 81' lang='lat' dir='ltr'>sacerdotem</span> <span class='ocrx_word' id='word_1_118' title='bbox 1160 1353 1251 1381; x_wconf 92' lang='lat' dir='ltr'>non</span> <span class='ocrx_word' id='word_1_119' title='bbox 1292 1336 1456 1380; x_wconf 82' lang='lat' dir='ltr'>habere</span> 
     </span>
     <span class='ocr_line' id='line_1_17' title="bbox 63 1405 1457 1467; baseline 0.001 -17"><span class='ocrx_word' id='word_1_120' title='bbox 63 1405 249 1450; x_wconf 88' lang='lat' dir='ltr'>vitulum</span> <span class='ocrx_word' id='word_1_121' title='bbox 282 1415 358 1450; x_wconf 88' lang='lat' dir='ltr'>aut</span> <span class='ocrx_word' id='word_1_122' title='bbox 384 1406 631 1450; x_wconf 87' lang='lat' dir='ltr'>universam</span> <span class='ocrx_word' id='word_1_123' title='bbox 667 1408 966 1465; x_wconf 80' lang='lat' dir='ltr'>Synagogam,</span> <span class='ocrx_word' id='word_1_124' title='bbox 993 1417 1068 1451; x_wconf 86' lang='lat' dir='ltr'>aut</span> <span class='ocrx_word' id='word_1_125' title='bbox 1095 1408 1339 1467; x_wconf 85' lang='lat' dir='ltr'>principem</span> <span class='ocrx_word' id='word_1_126' title='bbox 1366 1423 1457 1452; x_wconf 91' lang='lat' dir='ltr'>non</span> 
     </span>
     <span class='ocr_line' id='line_1_18' title="bbox 63 1474 1459 1538; baseline 0.001 -18"><span class='ocrx_word' id='word_1_127' title='bbox 63 1476 225 1520; x_wconf 85' lang='lat' dir='ltr'>habere</span> <span class='ocrx_word' id='word_1_128' title='bbox 258 1491 438 1536; x_wconf 87' lang='lat' dir='ltr'>caprum</span> <span class='ocrx_word' id='word_1_129' title='bbox 467 1474 537 1519; x_wconf 87' lang='lat' dir='ltr'>vel</span> <span class='ocrx_word' id='word_1_130' title='bbox 569 1490 718 1519; x_wconf 85' lang='lat' dir='ltr'>ovem:</span> <span class='ocrx_word' id='word_1_131' title='bbox 754 1484 797 1519; x_wconf 88' lang='lat' dir='ltr'>et</span> <span class='ocrx_word' id='word_1_132' title='bbox 825 1476 859 1519; x_wconf 90' lang='lat' dir='ltr'>si</span> <span class='ocrx_word' id='word_1_133' title='bbox 890 1476 950 1520; x_wconf 85' lang='lat' dir='ltr'>ita</span> <span class='ocrx_word' id='word_1_134' title='bbox 982 1486 1068 1532; x_wconf 80' lang='lat' dir='ltr'>est,</span> <span class='ocrx_word' id='word_1_135' title='bbox 1093 1476 1202 1538; x_wconf 87' lang='lat' dir='ltr'>quid</span> <span class='ocrx_word' id='word_1_136' title='bbox 1235 1493 1344 1538; x_wconf 89' lang='lat' dir='ltr'>opus</span> <span class='ocrx_word' id='word_1_137' title='bbox 1366 1487 1459 1521; x_wconf 88' lang='lat' dir='ltr'>erat</span> 
     </span>
     <span class='ocr_line' id='line_1_19' title="bbox 62 1545 1458 1606; baseline 0.001 -15"><span class='ocrx_word' id='word_1_138' title='bbox 62 1556 212 1606; x_wconf 84' lang='lat' dir='ltr'>postea</span> <span class='ocrx_word' id='word_1_139' title='bbox 234 1546 377 1590; x_wconf 81' lang='lat' dir='ltr'>dicere</span> <span class='ocrx_word' id='word_1_140' title='bbox 408 1545 591 1590; x_wconf 82' lang='lat' dir='ltr'>tacitum</span> <span class='ocrx_word' id='word_1_141' title='bbox 613 1547 873 1606; x_wconf 85' lang='lat' dir='ltr'>cujusquam</span> <span class='ocrx_word' id='word_1_142' title='bbox 896 1547 1138 1606; x_wconf 88' lang='lat' dir='ltr'>perjurium</span> <span class='ocrx_word' id='word_1_143' title='bbox 1156 1583 1166 1603; x_wconf 75' lang='lat'><strong>‚</strong></span> <span class='ocrx_word' id='word_1_144' title='bbox 1193 1556 1269 1591; x_wconf 86' lang='lat' dir='ltr'>aut</span> <span class='ocrx_word' id='word_1_145' title='bbox 1292 1557 1458 1592; x_wconf 85' lang='lat' dir='ltr'>tactum</span> 
     </span>
     <span class='ocr_line' id='line_1_20' title="bbox 64 1615 1458 1677; baseline 0.001 -17"><span class='ocrx_word' id='word_1_146' title='bbox 64 1615 366 1667; x_wconf 70' lang='lat' dir='ltr'>immundum,</span> <span class='ocrx_word' id='word_1_147' title='bbox 391 1625 433 1659; x_wconf 89' lang='lat' dir='ltr'>et</span> <span class='ocrx_word' id='word_1_148' title='bbox 455 1615 696 1675; x_wconf 83' lang='lat' dir='ltr'>perjurium</span> <span class='ocrx_word' id='word_1_149' title='bbox 724 1630 802 1674; x_wconf 89' lang='lat' dir='ltr'>per</span> <span class='ocrx_word' id='word_1_150' title='bbox 828 1615 1119 1673; x_wconf 81' lang='lat' dir='ltr'>ignorantiam</span> <span class='ocrx_word' id='word_1_151' title='bbox 1152 1616 1320 1661; x_wconf 80' lang='lat' dir='ltr'>factum</span> <span class='ocrx_word' id='word_1_152' title='bbox 1349 1633 1458 1677; x_wconf 88' lang='lat' dir='ltr'>pur-</span> 
     </span>
     <span class='ocr_line' id='line_1_21' title="bbox 65 1685 1458 1747; baseline 0.002 -18"><span class='ocrx_word' id='word_1_153' title='bbox 65 1685 154 1744; x_wconf 82' lang='lat' dir='ltr'>gari</span> <span class='ocrx_word' id='word_1_154' title='bbox 168 1685 383 1731; x_wconf 62' lang='lat' dir='ltr'>,sacrificio</span> <span class='ocrx_word' id='word_1_155' title='bbox 413 1699 533 1742; x_wconf 65' lang='lat' dir='ltr'>agnae</span> <span class='ocrx_word' id='word_1_156' title='bbox 556 1694 600 1728; x_wconf 89' lang='lat' dir='ltr'>et</span> <span class='ocrx_word' id='word_1_157' title='bbox 629 1700 786 1744; x_wconf 60' lang='lat' dir='ltr'>caprae,</span> <span class='ocrx_word' id='word_1_158' title='bbox 812 1700 915 1729; x_wconf 87' lang='lat' dir='ltr'>cum</span> <span class='ocrx_word' id='word_1_159' title='bbox 937 1686 1091 1730; x_wconf 78' lang='lat' dir='ltr'>eadem</span> <span class='ocrx_word' id='word_1_160' title='bbox 1113 1687 1320 1732; x_wconf 84' lang='lat' dir='ltr'>sacrificia</span> <span class='ocrx_word' id='word_1_161' title='bbox 1343 1704 1458 1747; x_wconf 81' lang='lat' dir='ltr'>prae-</span> 
     </span>
     <span class='ocr_line' id='line_1_22' title="bbox 64 1753 1458 1818; baseline 0.001 -18"><span class='ocrx_word' id='word_1_162' title='bbox 64 1766 189 1816; x_wconf 84' lang='lat' dir='ltr'>cepta</span> <span class='ocrx_word' id='word_1_163' title='bbox 212 1756 297 1799; x_wconf 84' lang='lat' dir='ltr'>sint</span> <span class='ocrx_word' id='word_1_164' title='bbox 319 1755 448 1799; x_wconf 86' lang='lat' dir='ltr'>etiam</span> <span class='ocrx_word' id='word_1_165' title='bbox 471 1755 515 1798; x_wconf 89' lang='lat' dir='ltr'>in</span> <span class='ocrx_word' id='word_1_166' title='bbox 535 1753 609 1798; x_wconf 81' lang='lat' dir='ltr'>illa</span> <span class='ocrx_word' id='word_1_167' title='bbox 632 1754 911 1812; x_wconf 82' lang='lat' dir='ltr'>generalitate</span> <span class='ocrx_word' id='word_1_168' title='bbox 939 1757 1129 1816; x_wconf 78' lang='lat' dir='ltr'>peccati,</span> <span class='ocrx_word' id='word_1_169' title='bbox 1146 1757 1201 1800; x_wconf 85' lang='lat' dir='ltr'>ad</span> <span class='ocrx_word' id='word_1_170' title='bbox 1227 1774 1360 1818; x_wconf 81' lang='lat' dir='ltr'>quam</span> <span class='ocrx_word' id='word_1_171' title='bbox 1383 1773 1458 1816; x_wconf 80' lang='lat' dir='ltr'>ge-</span> 
     </span>
     <span class='ocr_line' id='line_1_23' title="bbox 66 1825 1461 1884; baseline 0.001 -14"><span class='ocrx_word' id='word_1_172' title='bbox 66 1825 338 1870; x_wconf 84' lang='lat' dir='ltr'>neralitatem</span> <span class='ocrx_word' id='word_1_173' title='bbox 356 1826 485 1869; x_wconf 83' lang='lat' dir='ltr'>etiam</span> <span class='ocrx_word' id='word_1_174' title='bbox 505 1825 584 1868; x_wconf 85' lang='lat' dir='ltr'>ista</span> <span class='ocrx_word' id='word_1_175' title='bbox 606 1834 847 1884; x_wconf 84' lang='lat' dir='ltr'>potuerunt</span> <span class='ocrx_word' id='word_1_176' title='bbox 863 1827 1112 1884; x_wconf 68' lang='lat' dir='ltr'>pertinere?</span> <span class='ocrx_word' id='word_1_177' title='bbox 1133 1827 1175 1872; x_wconf 88' lang='lat' dir='ltr'>Si</span> <span class='ocrx_word' id='word_1_178' title='bbox 1193 1837 1339 1871; x_wconf 83' lang='lat' dir='ltr'>autem</span> <span class='ocrx_word' id='word_1_179' title='bbox 1357 1828 1461 1872; x_wconf 87' lang='lat' dir='ltr'>hinc</span> 
     </span>
     <span class='ocr_line' id='line_1_24' title="bbox 66 1895 1459 1956; baseline 0.001 -16"><span class='ocrx_word' id='word_1_180' title='bbox 66 1897 144 1941; x_wconf 85' lang='lat' dir='ltr'>ista</span> <span class='ocrx_word' id='word_1_181' title='bbox 167 1897 493 1949; x_wconf 88' lang='lat' dir='ltr'>discernuntur,</span> <span class='ocrx_word' id='word_1_182' title='bbox 510 1896 630 1956; x_wconf 82' lang='lat' dir='ltr'>quod</span> <span class='ocrx_word' id='word_1_183' title='bbox 645 1895 804 1939; x_wconf 76' lang='lat' dir='ltr'>licebat</span> <span class='ocrx_word' id='word_1_184' title='bbox 825 1912 904 1955; x_wconf 83' lang='lat' dir='ltr'>pro</span> <span class='ocrx_word' id='word_1_185' title='bbox 927 1897 986 1940; x_wconf 85' lang='lat' dir='ltr'>eis</span> <span class='ocrx_word' id='word_1_186' title='bbox 1008 1907 1199 1942; x_wconf 83' lang='lat' dir='ltr'>turtures</span> <span class='ocrx_word' id='word_1_187' title='bbox 1222 1908 1264 1942; x_wconf 86' lang='lat' dir='ltr'>ct</span> <span class='ocrx_word' id='word_1_188' title='bbox 1287 1898 1459 1942; x_wconf 88' lang='lat' dir='ltr'>colum-</span> 
     </span>
     <span class='ocr_line' id='line_1_25' title="bbox 12 1967 1462 2027; baseline 0.001 -15"><span class='ocrx_word' id='word_1_189' title='bbox 12 2018 13 2022; x_wconf 12' lang='lat'><em>*</em></span> <span class='ocrx_word' id='word_1_190' title='bbox 69 1968 167 2023; x_wconf 79' lang='lat' dir='ltr'>bos,</span> <span class='ocrx_word' id='word_1_191' title='bbox 184 1967 255 2012; x_wconf 86' lang='lat' dir='ltr'>vel</span> <span class='ocrx_word' id='word_1_192' title='bbox 274 1968 427 2020; x_wconf 78' lang='lat' dir='ltr'>ctiam,</span> <span class='ocrx_word' id='word_1_193' title='bbox 453 1967 487 2010; x_wconf 87' lang='lat' dir='ltr'>si</span> <span class='ocrx_word' id='word_1_194' title='bbox 516 1967 600 2010; x_wconf 79' lang='lat' dir='ltr'>h&#39;oc</span> <span class='ocrx_word' id='word_1_195' title='bbox 623 1982 713 2010; x_wconf 91' lang='lat' dir='ltr'>non</span> <span class='ocrx_word' id='word_1_196' title='bbox 735 1976 866 2021; x_wconf 83' lang='lat' dir='ltr'>essct,</span> <span class='ocrx_word' id='word_1_197' title='bbox 891 1967 1180 2027; x_wconf 79' lang='lat' dir='ltr'>similaginem</span> <span class='ocrx_word' id='word_1_198' title='bbox 1212 1968 1375 2023; x_wconf 75' lang='lat' dir='ltr'>offerri,</span> <span class='ocrx_word' id='word_1_199' title='bbox 1400 1970 1462 2014; x_wconf 84' lang='lat' dir='ltr'>ibi</span> 
     </span>
     <span class='ocr_line' id='line_1_26' title="bbox 69 2036 1460 2095; baseline 0.001 -11.921"><span class='ocrx_word' id='word_1_200' title='bbox 69 2048 215 2083; x_wconf 83' lang='lat' dir='ltr'>autem</span> <span class='ocrx_word' id='word_1_201' title='bbox 236 2038 313 2082; x_wconf 84' lang='lat' dir='ltr'>ubi</span> <span class='ocrx_word' id='word_1_202' title='bbox 334 2053 423 2081; x_wconf 91' lang='lat' dir='ltr'>non</span> <span class='ocrx_word' id='word_1_203' title='bbox 450 2036 617 2081; x_wconf 87' lang='lat' dir='ltr'>dictum</span> <span class='ocrx_word' id='word_1_204' title='bbox 640 2046 702 2081; x_wconf 83' lang='lat' dir='ltr'>cst</span> <span class='ocrx_word' id='word_1_205' title='bbox 724 2053 813 2082; x_wconf 91' lang='lat' dir='ltr'>non</span> <span class='ocrx_word' id='word_1_206' title='bbox 833 2038 1016 2095; x_wconf 81' lang='lat' dir='ltr'>licebat,</span> <span class='ocrx_word' id='word_1_207' title='bbox 1042 2056 1133 2085; x_wconf 89' lang='lat' dir='ltr'>non</span> <span class='ocrx_word' id='word_1_208' title='bbox 1160 2040 1333 2085; x_wconf 81' lang='lat' dir='ltr'>videtur</span> <span class='ocrx_word' id='word_1_209' title='bbox 1354 2042 1460 2085; x_wconf 83' lang='lat' dir='ltr'>suh-</span> 
     </span>
     <span class='ocr_line' id='line_1_27' title="bbox 70 2108 1460 2171; baseline 0.003 -18"><span class='ocrx_word' id='word_1_210' title='bbox 70 2118 250 2154; x_wconf 85' lang='lat' dir='ltr'>ventum</span> <span class='ocrx_word' id='word_1_211' title='bbox 287 2125 376 2152; x_wconf 86' lang='lat' dir='ltr'>esse</span> <span class='ocrx_word' id='word_1_212' title='bbox 410 2108 700 2168; x_wconf 78' lang='lat' dir='ltr'>pauperibus3</span> <span class='ocrx_word' id='word_1_213' title='bbox 736 2110 945 2169; x_wconf 87' lang='lat' dir='ltr'>quoniam</span> <span class='ocrx_word' id='word_1_214' title='bbox 990 2110 1128 2155; x_wconf 89' lang='lat' dir='ltr'>multa</span> <span class='ocrx_word' id='word_1_215' title='bbox 1160 2122 1336 2171; x_wconf 85' lang='lat' dir='ltr'>possent</span> <span class='ocrx_word' id='word_1_216' title='bbox 1371 2129 1460 2156; x_wconf 78' lang='lat' dir='ltr'>esse</span> 
     </span>
     <span class='ocr_line' id='line_1_28' title="bbox 70 2179 1460 2242; baseline 0.002 -17"><span class='ocrx_word' id='word_1_217' title='bbox 70 2180 230 2225; x_wconf 84' lang='lat' dir='ltr'>delicta</span> <span class='ocrx_word' id='word_1_218' title='bbox 262 2196 352 2224; x_wconf 90' lang='lat' dir='ltr'>non</span> <span class='ocrx_word' id='word_1_219' title='bbox 380 2179 622 2239; x_wconf 81' lang='lat' dir='ltr'>specialiter</span> <span class='ocrx_word' id='word_1_220' title='bbox 653 2195 871 2239; x_wconf 77' lang='lat' dir='ltr'>expressa,</span> <span class='ocrx_word' id='word_1_221' title='bbox 898 2198 997 2242; x_wconf 71' lang='lat' dir='ltr'>quae</span> <span class='ocrx_word' id='word_1_222' title='bbox 1020 2183 1076 2226; x_wconf 85' lang='lat' dir='ltr'>ad</span> <span class='ocrx_word' id='word_1_223' title='bbox 1102 2182 1221 2226; x_wconf 85' lang='lat' dir='ltr'>illam</span> <span class='ocrx_word' id='word_1_224' title='bbox 1246 2184 1460 2242; x_wconf 80' lang='lat' dir='ltr'>generali-</span> 
     </span>
     <span class='ocr_line' id='line_1_29' title="bbox 73 2250 1460 2312; baseline 0.002 -16"><span class='ocrx_word' id='word_1_225' title='bbox 73 2260 204 2296; x_wconf 83' lang='lat' dir='ltr'>tatem</span> <span class='ocrx_word' id='word_1_226' title='bbox 222 2250 502 2305; x_wconf 77' lang='lat' dir='ltr'>referrentur,</span> <span class='ocrx_word' id='word_1_227' title='bbox 522 2250 595 2293; x_wconf 79' lang='lat' dir='ltr'>ubi</span> <span class='ocrx_word' id='word_1_228' title='bbox 616 2261 899 2308; x_wconf 84' lang='lat' dir='ltr'>gravarentur</span> <span class='ocrx_word' id='word_1_229' title='bbox 916 2253 1084 2312; x_wconf 76' lang='lat' dir='ltr'>inopes,</span> <span class='ocrx_word' id='word_1_230' title='bbox 1102 2253 1135 2297; x_wconf 87' lang='lat' dir='ltr'>si</span> <span class='ocrx_word' id='word_1_231' title='bbox 1154 2256 1460 2299; x_wconf 84' lang='lat' dir='ltr'>tantummodo</span> 
     </span>
     <span class='ocr_line' id='line_1_30' title="bbox 72 2320 1456 2383; baseline 0.002 -16"><span class='ocrx_word' id='word_1_232' title='bbox 72 2337 246 2383; x_wconf 85' lang='lat' dir='ltr'>capram</span> <span class='ocrx_word' id='word_1_233' title='bbox 269 2320 512 2375; x_wconf 84' lang='lat' dir='ltr'>foeminam,</span> <span class='ocrx_word' id='word_1_234' title='bbox 539 2330 582 2364; x_wconf 86' lang='lat' dir='ltr'>et</span> <span class='ocrx_word' id='word_1_235' title='bbox 603 2337 760 2380; x_wconf 81' lang='lat' dir='ltr'>agnam</span> <span class='ocrx_word' id='word_1_236' title='bbox 782 2338 834 2366; x_wconf 74' lang='lat' dir='ltr'>ex</span> <span class='ocrx_word' id='word_1_237' title='bbox 864 2323 1040 2378; x_wconf 81' lang='lat' dir='ltr'>ovibus,</span> <span class='ocrx_word' id='word_1_238' title='bbox 1068 2337 1107 2367; x_wconf 78' lang='lat' dir='ltr'>et</span> <span class='ocrx_word' id='word_1_239' title='bbox 1130 2324 1223 2369; x_wconf 85' lang='lat' dir='ltr'>illas</span> <span class='ocrx_word' id='word_1_240' title='bbox 1245 2326 1456 2377; x_wconf 77' lang='lat' dir='ltr'>aviculas,</span> 
     </span>
     <span class='ocr_line' id='line_1_31' title="bbox 73 2389 1459 2455; baseline 0.003 -19"><span class='ocrx_word' id='word_1_241' title='bbox 73 2401 116 2436; x_wconf 86' lang='lat' dir='ltr'>et</span> <span class='ocrx_word' id='word_1_242' title='bbox 137 2390 418 2449; x_wconf 81' lang='lat' dir='ltr'>similaginem</span> <span class='ocrx_word' id='word_1_243' title='bbox 448 2389 606 2434; x_wconf 83' lang='lat' dir='ltr'>licebat</span> <span class='ocrx_word' id='word_1_244' title='bbox 640 2391 787 2435; x_wconf 80' lang='lat' dir='ltr'>offerri</span> <span class='ocrx_word' id='word_1_245' title='bbox 808 2396 840 2435; x_wconf 68' lang='lat'>⁴³.</span> <span class='ocrx_word' id='word_1_246' title='bbox 876 2393 965 2437; x_wconf 89' lang='lat' dir='ltr'>Nisi</span> <span class='ocrx_word' id='word_1_247' title='bbox 987 2393 1100 2437; x_wconf 83' lang='lat' dir='ltr'>forte</span> <span class='ocrx_word' id='word_1_248' title='bbox 1123 2394 1218 2455; x_wconf 84' lang='lat' dir='ltr'>quis</span> <span class='ocrx_word' id='word_1_249' title='bbox 1241 2394 1354 2439; x_wconf 86' lang='lat' dir='ltr'>dicat</span> <span class='ocrx_word' id='word_1_250' title='bbox 1376 2396 1459 2440; x_wconf 85' lang='lat' dir='ltr'>hoc</span> 
     </span>
     <span class='ocr_line' id='line_1_32' title="bbox 75 2462 1459 2525; baseline 0.002 -19"><span class='ocrx_word' id='word_1_251' title='bbox 75 2462 261 2507; x_wconf 81' lang='lat' dir='ltr'>discerni</span> <span class='ocrx_word' id='word_1_252' title='bbox 287 2462 367 2506; x_wconf 81' lang='lat' dir='ltr'>ista</span> <span class='ocrx_word' id='word_1_253' title='bbox 397 2471 574 2521; x_wconf 77' lang='lat' dir='ltr'>excepta</span> <span class='ocrx_word' id='word_1_254' title='bbox 604 2472 648 2505; x_wconf 92' lang='lat' dir='ltr'>et</span> <span class='ocrx_word' id='word_1_255' title='bbox 680 2464 939 2507; x_wconf 87' lang='lat' dir='ltr'>nominatim</span> <span class='ocrx_word' id='word_1_256' title='bbox 969 2480 1166 2525; x_wconf 78' lang='lat' dir='ltr'>expressa</span> <span class='ocrx_word' id='word_1_257' title='bbox 1201 2477 1377 2525; x_wconf 75' lang='lat' dir='ltr'>peccata</span> <span class='ocrx_word' id='word_1_258' title='bbox 1404 2468 1459 2511; x_wconf 78' lang='lat' dir='ltr'>ab</span> 
     </span>
     <span class='ocr_line' id='line_1_33' title="bbox 76 2531 1458 2596; baseline 0.003 -19"><span class='ocrx_word' id='word_1_259' title='bbox 76 2532 156 2578; x_wconf 77' lang='lat' dir='ltr'>illis</span> <span class='ocrx_word' id='word_1_260' title='bbox 174 2549 272 2593; x_wconf 78' lang='lat' dir='ltr'>quae</span> <span class='ocrx_word' id='word_1_261' title='bbox 296 2531 552 2591; x_wconf 79' lang='lat' dir='ltr'>generaliter</span> <span class='ocrx_word' id='word_1_262' title='bbox 580 2543 916 2579; x_wconf 83' lang='lat' dir='ltr'>commemorata</span> <span class='ocrx_word' id='word_1_263' title='bbox 938 2545 1062 2590; x_wconf 78' lang='lat' dir='ltr'>sunt,</span> <span class='ocrx_word' id='word_1_264' title='bbox 1089 2537 1190 2596; x_wconf 82' lang='lat' dir='ltr'>quia</span> <span class='ocrx_word' id='word_1_265' title='bbox 1209 2537 1278 2581; x_wconf 80' lang='lat' dir='ltr'>hic</span> <span class='ocrx_word' id='word_1_266' title='bbox 1302 2553 1458 2596; x_wconf 79' lang='lat' dir='ltr'>agnam</span> 
     </span>
    </p>

    <p class='ocr_par' dir='ltr' id='par_1_5' title="bbox 126 2627 748 2671">
     <span class='ocr_line' id='line_1_34' title="bbox 126 2627 748 2671; baseline -0.005 -8"><span class='ocrx_word' id='word_1_267' title='bbox 126 2637 133 2653; x_wconf 90' lang='lat'><strong>¹</strong></span> <span class='ocrx_word' id='word_1_268' title='bbox 156 2631 235 2663; x_wconf 88' lang='lat' dir='ltr'>Lev.</span> <span class='ocrx_word' id='word_1_269' title='bbox 254 2639 287 2670; x_wconf 86' lang='lat' dir='ltr'>v,</span> <span class='ocrx_word' id='word_1_270' title='bbox 305 2639 334 2671; x_wconf 71' lang='grc' dir='ltr'>ς.</span> <span class='ocrx_word' id='word_1_271' title='bbox 358 2647 396 2651; x_wconf 93' lang='lat'>——</span> <span class='ocrx_word' id='word_1_272' title='bbox 423 2628 626 2670; x_wconf 68' lang='lat' dir='ltr'>21‹1.1v‚28</span> <span class='ocrx_word' id='word_1_273' title='bbox 643 2632 676 2660; x_wconf 85' lang='lat' dir='ltr'>et</span> <span class='ocrx_word' id='word_1_274' title='bbox 694 2627 748 2660; x_wconf 82' lang='lat'>32.</span> 
     </span>
    </p>

    <p class='ocr_par' dir='ltr' id='par_1_6' title="bbox 295 2690 1277 2728">
     <span class='ocr_line' id='line_1_35' title="bbox 295 2690 1277 2728; baseline 0.004 -4"><span class='ocrx_word' id='word_1_275' title='bbox 295 2694 417 2724; x_wconf 72' lang='lat' dir='ltr'>exui.</span> <span class='ocrx_word' id='word_1_276' title='bbox 1227 2690 1277 2728; x_wconf 62' lang='lat'>⁵23</span> 
     </span>
    </p>
   </div>
  </div>
 </body>
</html>
