1872 3267
385 236 650 274 QUAESTIONES
683 239 726 266 IN
760 239 987 278 NUMEROS,
1024 242 1105 268 Lm.
1142 242 1201 269 lv.
1404 229 1486 270 453

99 302 305 362 primitivi
328 303 580 347 animalium
601 303 753 359 foetus,
781 305 909 348 ctiam
932 306 1160 350 hominum
1187 324 1196 351 :
1218 313 1487 360 πρωταγενῆματα

99 389 217 428 vcro,
244 374 370 433 primi
394 374 560 418 fructus
579 374 633 418 de
657 383 769 419 terra
793 376 971 435 sumpti,
994 375 1063 421 vel
1081 376 1136 421 de
1152 376 1320 431 arbore,
1344 375 1415 420 vel
1433 374 1489 420 de

98 445 185 488 vite
206 464 214 489 z
233 445 433 504 primitiae
446 454 591 489 autem
604 443 658 489 de
673 444 890 490 fructibus
907 447 1101 507 quidem,
1118 446 1192 492 sed
1202 448 1292 508 jam
1307 446 1490 491 redactis

99 516 153 560 ab
175 532 299 575 agro:
321 517 432 561 sicut
450 516 503 561 de
525 532 683 573 massa,
701 516 755 562 de
778 517 899 574 lacu,
917 519 971 564 de
990 518 1134 575 dolio,
1158 519 1213 563 de
1235 534 1363 582 cupa,
1388 533 1489 581 quae

98 588 298 648 primitus
315 588 616 633 sumebantur.

590 687 826 737 QUAESTIO
857 690 1034 729 xxxm.

160 792 194 833 Ῑ.
222 792 285 833 DE
303 790 491 849 juvenca
515 789 611 834 rufa
625 825 635 845 ,
667 791 789 851 cujus
808 791 997 835 cinerem
1019 790 1074 835 ad
1095 805 1254 852 aquam
1279 791 1492 851 aspersio-

100 860 188 915 nis,
224 875 464 920 corumque
496 859 829 905 mundationem
868 861 945 922 qui
977 871 1203 906 mortuum
1240 862 1487 921 tetigerint,

99 932 308 992 proficere
338 935 424 976 Lex
447 931 692 988 mandavit,
718 948 799 977 nec
814 943 955 978 tacere
969 934 1287 993 permittimur,
1312 933 1493 978 eviden-

103 1004 312 1048 tissimum
326 1004 440 1047 enim
454 1003 627 1062 signum
644 1004 688 1047 in
702 1020 750 1048 ea
763 1005 874 1050 Novi
890 1006 1151 1049 Testamenti
1162 1005 1492 1065 praefiguratur:

101 1091 179 1119 1100
202 1075 301 1119 satis
324 1074 454 1133 digne
476 1076 728 1120 festinantes
751 1076 896 1121 dicere
915 1076 970 1120 de
988 1086 1110 1121 tanto
1123 1086 1393 1122 sacramento
1415 1092 1494 1121 va·-

103 1147 253 1190 lemus.
280 1146 426 1191 Primo
442 1147 557 1190 enim
580 1146 701 1207 quod
721 1147 781 1191 ita
804 1147 939 1207 coepit
961 1148 1016 1191 de
1037 1148 1119 1192 hac
1141 1163 1186 1191 re
1208 1147 1328 1208 loqui
1351 1147 1496 1207 Scrip-

104 1226 212 1272 tura,
225 1232 355 1277 quem
367 1233 456 1261 non
467 1227 654 1272 moveat,
667 1226 709 1261 et
720 1217 1056 1262 intentissimum
1068 1218 1197 1262 faciat
1208 1218 1253 1262 in
1262 1217 1497 1262 altitudine

101 1288 384 1332 sacramenti?
412 1308 430 1329 κ
455 1291 514 1332 Et
529 1287 703 1332 locutus
723 1297 802 1343 est,
826 1288 986 1349 inquit,
1008 1288 1218 1333 Dominus
1241 1288 1297 1333 ad
1312 1291 1495 1347 Moysen

104 1378 124 1401 »
151 1369 194 1404 et
221 1363 395 1415 Aaron,
433 1359 580 1404 dicens
611 1379 619 1405 ε
658 1363 743 1404 Ista
773 1359 993 1405 distinctio
1026 1361 1175 1419 Legis,
1215 1375 1497 1421 quecumque

104 1449 124 1472 »
150 1431 377 1475 constituit
398 1431 610 1475 Dominus
624 1433 653 1475 ¹.
683 1449 703 1472 »
726 1430 885 1475 Procul
908 1430 1045 1476 dubio
1067 1447 1157 1476 non
1175 1440 1239 1475 est
1256 1430 1494 1486 distinctio,

101 1503 179 1546 nisi
207 1503 318 1545 inter
336 1501 481 1562 aliqua
503 1501 614 1557 duo,
645 1501 715 1546 vel
736 1501 863 1561 plura
885 1521 894 1546 :
920 1517 1022 1546 nam
1058 1502 1378 1547 distinctionem
1408 1502 1499 1546 sin-

102 1572 306 1630 gularitas
338 1588 427 1616 non
451 1572 661 1632 requirit,
698 1587 778 1616 nec
812 1572 1137 1617 distinctionem
1171 1572 1405 1633 cujuslibet
1439 1574 1502 1619 rei

101 1645 474 1699 commemoravit,
500 1642 575 1687 sed
600 1644 769 1688 addidit
795 1663 815 1687 «
842 1644 965 1702 Legis
993 1664 1001 1689 :
1032 1663 1051 1685 »
1077 1659 1156 1689 nec
1180 1646 1499 1705 cujuscumque

104 1715 233 1774 legis:
261 1715 430 1759 assidue
453 1715 616 1775 quippe
647 1715 692 1758 in
717 1715 938 1775 Scriptura
971 1715 1132 1760 dicitur
1154 1715 1208 1759 de
1230 1732 1498 1777 unaquaque

105 1801 170 1840 re,
206 1785 259 1829 ‹le
282 1802 367 1846 qua
410 1785 600 1843 legitime
638 1785 891 1845 praecipitur
919 1806 926 1831 ε
965 1789 1068 1831 Haec
1093 1795 1157 1831 est
1189 1785 1259 1831 lex
1286 1785 1400 1831 illius
1429 1787 1496 1831 vel

107 1856 218 1901 illius
241 1857 329 1913 rei3
355 1872 445 1901 11011
469 1856 721 1901 universalis
751 1860 839 1900 Lex
856 1892 866 1912 ,
894 1872 995 1917 quae
1017 1857 1214 1902 continet
1232 1858 1377 1901 omnia
1399 1874 1500 1918 quae

105 1927 294 1985 legitime
317 1928 634 1986 praecipiuntur
657 1947 664 1972 :
686 1927 756 1971 1110
775 1942 877 1971 vero
900 1943 1000 1971 011111
1027 1927 1203 1972 dixisset
1229 1948 1237 1972 ;
1268 1947 1288 1970 «
1310 1930 1413 1972 Haec
1437 1939 1500 1973 est

111 1998 368 2042 »distinctio
402 1998 562 2056 Legis;
601 2017 619 2039 »
653 2007 825 2042 secutus
865 1998 1066 2058 adjunxit
1088 2035 1098 2053 ,
1142 2019 1161 2040 «
1197 2001 1498 2060 Quaecumquc

111 2088 128 2110 n
155 2069 381 2113 constituit
403 2069 656 2124 Dominus,»
676 2069 971 2129 praecipiendo
994 2070 1164 2130 utique,
1183 2086 1273 2114 non
1288 2070 1494 2115 creando.

108 2144 214 2186 Nam
238 2142 367 2185 etiam
390 2139 592 2185 nonnulli
610 2140 888 2200 interpretes,
919 2161 938 2182 «
963 2144 1268 2202 Quaecumque
1290 2142 1496 2202 praecepit

114 2231 131 2253 »
150 2213 376 2267 Dominus,
386 2232 404 2252 n
421 2210 752 2256 transtulerunt.
768 2212 810 2256 Si
824 2228 926 2271 ergo
940 2213 1034 2257 haec
1049 2222 1113 2257 est
1125 2211 1345 2257 distinctio
1359 2213 1498 2269 Legis,

114 2302 133 2324 «
156 2285 455 2342 Quaecumque
483 2282 688 2341 praecepit
713 2283 946 2340 Dominus3
965 2302 984 2324 >›
1007 2282 1163 2343 procul
1187 2282 1324 2326 dubio
1341 2297 1500 2341 magna

124 2362 188 2396 est
206 2353 285 2398 ista
303 2352 521 2397 distinctio
546 2373 554 2398 :
584 2362 627 2397 et
666 2362 781 2398 recte
811 2353 1069 2413 intelligitur
1101 2352 1190 2398 duo
1227 2345 1502 2398 Testamenta

111 2423 391 2482 distinguere.
418 2423 582 2468 Eadem
614 2424 778 2484 quippe
809 2434 911 2468 sunt
932 2425 979 2469 in
1000 2427 1157 2469 Vetere
1189 2433 1233 2468 et
1259 2426 1412 2481 Novo3
1440 2423 1503 2467 ibi

113 2494 387 2548 obumbrata,
408 2494 478 2538 1110
501 2493 712 2551 revelata,
728 2494 788 2538 ibi
806 2495 1098 2555 praefigurata,
1118 2495 1190 2540 hic
1206 2495 1497 2540 manifestata.

161 2595 169 2611 ¹
190 2590 283 2622 Num.
301 2600 367 2630 xix,
391 2601 420 2631 1,
439 2598 471 2621 ⁴2.
