1872 3267
363 312 449 352 270
793 320 829 350 s.
864 321 1095 353 mensum
1126 324 1309 353 EPISCOPI

359 404 451 434 non
486 387 670 448 impedit
701 387 893 433 historiae
920 389 1075 447 fidem‚
1109 391 1156 435 in
1185 406 1273 451 qua
1304 390 1560 450 perspicitur
1592 391 1748 436 veritas
1811 435 1816 439 .

359 459 631 505 narrationis.
661 460 782 505 Sicut
803 476 883 505 nec
901 462 1276 522 Evangelistarum
1297 462 1485 507 narratio
1505 462 1747 507 secundum

358 531 669 591 proprietatem
691 529 950 591 impeditur,
975 532 1009 577 si
1032 532 1198 594 aliquid
1219 548 1243 577 a
1260 532 1432 578 Christo
1451 531 1612 578 dicitur
1629 533 1746 591 figu—

358 611 464 647 rate.

850 712 1085 761 QUAESTIO
1116 712 1250 753 xclv.

419 833 440 857 «
464 817 508 860 Sl
531 813 721 859 servieris
746 813 826 857 diis
859 829 1034 870 eorum,
1067 825 1196 860 erunt
1223 815 1304 860 tibi
1332 814 1691 860 offendiculum&
1721 832 1744 855 u

360 886 441 931 Hic
462 901 626 944 graecus
647 891 814 936 δουλεῡσῃς
835 885 990 941 habet,
1016 901 1105 930 non
1122 894 1305 939 λατρεύσῃς.
1327 885 1451 931 Unde
1469 886 1742 946 intelligitur,

358 957 461 1017 quia
482 965 526 1000 et
545 963 670 997 λουλείοι
691 955 879 1000 debetur
912 959 1002 1000 Deo
1024 965 1232 1017 tanquam
1263 957 1469 1012 Domino,
1493 963 1624 1009 λατρεία
1644 972 1747 1002 vero

358 1027 532 1073 nonnisi
554 1030 645 1071 Deo
668 1035 879 1087 tanquam
900 1029 1007 1072 Deo.

855 1137 1092 1186 QUAEsrlo
1125 1138 1242 1178 xcv.

424 1261 444 1284 «
470 1244 533 1285 ΕΤ
554 1239 694 1297 Moysi
715 1238 824 1283 dixit
846 1258 854 1283 ;
880 1238 1075 1283 Ascende
1091 1240 1147 1283 ad
1166 1239 1400 1284 Dominum
1418 1248 1489 1295 tn,
1514 1247 1558 1283 et
1576 1242 1718 1284 Aaron
1731 1275 1743 1296 ‚

366 1331 386 1354 η
422 1321 466 1356 et
485 1310 638 1356 Nadab
654 1345 665 1365 ,
692 1318 735 1353 et
761 1309 934 1363 Abiud‚
970 1318 1014 1353 et
1039 1309 1313 1368 septuaginta
1339 1310 1557 1354 seniorum
1588 1310 1743 1355 Israel:

366 1401 387 1425 »
422 1391 466 1427 et
494 1380 741 1425 adorabunt
775 1396 797 1424 a
824 1379 954 1438 longe
986 1379 1253 1436 Dominum3
1285 1389 1329 1423 et
1363 1380 1540 1424 accedet
1575 1383 1748 1438 Moyses

365 1473 386 1495 »
421 1451 537 1497 solus
564 1449 618 1496 ad
636 1451 872 1495 Dominum
888 1485 899 1505 7
924 1450 1004 1509 ipsi
1025 1459 1170 1493 autem
1193 1465 1282 1494 non
1306 1449 1510 1494 accedent
1530 1469 1538 1495 z
1557 1449 1748 1510 populus

366 1543 386 1567 »
422 1533 567 1568 autem
590 1538 681 1567 non
702 1520 905 1566 ascendet
931 1535 1032 1565 cum
1056 1519 1157 1564 illis.
1189 1520 1360 1564 Introiit
1379 1529 1525 1563 autem
1547 1523 1744 1579 Moyses,

365 1613 387 1637 »
420 1603 466 1639 et
486 1593 675 1638 narravit
709 1590 874 1651 populo
901 1590 1047 1635 omnia
1068 1587 1200 1634 verba
1237 1589 1315 1634 Dei
1338 1599 1381 1633 et
1401 1590 1743 1650 justificationes.

365 1685 386 1708 »
422 1664 664 1724 Respondit
696 1672 841 1707 autem
873 1662 1013 1706 omnis
1048 1660 1235 1721 populus
1269 1675 1378 1705 voce
1408 1676 1496 1704 una
1524 1660 1743 1707 dicentes:
1808 1659 1815 1674 ”

366 1756 387 1779 ))
421 1736 578 1781 Omnia
606 1734 763 1789 verba,
792 1749 892 1793 quae
919 1732 1092 1778 locutus
1122 1741 1186 1777 est
1208 1732 1418 1777 Dominus
1435 1768 1445 1787 ‚
1471 1732 1677 1777 faciemus
1704 1743 1749 1778 et
1806 1735 1808 1760 ³
1845 1753 1846 1758 ¹

367 1825 387 1850 >›
423 1806 697 1851 audiemus2.
721 1824 740 1846 »
767 1806 913 1864 Usque
935 1802 990 1847 ad
1012 1804 1129 1847 hunc
1160 1802 1304 1847 locum
1331 1803 1562 1863 Scripturae
1583 1804 1746 1863 justifi-
1804 1823 1806 1845 s

364 1878 554 1923 cationes
570 1874 874 1933 intelliguntur
896 1890 995 1934 quae
1018 1872 1132 1917 datae
1150 1882 1252 1917 sunt
1264 1873 1428 1932 populo
1443 1872 1495 1918 ad
1512 1874 1746 1918 observan-

363 1949 486 1993 dum.
516 1947 738 2006 Incipiunt
760 1954 906 1989 autem
924 1953 1139 2000 quantum
1161 1942 1252 2000 ipsa
1273 1941 1406 1985 verba
1426 1942 1659 2001 Scripturae
1676 1943 1746 1988 in-

364 2018 512 2062 dicant
530 2049 540 2068 ,
565 2011 684 2057 unde
705 2013 788 2056 hoc
806 2026 967 2055 nomen
978 2011 1337 2071 justificationum
1358 2027 1556 2056 exorsum
1578 2021 1668 2068 est,
1694 2014 1748 2057 ab
1801 2011 1807 2017 ”

363 2087 439 2133 illo
472 2100 594 2130 servo
625 2082 801 2127 hebraeo
835 2081 907 2126 cui
936 2081 1048 2125 auris
1076 2082 1132 2126 ad
1165 2091 1331 2142 postem
1364 2082 1656 2143 pertunditur.
1696 2087 1747 2128 In
1798 2100 1802 2138 ,⁶

363 2157 524 2220 quibus
546 2154 750 2199 omnibus
761 2151 1141 2213 justificationibus
1163 2153 1527 2198 considerandum
1550 2164 1628 2209 est,
1649 2171 1748 2215 quae
1798 2144 1800 2192 ἶ

362 2228 465 2273 inde
488 2225 543 2271 ad
570 2223 781 2284 agendam
807 2223 941 2268 vitam
963 2231 1005 2267 et
1028 2239 1199 2268 morum
1220 2225 1436 2269 bonorum
1457 2225 1748 2269 conservatio-

363 2313 464 2344 nem
497 2295 596 2340 duci
629 2294 807 2353 possint.
845 2291 983 2338 Multa
1016 2293 1177 2353 quippe
1204 2294 1250 2337 in
1278 2295 1336 2339 eis
1358 2304 1461 2339 sunt
1481 2304 1746 2339 sacramenta

362 2366 647 2428 significantia
663 2364 807 2425 potius
825 2362 1005 2424 aliquid,
1026 2379 1159 2424 quam
1173 2365 1305 2409 vitam
1322 2375 1512 2410 nostram
1529 2366 1747 2410 instruen-

1794 2330 1797 2343 ,
1837 2295 1866 2349 iod

1838 2380 1839 2384 ¹
1848 2365 1869 2427 inq

298 2449 299 2452 ’
363 2441 437 2485 tia.
463 2442 486 2483 J
491 2436 795 2482 ustificationes
811 2450 911 2479 sane
927 2433 1050 2478 latini
1066 2434 1322 2495 interpretes
1337 2431 1407 2481 eas
1421 2450 1510 2481 esse
1521 2435 1742 2494 dixerunt,
1791 2432 1794 2492 fi
1835 2433 1870 2481 saluta

362 2525 462 2571 quse
485 2507 612 2568 graeci
630 2510 829 2558 δικαιώματα
851 2504 1086 2565 appellant.

410 2613 420 2630 ¹
439 2605 537 2638 Exod.
558 2615 647 2647 xxiii,
665 2603 718 2635 33,
739 2619 781 2625 —-
799 2610 811 2625 ²
830 2602 875 2634 ld.
894 2612 980 2644 xxiv,
1004 2601 1069 2634 1-3.

1836 2501 1846 2545 i?
1851 2524 1872 2567 qui

1790 2581 1791 2594 ι

1788 2613 1791 2635 ι’
1843 2606 1870 2639 *ilat

1834 2662 1853 2696 'er
