1872 3267
428 227 696 264 Qumsnonsss
730 227 773 253 m
806 226 995 263 JUIMCES,
1031 228 1113 253 Lm.
1152 228 1227 253 vii.
1441 216 1525 253 609

132 301 260 352 gente
299 291 431 337 lsrael
455 292 585 336 etiam
612 291 675 335 illi
703 292 792 335 nati
820 300 941 335 erant
961 292 1205 336 sacerdotes
1232 300 1275 335 et
1305 291 1456 336 scribae
1484 301 1528 335 et

132 362 365 423 pharisaei,
401 378 510 423 quos
545 362 591 406 in
621 361 680 405 eis
712 360 898 405 diximus
931 360 1061 406 fuisse
1096 362 1416 421 praefiguratos,
1452 361 1528 422 qui

132 434 291 492 Jephte
307 468 318 488 ‚
347 441 554 493 tanquam
576 431 645 474 isti
667 431 906 475 Dominum
923 432 1144 476 Christum
1160 466 1170 486 ,
1194 430 1330 476 veluti
1352 447 1441 476 non
1464 431 1530 475 le-

134 503 335 562 gitimum
358 502 498 546 filium
514 501 728 561 persecuti
746 501 1033 561 expulerunt?
1057 501 1141 546 Sed
1161 501 1206 545 in
1224 517 1275 547 eo
1292 501 1530 546 similitudo

133 573 392 619 adumbrata
422 581 510 628 est,
541 571 662 632 quod
690 571 780 627 isti,
801 581 850 616 ut
877 571 990 627 dixi,
1011 571 1148 617 veluti
1179 572 1303 631 Legis
1326 573 1530 617 observa-

137 653 249 690 tores
275 659 378 689 eum
406 644 484 705 qui
509 652 663 688 contra
695 651 913 703 praecepta
946 643 1071 702 Legis
1105 642 1247 688 facere
1274 643 1529 697 videbatur,

137 724 346 776 tanquam
357 713 541 774 legitimi
555 729 644 759 non
659 713 919 772 legitimum,
933 715 1032 774 jure
1043 713 1126 758 sibi
1138 713 1216 758 visi
1229 722 1330 758 sunt
1346 714 1531 774 ejecisse.

139 785 389 833 Secundum
420 786 504 831 hoc
534 785 651 830 enim
674 784 797 845 plebs
831 784 905 829 illa
935 784 1050 830 dicta
1077 794 1142 830 est
1168 784 1393 841 fornicari,
1415 784 1536 846 quod

137 859 263 919 Legis
286 867 503 919 praecepta
526 872 616 903 non
634 872 831 913 servans,
857 866 1067 918 tanquam
1088 857 1181 902 viro
1199 873 1290 903 non
1303 857 1537 902 exhibebat

138 929 286 975 fidem.

198 1003 343 1045 XVII.
368 1000 435 1046 Sic
453 1008 600 1044 autem
618 1000 828 1059 scriptum
841 1008 904 1043 est
921 998 976 1044 de
994 1000 1168 1060 Jephte,
1191 1018 1211 1042 «
1231 1002 1288 1045 Et
1305 1009 1537 1045 creverunt

142 1090 162 1113 »
187 1071 265 1116 filii
287 1071 454 1127 uxoris,
480 1080 523 1116 et
545 1073 767 1132 ejecerunt
785 1072 942 1131 Jephte
960 1073 989 1115 ¹.
1020 1091 1038 1111 »
1065 1071 1261 1115 Verbum
1285 1072 1536 1132 quodposi-

140 1151 234 1187 tum
253 1152 332 1198 est,
364 1162 383 1184 «
409 1152 657 1197 creverunt,
677 1160 697 1183 »
717 1141 930 1200 significat
947 1142 991 1185 in
1006 1142 1160 1200 figura,
1180 1143 1507 1202 praevaluerunt
1525 1162 1534 1187 ε

138 1213 259 1275 quod
277 1214 322 1257 in
335 1217 358 1257 J
364 1212 498 1258 udaeis
516 1213 746 1272 impletum
760 1222 838 1268 est,
857 1213 934 1273 qui
949 1212 1278 1273 praevaluerunt
1296 1214 1537 1258 infirmitati

139 1284 320 1340 Christi,
345 1285 447 1345 quia
465 1284 524 1328 ita
546 1284 707 1337 voluit,
738 1293 788 1326 ut
811 1283 865 1327 ab
891 1284 949 1326 eis
974 1299 1073 1343 quae
1097 1284 1326 1343 oportebat
1344 1285 1540 1343 passione

139 1354 375 1416 perferret,
397 1356 508 1399 sicut
529 1355 613 1399 hoc
635 1353 750 1398 idem
771 1353 1018 1413 significans
1041 1354 1177 1399 Jacob
1201 1354 1430 1414 praevaluit
1447 1360 1539 1400 An-

140 1425 259 1485 gelo‚
285 1441 387 1471 cum
409 1441 498 1486 quo
520 1424 771 1484 utidipsum
790 1423 1073 1484 portenderet
1086 1424 1337 1470 luctabatur
1352 1430 1384 1470 2.
1412 1427 1539 1471 Dixe-

139 1507 244 1542 runt
260 1513 364 1556 ergo
387 1496 442 1540 ad
470 1496 650 1556 Jephte,
681 1514 700 1537 «
731 1498 828 1540 Non
853 1494 1131 1540 haereditabis
1162 1496 1209 1540 in
1237 1495 1369 1542 domo
1404 1499 1537 1558 patris

142 1586 162 1609 »
189 1568 351 1623 nostri,
385 1567 593 1628 quoniam
614 1566 729 1610 filius
755 1565 948 1611 mulieris
977 1566 1222 1611 fornicariae
1250 1570 1341 1612 tu3.
1378 1587 1397 1609 »
1422 1572 1538 1614 Tan-

138 1654 271 1699 quam
293 1638 489 1683 dicerent
511 1637 631 1698 quod
653 1636 944 1696 Evangelium
967 1636 1163 1698 loquitur
1184 1658 1191 1682 :
1223 1657 1242 1680 «
1262 1641 1361 1684 Non
1374 1649 1438 1684 est
1458 1640 1538 1685 istc

143 1730 162 1752 »
188 1711 321 1755 homo
345 1727 368 1754 a
389 1714 479 1754 Deo
503 1710 579 1768 qui
601 1709 659 1751 sic
680 1708 807 1752 solvit
825 1709 1055 1752 sabbatum
1070 1710 1101 1752 4.
1126 1728 1147 1751 »
1177 1713 1230 1754 Se
1248 1720 1396 1755 autem
1417 1712 1540 1757 velut

135 1783 346 1843 jactantes
362 1779 579 1839 legitimos
602 1777 713 1823 filios
736 1778 924 1823 Domino
937 1778 1166 1824 dixerunt:
1188 1783 1299 1826 «Nos
1322 1797 1373 1825 ex
1396 1781 1536 1827 forni—

144 1871 164 1894 »
186 1853 355 1897 catione
369 1866 459 1895 non
475 1865 624 1894 sumus
637 1849 743 1905 nati,
758 1865 897 1893 unum
910 1859 1079 1909 patrem
1092 1850 1304 1896 habemus
1328 1855 1502 1898 Deum'o.
1513 1873 1533 1895 »

148 1942 167 1963 «
193 1926 249 1966 Et
267 1920 380 1979 fugit
402 1921 559 1980 Jephte
574 1936 598 1964 a
619 1918 729 1964 facie
753 1918 937 1964 fratrum
959 1936 1138 1964 suorum
1155 1956 1165 1976 ,
1192 1931 1235 1966 et
1256 1923 1470 1969 habitavit
1491 1925 1537 1969 in

145 2013 164 2035 »
194 2002 304 2037 terra
319 1991 427 2037 Tob.
450 2010 469 2032 »
490 1990 635 2049 Fugit,
657 1990 865 2051 quoniam
883 2006 927 2035 se
938 2001 1129 2052 quantus
1147 2002 1257 2037 esset
1278 1994 1506 2040 abscondit
1525 2015 1535 2041 ι

142 2065 301 2123 Fugit,
337 2062 546 2124 quoniam
577 2077 648 2106 eos
679 2061 904 2105 saevientes
933 2061 1091 2107 latuit:
1120 2082 1139 2104 «
1168 2064 1348 2108 sienim
1370 2082 1535 2125 cogno-

145 2154 165 2176 »
190 2135 369 2189 vissent,
411 2148 640 2193 nunquam
668 2132 905 2176 Dominum
939 2132 1086 2190 gloriae
1126 2135 1436 2181 crucifixissent
1451 2139 1482 2181 0.
1512 2157 1532 2180 »

144 2205 276 2264 Fugit
293 2239 304 2259 ,
332 2203 538 2264 quoniam
561 2202 786 2247 morientis
815 2203 1112 2247 infirmitatem
1142 2203 1368 2261 viderunt,
1396 2208 1536 2253 virtu-

144 2285 233 2320 tem
257 2284 403 2319 autem
434 2273 695 2332 resurgentis
717 2288 807 2317 non
828 2273 1048 2317 viderunt.
1076 2274 1298 2320 Habitavit
1320 2286 1467 2322 autem
1490 2280 1537 2324 in

144 2355 258 2391 terra
279 2346 414 2400 bona,
434 2344 505 2389 vel
528 2353 578 2388 ut
595 2343 832 2404 expressius
846 2342 1054 2399 dicamus,
1077 2345 1237 2403 opima.
1267 2347 1397 2399 Quod
1419 2350 1548 2397 enim<

146 2432 286 2476 graece
314 2424 427 2471 ἀγαθὸν
454 2415 539 2460 hoc
571 2413 705 2459 latine
728 2414 924 2474 opimum
952 2413 1110 2458 dicitur
1132 2435 1142 2472 3
1164 2414 1209 2459 id
1234 2426 1380 2462 autem
1402 2418 1534 2464 inter-

193 2521 200 2536 ¹
222 2514 328 2546 Judic.
357 2525 400 2555 xi,
427 2522 459 2545 2.
486 2531 527 2536 —
558 2520 570 2535 2
591 2513 672 2546 Gen.
699 2510 865 2554 xxxn,24.
888 2528 925 2534 —
951 2509 1085 2544 3Judic.
1108 2524 1129 2555 1,
1155 2521 1185 2546 2.
1203 2529 1245 2536 —-—
1263 2512 1383 2548 noan.
1409 2528 1453 2559 ix,
1479 2520 1528 2551 16.

145 2587 185 2592 —
212 2568 225 2592 5
243 2570 346 2601 Judic.
370 2581 412 2610 xi,
429 2569 460 2600 3.
487 2586 525 2591 —
544 2566 559 2590 0
585 2574 593 2591 ¹
613 2569 684 2600 Cor.
706 2578 740 2608 ιι,
763 2567 794 2599 8.

361 2634 483 2662 exin.
1296 2628 1345 2663 39
