1872 3267
302 231 568 271 QUAESTIONES
600 234 645 260 ιΝ
677 233 1080 271 DEUTERONOMIUM,
1117 233 1200 259 Lm.
1237 232 1279 258 v.
1396 215 1480 256 487

94 300 303 345 continuo
325 298 563 344 similitudo
581 319 591 356 3
614 298 811 359 quamvis
833 313 923 343 non
944 298 1021 343 ubi
1045 295 1284 343 similitudo
1300 331 1311 352 ,
1336 294 1482 341 conti-

96 387 185 417 nuo
202 373 360 430 imago.

595 480 835 530 QUAESTIO
867 481 971 521 viu.

151 587 441 638 Quffinmnum
473 582 697 644 quomodo
728 582 896 627 dictum
919 584 973 627 sit
1001 601 1010 627 ε
1045 600 1066 624 «
1094 583 1365 640 Interrogate
1393 578 1485 625 dies

95 670 116 697 »-
150 655 341 715 priores,
387 655 463 715 qui
500 653 680 698 fuerunt
711 655 873 714 priores
909 661 979 710 te,
1017 669 1070 697 ex
1103 652 1175 697 die
1202 666 1290 713 qua
1327 650 1487 696 creavit

94 745 115 767 »
149 729 263 770 Deus
284 726 508 771 hominem
530 741 660 785 super
690 735 870 781 terram,
903 735 945 770 et
974 740 997 769 a
1028 739 1199 770 summo
1222 721 1322 768 coeli
1343 737 1485 784 usque

95 816 115 839 η
151 797 206 842 ad
241 813 462 842 summum
505 797 647 842 coeli¹.
677 817 696 839 »
738 797 1009 843 Subauditur
1030 796 1169 852 enim,
1202 796 1480 854 interrogate.

92 868 277 913 Videtur
309 878 454 913 autem
484 868 723 926 significare
764 877 906 912 totum
944 867 1097 912 orbem
1131 876 1361 911 terrarum.
1401 863 1485 911 Sed

89 956 168 985 cur
205 942 286 984 «A
318 955 490 984 summo
522 938 624 984 coeli
651 955 792 1001 usque
820 937 876 983 ad
908 954 1131 984 summum
1152 937 1253 983 coeli
1285 956 1305 978 »
1339 936 1482 992 dicat,

91 1027 180 1056 non
202 1027 225 1055 a
248 1027 418 1056 summo
439 1020 563 1055 terrae
584 1027 724 1072 usque
745 1011 801 1056 ad
821 1026 1041 1056 summum
1056 1019 1206 1066 terrae,
1230 1022 1321 1055 non
1339 1017 1403 1053 est
1424 1006 1487 1053 fa-

90 1083 170 1127 cile
213 1082 482 1142 dignoscere.
521 1085 633 1127 Talis
666 1085 781 1127 enim
817 1081 1021 1144 quaedam
1058 1081 1222 1127 locutio
1257 1090 1319 1126 est
1353 1089 1398 1125 et
1440 1081 1485 1125 in

89 1154 345 1213 Evangelio,
360 1170 461 1199 cum
474 1153 580 1198 dicit
595 1153 950 1215 Dominus,quod
961 1153 1348 1213 congregabuntur
1360 1151 1484 1196 electi

89 1225 179 1286 ejus
203 1242 225 1269 a
247 1226 425 1270 summis
453 1225 666 1270 coelorum
690 1241 829 1286 usque
851 1225 907 1270 ad
935 1225 1141 1270 terminos
1175 1227 1369 1269 eorum2.
1396 1223 1485 1269 Nisi

90 1296 201 1342 forte
222 1297 292 1341 hic
320 1313 399 1342 nec
421 1297 467 1340 in
489 1297 762 1352 hominibus,
789 1312 869 1341 nec
898 1297 943 1340 in
967 1295 1143 1355 Angelis
1173 1293 1371 1340 auditum
1394 1306 1485 1339 esse

89 1368 184 1414 vult
214 1368 417 1426 intelligi,
458 1367 579 1428 quod
603 1368 649 1411 in
682 1369 766 1412 hoc
800 1367 967 1427 populo
1003 1365 1166 1411 factum
1206 1364 1484 1425 singulariter

89 1439 368 1484 commendat
395 1458 403 1482 :
429 1440 512 1484 hoc
536 1438 650 1482 enim
674 1438 900 1499 sequitur-5
929 1457 949 1480 «
976 1437 1018 1482 Si
1042 1436 1211 1481 factum
1239 1446 1303 1481 est
1324 1452 1483 1482 secun-

91 1528 112 1551 »
147 1510 253 1554 dum
277 1509 462 1553 verbum
485 1524 695 1568 magnum
724 1509 830 1563 hoc,
859 1509 892 1551 si
914 1507 1115 1552 auditum
1138 1517 1203 1553 est
1222 1507 1309 1553 tale
1339 1506 1448 1569 quid
1471 1527 1479 1552 :

91 1600 112 1623 n
148 1582 180 1625 si
211 1580 377 1625 audivit
405 1596 508 1639 gens
536 1596 688 1624 vocem
720 1580 797 1624 Dei
825 1579 1008 1623 viventis
1034 1578 1254 1640 loquentis
1283 1595 1306 1623 e
1338 1576 1484 1624 medio
1549 1624 1551 1629 ,

90 1670 112 1693 ))
147 1653 278 1711 ignis,
305 1649 679 1712 quemadmodum
697 1650 856 1695 audisti
874 1659 923 1694 tu
939 1686 950 1705 ,
979 1659 1022 1694 et
1043 1650 1231 1695 vixisti³.
1255 1668 1275 1692 n
1302 1650 1433 1704 Quod
1450 1651 1484 1695 si

87 1724 146 1767 ita
167 1731 246 1778 csty
265 1731 314 1766 ut
331 1738 411 1766 nec
434 1723 479 1765 in
498 1722 764 1776 hominibus,
791 1737 871 1766 nec
892 1721 937 1765 in
960 1721 1136 1781 Angelis
1158 1722 1242 1767 hoc
1265 1721 1381 1766 dicat
1403 1738 1484 1766 au-

87 1794 257 1853 ditum·⁷
296 1795 402 1856 quid
436 1805 502 1839 est
529 1810 630 1853 ergo
655 1794 765 1838 illud
801 1795 847 1838 in
875 1793 1114 1853 Evangelio
1145 1812 1153 1838 :
1190 1812 1210 1836 «
1239 1794 1276 1838 A
1305 1793 1483 1839 summis

91 1886 111 1908 »
147 1867 361 1912 coelorum
381 1883 520 1927 usque
539 1867 594 1911 ad
617 1867 824 1912 terminos
840 1881 992 1911 eorum
1007 1867 1022 1892 4
1039 1887 1050 1924 3
1075 1885 1094 1907 »
1117 1880 1216 1910 cum
1236 1865 1328 1910 sine
1345 1864 1484 1911 dubio

88 1939 298 1984 Dominus
320 1940 404 1983 1100
434 1939 517 1994 ait,
551 1954 650 1983 cum
678 1939 733 1982 de
766 1938 995 1983 novissima
1027 1937 1267 1983 electorum
1301 1953 1480 1983 suorum

88 2011 427 2070 congregatione
448 2010 716 2070 loqueretur.

622 2120 858 2170 QUAESTIO
886 2122 952 2160 IX.

149 2227 182 2267 1.
211 2225 327 2276 Qmo
349 2233 413 2267 est
434 2222 556 2283 quod
577 2223 636 2266 ait
657 2242 665 2267 :
696 2242 715 2264 «
739 2223 950 2267 Dominus
971 2222 1086 2268 Deus
1108 2232 1250 2267 vester
1271 2221 1482 2283 disposuit

92 2312 112 2334 »
147 2292 202 2338 ad
229 2308 304 2338 vos
333 2302 640 2338 testamentum
672 2293 718 2336 in
741 2293 915 2338 Choreb
941 2310 949 2334 :
982 2309 1071 2338 non
1098 2292 1296 2353 patribus
1329 2293 1481 2339 vestris

91 2381 112 2405 »
147 2363 359 2425 disposuit
387 2363 598 2409 Dominus
633 2372 939 2408 testamentum
961 2364 1067 2419 hoc,
1094 2363 1171 2408 sed
1193 2362 1249 2408 ad
1278 2377 1379 2420 VOS,
1404 2378 1482 2410 vos

93 2451 113 2475 1)
147 2436 218 2480 hic
240 2452 389 2481 omnes
419 2437 612 2481 viventes
638 2435 769 2480 hodie
786 2471 797 2491 ‚
824 2434 932 2482 facie
957 2435 1013 2481 ad
1035 2434 1191 2481 faciem
1223 2435 1396 2481 locutus
1418 2445 1484 2482 est

137 2537 146 2552 ¹
166 2533 258 2563 Deut.
278 2543 324 2573 iv,
351 2532 403 2562 32.
427 2549 466 2553 —
489 2538 500 2554 ²
521 2530 636 2563 Matth.
658 2541 745 2571 xxiv,
771 2532 822 2563 31.
845 2548 886 2553 -—-
906 2528 919 2553 3
936 2518 1031 2564 Dent.
1053 2543 1098 2571 iv,
1119 2530 1173 2571 32,
1195 2531 1248 2563 33.
1274 2548 1315 2554 —
1333 2530 1349 2561 4
1365 2530 1479 2564 Matth.

91 2596 174 2628 xxiv,
194 2587 246 2617 31.
