1872 3267
406 235 496 276 474
846 248 879 275 s.
915 245 1144 275 Auousnm
1176 246 1359 274 1²:1³1scor1

405 315 451 357 in
477 311 667 372 aliquam
698 320 867 371 partem
897 321 1024 356 terrae
1054 311 1346 372 promissionis
1377 310 1604 366 intraret¹,
1639 313 1790 368 Moyse
1837 336 1839 339 ·

353 425 358 428 .
405 393 551 428 autem
574 382 718 427 adhuc
738 383 911 427 vivente
933 393 1057 442 capta
1079 393 1141 428 est
1162 393 1271 427 terra
1290 383 1642 427 Amorrhaeorum
1659 391 1790 443 atque
1836 409 1837 417 κ
1855 403 1858 426 s

403 469 617 514 possessa,
644 452 719 497 sed
750 452 986 497 Jordanem
1008 469 1108 498 curn
1135 454 1192 497 eis
1214 469 1304 497 non
1327 462 1391 497 est
1411 453 1590 498 transire
1607 453 1790 512 permis-
1842 448 1872 500 ..³¹7¹

405 540 491 568 sus.
505 527 569 568 Ex
583 523 727 584 aliqua
744 524 860 568 enim
875 532 995 583 parte
1011 527 1099 568 Lex
1112 525 1365 568 observatur
1378 524 1424 567 in
1438 523 1524 568 fide
1539 524 1786 570 christiana.
1839 547 1849 565 ,-

406 595 472 639 lbi
501 594 619 638 enim
652 603 755 638 sunt
787 594 917 638 etiam
939 604 1178 654 praecepta,
1204 611 1303 655 quae
1324 594 1543 654 hodieque
1563 594 1792 641 observare
1830 615 1847 639 ¹.

404 664 638 710 Christiani
660 664 884 724 jubemur.
919 663 1216 708 Sacerdotium
1245 680 1349 709 vero
1380 663 1489 708 illud
1516 673 1560 708 et
1589 664 1794 709 sacrificia
1826 657 1828 671 ³

405 733 572 779 nullam
605 745 774 794 partem
807 744 958 779 tenent
984 733 1116 779 hodie
1149 734 1250 779 fidei
1278 734 1544 790 christianae,
1566 734 1646 778 nisi
1672 733 1794 794 quod

405 806 451 849 in
473 805 640 849 umbris
663 803 914 849 futurorum
933 814 1027 849 acta
1046 814 1176 865 atque
1194 815 1407 850 transacta
1425 814 1541 849 sunt.
1561 807 1673 849 Cum
1690 820 1793 849 vero
1840 823 1842 826 ’
1860 806 1868 812 ”

404 875 619 919 ambobus
651 874 882 930 fratribus‚
917 875 964 920 id
1000 885 1084 930 est,
1113 878 1259 920 Aaron
1291 884 1335 920 et
1365 876 1507 932 Moysi
1537 874 1717 930 dieitur,
1744 884 1792 920 ut

403 954 683 1005 apponantur
705 945 761 989 ad
782 944 998 1005 populum
1019 961 1145 991 suum
1159 980 1170 1000 ,
1189 944 1470 992 manifestum
1503 955 1566 990 est
1588 961 1677 992 non
1702 960 1792 989 esse
1838 949 1860 977 Γ

401 1015 449 1059 in
481 1015 578 1060 illos
611 1015 720 1060 iram
742 1016 842 1070 Dei,
863 1031 963 1076 quae
993 1023 1162 1075 separat
1194 1031 1218 1058 a
1245 1030 1351 1074 paee
1383 1024 1544 1060 sanctae
1576 1015 1791 1060 societatis
1824 1038 1826 1041 ·

403 1095 595 1130 aeternae.
621 1085 749 1131 Unde
770 1085 1072 1131 manifestatur
1103 1101 1192 1130 non
1213 1084 1355 1130 solum
1375 1085 1540 1140 officia,
1561 1084 1637 1129 sed
1663 1085 1792 1129 etiam

403 1166 564 1202 mortes
585 1172 738 1202 eorum
770 1157 889 1215 signa
918 1155 1048 1204 fuisse
1076 1156 1345 1211 futurorum,
1364 1171 1454 1201 non
1481 1154 1692 1218 supplicia
1721 1155 1791 1200 in-

403 1227 665 1286 dignationis
687 1228 778 1273 Dei.

938 1324 1174 1374 QUAESTIO
1207 1326 1302 1364 LIV.

466 1446 487 1469 (t
522 1429 586 1471 ET
607 1426 780 1470 locutus
805 1435 867 1470 est
888 1426 1098 1470 Dominus
1121 1425 1176 1469 ad
1203 1429 1406 1484 Moysen,
1432 1425 1605 1470 dicens:
1631 1425 1790 1485 Accipe
1822 1459 1823 1464 ,
1853 1450 1857 1465 2

407 1516 427 1538 »
463 1496 518 1541 ad
548 1506 589 1540 te
616 1497 757 1556 ipsum
785 1499 932 1541 Jesum
963 1495 1103 1541 filium
1131 1499 1270 1551 Nave,
1297 1497 1520 1540 hominem
1554 1496 1631 1556 qui
1656 1495 1790 1539 habet

406 1586 426 1608 »
465 1566 672 1626 Spiritum
690 1566 735 1609 in
753 1582 796 1609 se
817 1567 910 1625 ipso
928 1586 935 1610 :
955 1574 997 1609 et
1014 1565 1208 1625 impones
1228 1582 1381 1610 manus
1403 1575 1499 1610 tuas
1520 1581 1650 1625 super
1668 1581 1786 1620 eum,
1852 1588 1854 1596 =

405 1656 424 1678 »
459 1645 503 1680 et
534 1645 694 1681 statues
727 1651 828 1680 eum
871 1636 917 1679 in
950 1645 1186 1695 conspectu
1229 1635 1422 1680 Eleazari
1455 1635 1709 1690 sacerdotis,
1746 1645 1789 1680 et

405 1727 424 1749 »
461 1708 685 1752 mandabis
710 1708 747 1751 ei
764 1708 810 1751 in
835 1716 1071 1767 conspectu
1089 1707 1228 1751 omnis
1247 1710 1538 1766 Synagogae²‚
1556 1717 1641 1751 etc.
1664 1725 1685 1748 ))
1701 1710 1789 1752 No·
1820 1735 1822 1741 ·

401 1777 585 1823 tandum
604 1787 682 1833 est,
699 1777 821 1838 quod
841 1793 940 1822 cum
950 1779 1040 1837 jam
1054 1777 1236 1821 haberet
1256 1777 1463 1836 Spiritum
1484 1778 1528 1820 in
1546 1793 1590 1820 se
1604 1778 1696 1836 ipso
1711 1780 1786 1822 Je—

400 1864 471 1892 sus
493 1851 631 1903 Nave⁷
655 1848 765 1892 sicut
789 1848 1009 1906 Scriptura
1026 1856 1230 1901 testatur„
1255 1850 1272 1905 (
1285 1848 1363 1890 ubi
1381 1847 1488 1907 quid
1507 1846 1626 1891 aliud
1654 1863 1783 1907 quam
1819 1868 1822 1889 i

401 1919 611 1978 Spiritum
633 1928 831 1962 sanctum
849 1918 1057 1962 debemus
1080 1917 1302 1976 accipere?
1320 1933 1410 1960 non
1427 1918 1543 1961 enim
1561 1917 1616 1961 de
1633 1918 1788 1977 spiritu
1817 1935 1823 1964 z

398 1989 586 2033 hominis
603 1990 686 2033 hoc
709 1988 886 2041 diceret,
913 2002 1043 2047 quem
1059 1986 1206 2031 nullus
1223 1997 1314 2032 erat
1335 1988 1411 2047 qui
1434 2003 1523 2032 non
1544 1987 1786 2046 habebam)
1849 2018 1851 2022 -

391 2060 535 2119 jussus
563 2069 626 2103 est
659 2069 804 2103 tamen
837 2063 1007 2116 Moyses
1038 2059 1076 2102 ei
1106 2074 1260 2102 manus
1293 2059 1541 2118 imponere:
1578 2074 1634 2102 ne
1664 2060 1784 2119 quis-

396 2145 530 2190 quam
552 2131 706 2184 homo,
732 2129 927 2190 qualibet
943 2128 1202 2188 praepollens
1221 2129 1352 2185 gratia
1367 2164 1377 2184 ,
1399 2139 1664 2174 sacramenta
1682 2145 1784 2174 con·-
1847 2147 1850 2166 τ

398 2200 645 2244 secrationis
669 2200 826 2243 audeat
848 2214 1061 2242 recusare.

948 2307 1182 2356 Quasrio
1215 2309 1293 2346 Lv.

396 2482 535 2535 Nave,
560 2480 619 2523 ait
652 2480 766 2524 inter
798 2487 977 2523 eaetera:
1005 2481 1105 2523 «Et
1132 2479 1256 2523 dabis
1283 2479 1337 2522 de
1373 2478 1507 2536 gloria
1543 2488 1613 2523 tua
1647 2494 1776 2538 super
1812 2496 1815 2514 =

447 2583 453 2597 ¹
473 2577 564 2607 Num.
586 2586 640 2615 xx,
655 2584 710 2617 ⁴29.
728 2592 769 2597 —
791 2581 803 2597 ²
825 2574 870 2607 Id.
886 2585 985 2613 xtvu,
1009 2574 1061 2611 18,
1083 2585 1129 2615 ις).
