1872 3267
403 202 484 239 580
841 213 873 237 ε.
911 208 1138 238 AUGUSTtNl
1173 211 1349 238 EP15C01‘1

398 292 488 320 non
521 276 621 335 quia
651 276 848 320 nocuerit
881 275 1046 335 aliquid
1077 277 1236 331 hostis,
1272 276 1348 320 sed
1375 291 1430 320 ne
1462 276 1785 336 permitteretur

400 361 577 400 nocere,
599 346 805 405 quoniam
829 344 1097 390 credendum
1115 355 1178 391 est
1194 345 1311 390 bello
1329 347 1510 406 coepisse
1532 356 1721 403 tentare,
1743 356 1785 391 ct

381 416 527 475 'hujus
549 417 731 473 victoria
752 415 883 460 fuisse
907 415 1154 476 depulsum.
1197 416 1282 462 Sed
1304 416 1411 477 quid
1433 417 1514 461 sibi
1535 417 1641 463 velit
1663 419 1783 478 quod

397 485 580 541 addidit,
607 506 626 528 «
647 490 808 530 Praeter
823 486 982 530 vitulos
1003 488 1135 530 boum
1149 522 1159 542 ,
1182 506 1202 528 »
1224 487 1460 532 obscurum
1481 497 1557 532 est.
1585 490 1654 532 An
1672 487 1783 532 forte

395 566 438 600 et
459 557 594 601 boum
619 566 805 616 stragem
828 557 1066 616 pugnando
1097 557 1202 602 fecit
1217 593 1228 613 ,
1255 567 1298 602 θῖ
1321 558 1379 602 ita
1402 557 1570 603 dictum
1593 568 1655 603 est
1682 574 1783 603 eum

394 627 599 672 occidisse
621 637 841 672 sexcentos
854 627 984 681 viros,
1002 637 1160 687 praeter
1177 627 1289 672 illud
1306 627 1425 689 quod
1443 628 1547 673 fecit
1569 628 1622 673 de
1641 629 1783 673 bobus

397 698 558 742 occisis.
601 698 685 743 Sed
706 714 840 759 quare
868 698 1051 743 vitulos?
1073 701 1142 743 An
1171 715 1323 758 graecae
1345 700 1577 744 locutionis
1599 715 1782 744 consue-

395 768 505 812 tudo
528 778 591 812 est
607 804 618 824 ‚
644 770 774 813 etiam
800 768 960 813 vitulos
987 785 1057 813 eos
1081 768 1321 829 appellare,
1348 771 1423 830 qui
1446 769 1629 829 grandes
1650 773 1783 814 sunt?

395 842 505 884 Nam
527 840 585 884 ita
605 839 727 901 loqui
750 839 883 900 vulgo
909 841 954 885 in
977 844 1170 901 AEgypto
1192 842 1480 902 perhibentur
1499 857 1507 882 ε
1533 841 1644 886 sicut
1667 842 1784 901 apud

394 927 474 956 nos
491 911 600 971 pulli
619 912 893 972 appellantur
911 913 1082 972 gallinae
1100 912 1329 974 cujuslibet
1345 914 1496 957 aetatis.
1523 916 1619 959 Non
1637 923 1784 957 autem

395 982 531 1027 habet
554 984 851 1044 interpretatio
874 1001 924 1028 ex
944 985 1143 1041 hebraeo,
1173 1004 1193 1026 «
1215 988 1376 1029 Praeter
1406 984 1564 1030 vitulos
1584 985 1735 1040 boum,
1759 1003 1779 1026 ³>

398 1054 507 1099 sicut
528 1055 608 1099 ista
630 1072 729 1116 quae
751 1056 991 1102 secundum
1017 1058 1297 1117 Septuaginta
1315 1066 1377 1101 est
1399 1073 1407 1098 ε
1429 1057 1540 1101 sicut
1560 1057 1695 1101 habet
1709 1055 1783 1100 illa

398 1141 450 1169 ex
466 1127 643 1172 hebraeo
658 1163 668 1183 ⁷
694 1148 713 1171 «
729 1131 914 1173 Vomere
937 1129 1099 1175 occisos
1121 1138 1344 1174 sexcentos
1360 1129 1490 1185 viros,
1518 1147 1538 1170 »
1564 1127 1683 1189 quod
1704 1127 1783 1173 ista

396 1212 486 1240 non
507 1198 655 1242 habet.

882 1308 916 1355 Q
923 1308 1118 1348 UAESTIO
1151 1310 1287 1348 xxvl.

454 1410 569 1461 Qum
593 1406 792 1468 estquod
809 1407 1074 1467 respondens
1089 1411 1222 1451 Barac
1236 1407 1450 1452 'Debborae
1468 1409 1527 1451 ait
1541 1443 1551 1463 ‚
1573 1426 1592 1450 «
1616 1408 1658 1453 Si
1680 1408 1777 1463 ibis,

397 1497 417 1519 »
442 1479 516 1522 ibo
529 1499 540 1537 3
556 1488 598 1522 et
614 1479 647 1523 si
662 1494 751 1522 non
770 1479 867 1522 ieris
880 1494 1068 1533 mecum,
1086 1494 1174 1522 non
1187 1478 1258 1522 ibo
1272 1499 1279 1523 :
1293 1479 1495 1538 quoniam
1511 1479 1654 1522 nescio
1666 1478 1782 1522 diem

397 1568 417 1590 »
444 1551 487 1593 in
511 1567 597 1610 qua
625 1559 848 1610 prosperat
876 1550 1090 1608 Angelum
1122 1551 1330 1594 Dominus
1354 1552 1548 1594 mecum1
1578 1569 1586 1594 :
1615 1568 1635 1591 »
1659 1549 1782 1610 quasi

394 1636 417 1664 a
440 1621 708 1680 prophetissa
743 1621 858 1664 diem
887 1621 1035 1664 audire
1058 1637 1145 1665 non
1168 1621 1383 1680 potuerit?
1413 1637 1493 1665 ncc
1520 1620 1637 1664 illam
1665 1619 1780 1663 diem

394 1692 634 1751 respondit,
661 1691 735 1736 sed
758 1692 945 1751 perrexit
966 1708 1067 1736 cum
1085 1692 1175 1736 illo.
1199 1696 1253 1736 Et
1276 1691 1484 1752 quidest,
1512 1711 1532 1734 <z
1553 1694 1780 1750 Prosperat

396 1762 657 1821 »Angelum
692 1763 902 1807 Dominus
932 1765 1135 1807 mecum?
1166 1781 1185 1804 υ
1223 1766 1291 1807 An
1327 1762 1397 1806 hic
1433 1762 1780 1806 demonstratum

393 1841 477 1888 est,
504 1834 606 1893 quia
630 1842 670 1877 et
694 1833 962 1892 Angelorum
986 1842 1105 1877 actus
1127 1841 1452 1892 prosperantur„
1478 1831 1523 1876 id
1545 1842 1622 1886 θεῖ,
1650 1832 1778 1892 adju-

390 1912 549 1947 vantur
571 1920 594 1947 a
618 1903 803 1947 Domino
819 1939 829 1957 7
850 1912 901 1946 ut
920 1901 1102 1947 feliciter
1126 1902 1314 1946 cedant?
1344 1918 1398 1945 an
1425 1901 1655 1946 locutionis
1687 1910 1773 1955 est,

393 1990 413 2013 »
441 1977 669 2032 Prosperat
692 1972 907 2031 Angelum
930 1987 1118 2028 mecum,
1142 1990 1162 2013 »
1183 1972 1229 2016 id
1247 1981 1325 2027 θεῖ,
1343 1970 1445 2016 facit
1462 1986 1632 2016 mecum
1655 1987 1778 2031 pros-

389 2058 492 2103 pera
514 2059 590 2104 per
612 2043 846 2103 Angelum.

866 2139 1100 2188 QUAEs'rlo
1132 2141 1288 2179 xxvii.

455 2263 475 2286 «
500 2241 792 2303 ET‘pavefecit
804 2241 1013 2287 Dominus
1034 2242 1214 2286 Sisaram
1228 2250 1431 2285 etomnes
1443 2256 1593 2285 currus
1616 2241 1770 2301 ejus'2.»

393 2316 506 2359 Ecce
537 2312 908 2374 quemadmodum
941 2310 1218 2356 commendat
1243 2311 1459 2370 Scriptura
1488 2327 1613 2370 agere
1635 2315 1774 2356 Deum

391 2384 435 2427 in
458 2383 678 2438 cordibus,
699 2392 749 2427 ut
771 2382 845 2426 det
862 2383 1021 2426 exitum
1040 2382 1184 2436 rebus,
1201 2396 1330 2441 quem
1355 2381 1592 2425 constituit.
1615 2381 1773 2440 Utique

388 2455 501 2497 enim
525 2454 739 2512 pavefecit
760 2452 828 2497 vel
846 2451 1135 2511 obstupefecit
1161 2451 1356 2505 §isaram⁷
1377 2460 1425 2494 ut
1445 2450 1632 2494 traderet
1651 2466 1768 2495 eum.
1833 2494 1835 2496 ,

435 2555 443 2571 ¹
464 2549 568 2580 dudio.
588 2559 632 2587 iv,
651 2551 682 2579 8.
705 2565 744 2570 -—-
762 2547 875 2579 2112i21.
905 2546 955 2577 15.
