1872 3267
392 268 648 300 LOCUTIONES
679 270 733 296 DE
767 270 928 306 Exooo,
966 270 1047 295 rm.
1086 269 1131 293 11.
1397 254 1450 291 35

73 359 91 381 »
128 348 171 383 et
188 339 243 383 ab
257 337 471 398 inquilina
488 352 564 382 sua
585 351 685 380 vasa
702 344 906 394 argentea
921 343 964 378 et
986 348 1115 378 aurea
1137 340 1181 375 et
1201 332 1381 375 veslem¹
1402 350 1409 374 :
1433 350 1451 371 n

71 425 236 469 graecus
272 408 406 452 habet
431 426 451 450 ι(
485 423 507 452 a
544 405 856 451 cohabitatrice
888 420 993 460 sua⁷
1027 422 1047 445 »
1080 403 1165 447 hoc
1199 410 1264 445 est
1307 405 1456 441 ουσκτίνου

69 480 190 542 quod
209 479 333 524 latini
363 478 497 540 aliqui
518 477 789 539 interpretati
807 486 929 532 sunt,
958 495 979 518 «
999 491 1022 520 a
1045 471 1302 520 cancellaria
1319 487 1410 516 sua.
1434 489 1454 512 »

129 565 255 608 XIII.
279 565 452 621 Moyses
484 560 612 617 dicit⁷
652 560 814 614 «Quid
847 560 880 606 si
907 575 997 605 non
1029 555 1294 603 crediderint
1327 554 1458 610 mihi,

72 652 94 676 »
129 649 273 695 neque
290 632 562 678 exaudierint
573 647 727 677 vocem
745 647 887 676 meam
902 633 945 676 ²:
967 649 986 672 »
1004 627 1126 690 quod
1143 627 1304 672 latinus
1316 662 1327 682 ,
1349 645 1368 669 «
1389 640 1465 670 au·-

74 723 94 746 »
130 703 290 750 dierint
309 723 329 746 »
361 705 671 764 interpretatus
694 712 772 748 est.

128 788 249 830 XIV.
319 784 521 831 Extende
558 801 760 841 manum,
801 795 844 829 et
883 782 1162 845 apprehende
1204 778 1412 836 caudam,

74 870 236 917 graecus
250 857 385 902 habet
406 876 414 902 ι
438 855 600 902 latinus
623 866 769 901 autem
788 891 799 913 ,
827 875 847 898 «
873 870 1054 899 manum
1072 863 1193 898 tuam
1217 861 1260 896 et
1282 849 1467 896 caudam

76 946 96 968 »
132 929 224 990 ejus
241 964 251 983 ,
280 927 628 988 »interpretatus
657 937 734 972 est.
761 948 781 970 «
805 929 863 972 Et
898 925 1135 970 extendens
1170 916 1351 968 manum
1388 936 1468 982 ap-

78 1017 97 1041 »
132 997 367 1059 prehendit
389 997 574 1043 caudam
589 1034 600 1055 ‚
633 1007 677 1043 ct
695 997 809 1042 facta
831 997 1035 1056 est-virga
1057 997 1103 1040 in
1125 1010 1260 1039 manu
1282 993 1372 1054 ejus
1386 994 1417 1036 ³.
1446 1011 1466 1033 υ

132 1084 229 1126 XV.
260 1101 279 1123 a
304 1084 362 1126 Et
383 1080 491 1126 dixit
514 1081 602 1127 illi:
631 1084 688 1127 Ut
715 1079 898 1126 credant
928 1079 1006 1123 tibi
1038 1079 1247 1140 quoniam
1269 1075 1472 1138 apparuit

76 1172 96 1195 »
132 1153 212 1197 tibi
232 1153 443 1197 Dominus
459 1157 572 1198 Deus
589 1161 765 1213 patrum
782 1151 1003 1212 ipsorum⁴
1017 1170 1026 1196 ;
1055 1169 1074 1191 »
1098 1165 1264 1209 graecus
1282 1164 1372 1193 non
1388 1148 1470 1192 ha-

74 1222 171 1279 bet,
202 1244 220 1265 «
242 1227 301 1268 Et
322 1223 431 1268 dixit
463 1224 527 1268 illi
552 1241 564 1268 :
592 1243 611 1265 »
638 1222 716 1268 sed
753 1223 965 1268 continuo
1005 1220 1203 1282 adjunxit
1220 1256 1230 1276 ,
1260 1240 1280 1261 «
1302 1229 1353 1264 ut
1377 1234 1472 1263 cre-

77 1314 96 1336 »
132 1293 240 1339 dant
258 1294 336 1339 tibi
354 1313 362 1339 :
384 1314 403 1335 »
420 1293 465 1338 id
483 1304 562 1350 est,
581 1294 715 1339 verba
732 1295 828 1350 Dei,
843 1303 943 1355 post
960 1292 1073 1337 illud
1089 1291 1257 1337 factum
1283 1291 1474 1336 miracu-

73 1364 191 1411 lum:
229 1374 437 1426 tanquam
462 1365 607 1411 adhuc
641 1366 925 1427 loqueretur,
965 1374 1009 1409 et
1045 1363 1179 1409 modo
1212 1363 1473 1408 sententiam

74 1437 310 1483 verborum
332 1436 592 1498 impleverit.
617 1441 728 1484 Nam
745 1437 855 1483 ordo
873 1447 937 1482 est
951 1438 1212 1483 verborum:
1234 1457 1253 1479 «
1273 1434 1472 1481 Extende

78 1527 98 1551 »
133 1523 313 1553 manum
335 1517 377 1552 et
400 1508 679 1568 apprehende
701 1509 908 1564 caudam,
936 1527 956 1551 »
983 1518 1033 1553 ut
1055 1507 1236 1553 credant
1258 1508 1341 1552 tibi
1363 1527 1372 1552 ι
1396 1505 1474 1551 sed

8 1596 9 1622 1
74 1578 330 1639 interposita
345 1588 410 1623 est
421 1577 530 1624 -facti
542 1579 732 1624 narratio
745 1615 755 1634 ‚
772 1588 815 1623 et
831 1588 981 1640 postea
998 1579 1247 1634 redditum,
1269 1596 1289 1620 «
1309 1586 1360 1622 ut
1377 1593 1474 1622 cre-

10 1677 11 1693 ;
78 1668 100 1693 ))
134 1649 243 1695 dant
261 1649 356 1693 tibi.
381 1668 401 1691 »

133 1733 253 1776 XVI.
276 1729 409 1785 Quod
424 1729 585 1776 latinus
607 1730 763 1787 habet,
789 1749 810 1774 «
834 1733 891 1776 Et
911 1730 1027 1797 facta
1045 1739 1110 1776 est
1126 1745 1282 1776 manus
1305 1731 1398 1792 ejus
1415 1730 1475 1776 le-

80 1821 102 1846 »
135 1818 263 1864 prosa
282 1811 495 1863 tanquam
522 1803 596 1848 nix
612 1804 627 1830 5
651 1823 660 1849 :
690 1821 711 1846 η
739 1819 905 1863 graecus
924 1799 1013 1849 non
1034 1804 1172 1849 habet
1203 1803 1431 1865 «leprosa,
1451 1823 1472 1846 n

77 1872 154 1920 sed
172 1883 343 1919 tantum
358 1909 369 1930 ‚
396 1893 416 1916 «
441 1872 555 1919 facta
574 1883 639 1919 est
660 1883 871 1936 tanquam
893 1876 982 1920 nix.
1013 1895 1033 1917 »

136 1959 277 2002 XVII.
308 1977 326 1998 «
352 1957 482 2010 Quod
504 1957 538 2001 si
560 1973 651 2001 non
678 1957 897 2003 audierint
919 1974 1074 2004 vocem
1096 1959 1208 2018 signi
1230 1959 1388 2019 primi6
1414 1979 1422 2006 ;
1452 1979 1471 2001 »

80 2043 243 2088 graecus
269 2028 329 2072 sic
357 2027 516 2072 habet:
550 2027 710 2073 latinus
746 2037 919 2085 autem,
960 2047 980 2072 «
1011 2045 1165 2074 vocem
1205 2038 1327 2075 tuam
1365 2031 1477 2090 signi

84 2118 103 2140 »
139 2098 293 2159 primi:
317 2117 336 2140 n
360 2098 417 2143 sic
431 2107 474 2142 et
487 2099 698 2159 sequitur,
728 2119 748 2142 «
773 2098 967 2146 Credent
988 2100 1070 2145 tibi
1091 2100 1137 2145 in
1153 2115 1260 2146 voce
1277 2101 1388 2161 signi
1411 2116 1478 2145 se·-

85 2188 105 2212 »
138 2169 327 2230 quentis.
358 2188 378 2211 »

140 2255 302 2297 XVIII.
328 2273 345 2293 «
372 2256 428 2297 Et
449 2253 529 2297 erit
543 2268 678 2313 aqua,
695 2268 828 2314 quam
843 2268 986 2299 sumes
1003 2253 1058 2298 de
1073 2255 1257 2299 flumine
1270 2291 1280 2311 ,
1303 2255 1475 2314 sanguis

86 2341 107 2365 »ι
141 2339 270 2384 super
292 2323 454 2368 aridam
470 2326 485 2351 ⁷
509 2344 516 2368 ι
546 2343 564 2364 »
586 2323 655 2368 vel
672 2325 818 2384 potius
847 2344 865 2366 «
896 2340 1027 2384 super
1049 2325 1243 2381 aridum,
1274 2345 1292 2367 »
1320 2326 1364 2369 id
1383 2336 1445 2370 est
1462 2362 1471 2378 ,

84 2410 213 2455 super
242 2395 288 2439 id
309 2394 430 2456 quod
458 2395 630 2441 aridum
651 2405 738 2440 est:
766 2395 887 2458 quod
913 2395 1074 2442 latinus
1096 2397 1224 2453 dicit,
1254 2418 1273 2439 ι(
1300 2398 1473 2457 sanguis

89 2485 109 2508 «
134 2481 262 2525 super
278 2474 452 2510 terram.
481 2486 498 2505 »

136 2570 143 2585 ¹
166 2564 266 2594 Exod.
288 2571 401 2600 m‚2-2.
425 2580 463 2585 *a
487 2564 633 2604 ²Id.1v2
664 2576 689 2595 i.
715 2581 753 2585 n
789 2562 901 2595 31hid.
935 2592 940 2603 ,
983 2582 1021 2586 ν-
1044 2562 1058 2586 ⁵
1082 2563 1161 2595 mal.
1186 2564 1203 2593 '.
1242 2582 1282 2586 —
1306 2565 1317 2586 ὗ
1346 2565 1422 2596 thul.
1440 2566 1471 2596 [ἑ.

89 2634 130 2641 —·
149 2617 163 2639 ‘3
184 2617 263 2649 Ibid.
292 2618 323 2649 ὅ.
345 2636 385 2640 —-
405 2624 416 2650 7
437 2619 514 2650 I'md.
537 2630 569 2659 ς).

1249 2678 1268 2689 ⁴„

1247 2697 1284 2711 υ.
