1872 3267
390 170 473 209 598
827 177 861 205 S.
897 178 1128 207 AUGUSTml
1161 180 1343 206 EPISCOPI

390 244 679 308 primogenita
708 244 789 288 sibi
810 244 963 299 dicari,
984 254 1028 289 et
1055 261 1131 289 sua
1164 260 1254 288 esse
1279 243 1487 298 voluerit,
1506 253 1637 305 atque
1659 259 1772 304 prae-

390 317 602 377 ceperit¹3
623 314 776 359 redivi
797 324 942 359 tamen
966 332 987 360 a
1006 332 1049 360 se
1064 316 1204 361 voluit
1220 316 1507 376 primogenita
1526 315 1769 371 hominum,

392 404 448 433 ne
487 386 775 432 immolandos
816 390 905 431 Deo
949 388 1175 432 crederent
1213 388 1323 432 filios
1355 403 1477 442 suos,
1508 404 1617 448 quos
1652 396 1774 432 natos

390 460 590 521 primitus
622 459 921 518 suscepissent.
947 458 1113 503 Deinde
1143 460 1226 504 hoc
1260 459 1449 520 apertius
1471 459 1529 503 ita
1554 458 1770 520 loquitur,

389 530 509 592 quod
543 530 732 574 humana
766 529 1017 574 holocausta
1051 530 1110 573 sic
1143 533 1256 574 Deus
1286 530 1525 590 improbet,
1553 539 1601 574 ut
1622 530 1774 590 prohi-

389 601 510 656 beat,
534 600 753 645 detestans
775 616 823 644 ea
844 601 887 643 in
911 599 1002 644 aliis
1026 601 1248 659 gentibus,
1274 611 1318 645 et
1341 601 1503 661 populo
1521 617 1599 646 suo
1621 601 1775 661 praeci-

388 671 511 732 piens
539 687 594 715 ne
621 671 779 715 audeat
806 669 966 714 imitari
989 690 997 715 :
1028 691 1047 712 «
1073 672 1114 716 Si
1136 682 1302 725 autem,
1322 673 1486 733 inquit,
1511 672 1775 716 extermina-

391 761 412 785 »
447 742 558 788 verit
593 743 802 787 Dominus
848 746 960 786 Deus
1003 751 1104 787 tuus
1140 752 1310 802 genteS,
1344 744 1389 787 in
1419 759 1526 804 quas
1560 753 1610 787 tu
1642 743 1775 788 intras

392 833 413 856 1)
448 813 705 858 haereditare
735 823 889 858 terram
915 829 1068 858 eorum
1095 831 1118 858 a
1144 824 1381 874 conspectu
1405 825 1503 870 tuo,
1522 824 1566 859 et
1586 814 1775 859 haeredi-

392 904 414 928 »
449 886 561 930 tabis
582 901 670 940 eos,
688 895 731 930 et
747 885 964 930 habitabis
989 885 1033 929 in
1057 894 1167 930 terra
1185 901 1360 944 eorum3
1385 886 1560 931 attende
1580 886 1659 930 tibi
1677 885 1772 946 ipsi,

391 976 413 1000 »
448 974 505 1002 ne
525 958 723 1019 exquiras
751 958 872 1018 sequi
894 974 988 1012 eos,
1009 967 1241 1019 postquam
1267 958 1539 1002 exterminati
1572 957 1731 1002 fuerint
1753 974 1777 1002 a

393 1048 414 1074 »
450 1030 558 1075 facie
581 1039 672 1085 tua,
697 1045 752 1074 ne
775 1030 976 1090 exquiras
998 1029 1101 1074 deos
1124 1045 1274 1074 eorum
1297 1029 1467 1075 dicens:
1485 1029 1779 1084 Quemadmo-

391 1120 412 1144 »
449 1100 555 1146 dum
580 1100 744 1147 faciunt
767 1111 915 1161 gentes
938 1101 1017 1146 diis
1040 1102 1141 1157 suis,
1168 1101 1322 1147 faciam
1345 1111 1388 1146 et
1410 1118 1515 1162 ego:
1541 1118 1630 1147 non
1650 1100 1777 1146 facies

392 1191 414 1215 >›
449 1173 507 1217 ita
531 1174 716 1217 Domino
745 1176 832 1217 Deo
855 1182 946 1217 tuo.
969 1173 1335 1218 Abominamenta
1366 1174 1480 1217 enim
1504 1190 1602 1235 quae
1627 1173 1778 1218 Domi-

392 1262 414 1286 »
450 1259 532 1287 nus
555 1243 668 1298 odit,
695 1243 897 1287 fecerunt
918 1243 996 1287 diis
1018 1244 1105 1288 suis
1128 1265 1136 1289 :
1162 1245 1371 1306 quoniam
1400 1255 1442 1289 et
1465 1244 1576 1289 filios
1607 1261 1705 1289 suos
1734 1253 1779 1289 et

392 1333 414 1357 »
448 1314 556 1359 filias
579 1330 674 1358 suas
697 1314 965 1358 comburunt
984 1316 1073 1374 igni
1096 1316 1176 1358 diis
1198 1316 1324 1359 suis2.
1359 1333 1380 1356 »

451 1389 533 1431 111.
560 1384 679 1439 Quid
696 1385 939 1430 evidentius
957 1385 1125 1430 ostendi
1139 1395 1281 1445 potest
1295 1387 1358 1430 bis
1371 1394 1530 1430 sanctae
1547 1387 1780 1446 Scripturae

389 1456 666 1510 testimoniis,
695 1465 743 1500 ut
770 1455 850 1500 alia
874 1455 1175 1517 hujuscemodi
1198 1457 1411 1512 omittam,
1436 1472 1571 1517 quam
1595 1460 1730 1501 Deum
1756 1473 1779 1501 a

388 1529 580 1590 quobaec
595 1529 811 1588 Scriptura
826 1529 1018 1573 humano
1031 1528 1177 1587 generi
1190 1529 1436 1573 contributa
1446 1538 1525 1584 est,
1538 1545 1624 1573 non
1638 1528 1781 1573 solum

388 1616 480 1644 non
503 1598 698 1658 diligere,
719 1599 1003 1643 verumetiam
1024 1599 1162 1644 odisse
1185 1599 1286 1643 talia
1307 1600 1529 1655 sacrificia,
1554 1600 1599 1643 in
1620 1601 1779 1661 quibus

388 1672 586 1716 homines
614 1671 932 1715 immolantur?
955 1671 1032 1715 llla
1061 1672 1190 1731 plane
1219 1671 1361 1731 diligit
1385 1681 1428 1715 et
1449 1682 1650 1727 coronat,
1679 1688 1780 1717 cum

389 1744 575 1804 quisque
587 1744 729 1803 justus
751 1743 1025 1803 iniquitatem
1050 1744 1216 1803 patiens
1245 1759 1383 1803 usque
1413 1743 1467 1787 ad
1491 1753 1676 1787 mortem
1700 1759 1780 1803 pro

387 1814 569 1860 veritate
592 1812 800 1868 decertat,
817 1813 887 1857 vel
903 1814 957 1857 ab
976 1814 1159 1858 inimicis
1178 1829 1288 1873 quos
1313 1830 1389 1872 pro
1405 1814 1568 1873 justitia
1592 1813 1780 1858 offendit

389 1884 618 1939 occiditur,
645 1884 888 1928 retribuens
911 1884 970 1928 eis
993 1884 1106 1928 bona
1126 1900 1203 1943 pro
1226 1883 1373 1938 malis,
1394 1884 1440 1927 id
1463 1892 1549 1939 est,
1570 1899 1649 1943 pro
1678 1883 1779 1929 odio

389 1955 684 2000 dilectionem.
712 1955 859 1999 Talem
882 1956 988 2000 dicit
1016 1956 1225 1999 Dominus
1254 1956 1509 2013 sanguinem
1536 1957 1729 2016 justum,
1755 1972 1779 2000 a

389 2027 598 2085 sanguine
627 2026 739 2070 Abel
762 2042 899 2086 usque
921 2026 975 2070 ad
996 2026 1250 2084 sanguinem
1275 2026 1533 2070 Zachariaess.
1557 2027 1780 2086 Praecipue

391 2107 537 2143 autem
556 2095 677 2157 quod
695 2097 950 2155 sanguinem
973 2095 1084 2140 fudit
1107 2097 1196 2156 ipse
1211 2113 1290 2156 pro
1309 2096 1450 2151 nobis,
1464 2105 1508 2140 et
1522 2098 1779 2141 sacrificium

390 2185 434 2214 se
462 2169 604 2228 ipsum
628 2166 789 2212 obtulit
819 2171 932 2225 Deo,
963 2168 1020 2212 sic
1049 2168 1202 2228 utique
1233 2167 1416 2222 obtulit,
1438 2176 1488 2211 ut
1512 2168 1567 2211 ab
1595 2168 1779 2213 inimicis

391 2257 468 2302 pro
486 2241 650 2301 jtistitia
683 2239 981 2284 occideretur:
1015 2241 1133 2284 hune
1169 2240 1333 2284 imitata
1367 2242 1611 2298 Martyrum
1644 2239 1778 2284 millia

392 2327 530 2372 usque
562 2310 616 2355 ad
645 2320 828 2354 mortem
860 2326 938 2370 pro
967 2311 1148 2355 veritate
1171 2319 1416 2365 certarunt,
1445 2320 1487 2354 et
1517 2310 1571 2354 ab
1596 2310 1778 2355 inimicis

394 2381 671 2427 saevientibus
700 2382 920 2426 immolata
956 2392 1084 2439 sunt,
1110 2382 1165 2426 de
1193 2383 1353 2443 quibus
1387 2381 1491 2426 dicit
1525 2382 1774 2442 Scriptura:

400 2472 420 2495 «
454 2456 680 2512 Tanquam
721 2468 876 2496 aurum
918 2452 965 2495 in
996 2452 1172 2497 fornace
1200 2452 1401 2512 probavit
1432 2451 1551 2507 illos,
1589 2461 1632 2496 et
1666 2452 1777 2495 sicut

444 2544 452 2559 ¹
474 2537 572 2569 Exod.
594 2548 658 2577 xm,
678 2547 729 2578 ιτ),
752 2537 800 2568 13.
822 2554 861 2558 -ψ
880 2544 892 2558 ²
912 2540 1004 2568 Dour.
1027 2537 1214 2577 mezzo-31.
1237 2554 1278 2558 —-
1296 2535 1308 2558 3
1324 2536 1435 2568 11111111).
1453 2547 1539 2577 xxiii,
1560 2537 1611 2568 35.
