1872 3267
324 219 592 255 QUAEs‘rioNEs
623 219 667 245 m
700 218 926 255 nouenos,
962 218 1044 245 Lm.
1083 220 1141 246 iv.
1343 206 1431 246 479

45 302 65 324 «
102 282 252 336 Uxori,
284 272 447 342 inquit,
483 282 548 326 vir
581 281 779 325 debitum
813 281 989 336 reddat,
1015 281 1210 326 similiter
1244 291 1287 326 et
1322 297 1431 327 uxor

41 369 61 393 »
95 352 187 396 viro
207 371 216 396 t
242 368 350 396 uxor
373 368 462 396 non
484 351 618 396 habet
641 359 901 411 potestatem
920 352 1110 412 corporis
1132 352 1215 406 sui,
1238 351 1314 396 sed
1334 352 1427 411 vir3

40 441 64 465 n
95 421 292 467 similiter
324 432 471 467 autem
502 432 547 467 et
578 423 645 467 vir
677 439 769 467 non
797 423 932 467 habet
956 431 1214 484 potestatem
1236 423 1430 483 corporis

41 511 64 535 »ι
95 494 183 550 sui,
215 494 292 539 sed
324 493 523 539 mulier1.
566 512 586 535 »
625 493 813 547 Quando
855 510 959 554 ergo
994 495 1040 539 in
1076 495 1158 539 hac
1192 510 1239 538 re
1281 510 1431 554 parem

36 565 266 625 utriusque
303 581 393 610 esse
430 563 571 610 voluit
600 574 882 625 potestatem,
912 574 1020 626 puto
1053 563 1174 626 quod
1201 564 1328 610 nobis
1359 566 1429 610 in-

37 634 324 695 telligendum
366 635 583 691 insinuet,
613 636 739 680 istam
773 635 828 680 de
861 634 1198 681 concumbendo
1232 634 1304 680 vel
1338 651 1431 681 non

35 706 368 752 concumbendo
405 706 602 767 regulam
642 723 732 752 non
763 707 981 767 pertinere
1018 706 1075 751 ad
1109 722 1159 751 ea
1191 715 1316 762 vota,
1351 706 1431 750 ubi

33 793 123 822 non
144 778 310 822 habent
326 793 473 838 parem
495 778 561 823 vir
583 787 625 821 ct
647 777 803 821 mulier
824 786 1102 837 potestatem,
1127 776 1204 820 sed
1230 776 1312 821 viri
1333 792 1428 822 ma-

38 849 98 893 'or
130 858 214 903 est,
236 865 284 892 ac
306 864 442 908 prope
466 849 556 908 ejus
579 847 710 892 solius
729 857 807 892 est.
832 851 930 893 Non
949 848 1065 892 enim
1088 848 1146 892 ait
1175 850 1264 892 Lex
1286 848 1427 893 virum

31 935 120 964 non
142 919 302 963 debere
337 918 519 963 reddere
553 928 653 964 vota
687 934 785 973 sua,
815 919 849 963 si
877 935 986 963 uxor
1020 918 1326 979 prohibuerit,
1351 917 1428 963 sed

34 1006 231 1046 uxorem,
266 991 300 1035 si
329 990 394 1036 vir
425 990 713 1050 prohibuerit.
750 989 876 1034 Unde
910 1005 1000 1035 non
1034 990 1143 1033 mibi
1177 989 1352 1034 videtur
1381 990 1427 1032 in

32 1061 280 1123 hujusmodi
310 1062 422 1107 votis
453 1071 498 1106 et
520 1061 851 1106 definitionibus
886 1070 1018 1122 atque
1053 1059 1424 1120 obligationibus,

30 1150 128 1195 quae
162 1134 366 1179 adversus
399 1134 591 1178 animam
623 1133 759 1187 fiunt,
785 1132 917 1176 etiam
952 1131 1033 1176 ista
1065 1131 1227 1176 debere
1263 1131 1424 1191 accipi,

60 1222 128 1250 uae
150 1206 262 1250 inter
288 1221 332 1250 se
356 1206 421 1250 vir
446 1214 489 1249 et
512 1220 623 1249 uxor
651 1203 707 1248 de
735 1201 1099 1258 concumbendo,
1120 1201 1190 1248 vel
1212 1201 1268 1247 de
1291 1203 1428 1248 absti-

30 1279 176 1324 nentia
195 1276 519 1323 concumbendi
539 1276 698 1337 placita
719 1276 973 1320 habuerint.

89 1353 142 1394 V.
167 1349 334 1395 Deinde
351 1350 454 1410 quia
479 1358 522 1393 et
542 1349 637 1393 istae
663 1348 995 1409 justificationes
1030 1346 1242 1391 dicuntur
1263 1356 1307 1392 et
1329 1363 1425 1392 me-

29 1422 232 1466 minimus
254 1422 300 1465 in
321 1420 404 1465 illis
425 1420 831 1481 justificationibus,
859 1435 960 1479 quae
980 1419 1025 1463 in
1047 1417 1204 1463 Exodo
1235 1419 1318 1463 sub
1340 1420 1426 1463 hoc

62 1492 205 1537 omine
228 1491 321 1536 aliae
343 1500 765 1545 commemorantur,
786 1489 926 1533 multa
948 1490 1150 1549 praecipi,
1171 1506 1272 1550 quae
1287 1489 1425 1550 accipi

114 1563 424 1624 proprietatem
461 1577 551 1606 non
583 1562 771 1621 possint,
792 1576 874 1605 nec
907 1560 953 1604 in
982 1563 1106 1605 Novo
1141 1563 1425 1605 Testamento

57 1635 340 1692 bserventur3
364 1634 477 1678 sicut
498 1632 553 1677 de
573 1648 676 1676 aure
691 1631 799 1676 servi
815 1629 1148 1691 pertundenda²
1161 1666 1172 1686 ,
1196 1640 1240 1675 et
1261 1631 1296 1675 si
1314 1631 1426 1692 quid

57 1706 240 1751 ’usmodi
274 1715 338 1750 est
375 1725 383 1750 :
419 1721 509 1750 non
540 1703 730 1749 absurde
764 1703 895 1748 etiam
928 1703 1000 1747 hic
1035 1701 1201 1763 aliquid
1238 1703 1423 1761 figurate

61 1778 194 1822 ‘ctum
215 1777 497 1836 intelligitur,
523 1786 574 1821 ut
593 1776 802 1837 quoniam
825 1784 930 1820 sunt
962 1773 1115 1818 multae
1146 1774 1424 1819 abstinentiae

52 1854 57 1858 '
92 1850 382 1893 remoniarum
404 1847 741 1902 iriationabiles,
767 1856 810 1890 et
832 1845 1069 1906 aliquando
1087 1845 1219 1889 etiam
1236 1845 1424 1890 inimicae

54 1920 216 1975 eritati‚
242 1921 326 1964 hoc
347 1919 527 1964 fortasse
548 1919 619 1962 hle
631 1917 818 1977 intelligi
830 1917 1037 1972 voluerit
1058 1927 1165 1961 tunc
1180 1926 1294 1961 ratas
1311 1932 1418 1974 esse,

73 2133 293 2188 otionem,
331 2149 431 2193 quse
463 2133 513 2175 fit
542 2145 632 2175 non
667 2140 836 2175 tantum
863 2131 910 2174 in
942 2128 1218 2190 appetendo,
1253 2145 1423 2173 verum-

51 2204 154 2248 tiam
166 2205 212 2248 in
223 2202 485 2248 abstinendo
501 2222 510 2246 ε
529 2211 579 2246 ut
591 2201 624 2245 si
635 2210 782 2246 mente
797 2211 841 2247 et
854 2201 1022 2246 ratione
1032 2200 1299 2255 decernitur,
1316 2210 1423 2244 tunc

59 2284 124 2332 at,
147 2275 182 2319 si
204 2284 350 2319 autem
367 2273 641 2352 improbatur
660 2271 840 2317 consilio
862 2271 1062 2326 rationis,
1078 2286 1168 2315 non
1181 2271 1272 2315 fiat.
1293 2270 1424 2324 Quod

10 2401 13 2406 A
47 2345 62 2389 i
82 2345 190 2390 ratio
211 2346 333 2407 quod
352 2345 471 2406 prius
493 2352 609 2389 recte
634 2342 886 2388 faciendum
911 2358 1003 2387 esse
1026 2341 1294 2398 decreverit,
1324 2350 1423 2402 post

30 2415 243 2476 'inprobet
263 2452 274 2472 ,
299 2417 354 2461 sit
386 2424 616 2477 peccatum
648 2413 816 2459 consilii
842 2434 851 2460 2
885 2414 1019 2459 etiam
1050 2413 1113 2459 sic
1138 2421 1287 2459 tamen
1307 2429 1422 2459 non-
