1872 3267
318 319 585 357 QUAEs'rtoNEs
618 320 663 346 ῐΝ
696 318 958 355 LEVITICUM,
993 319 1075 345 Lm.
1112 317 1178 344 111.
1352 304 1429 342 361

55 387 367 446 imposuerunt.
393 387 503 431 Nam
525 383 733 429 delictum
756 383 874 444 apud
891 399 961 428 eos
984 393 1026 427 et
1048 389 1257 435 παράπτωμα
1277 380 1437 427 dicitur

53 467 95 502 et
116 465 329 510 πλημμέλεια..
364 459 453 501 Isto
481 456 573 515 ipso
607 455 768 516 quippe
801 453 898 498 loco
932 453 1111 499 Levitici
1132 461 1331 505 πλημμέλειαι
1356 460 1433 496 est.

51 527 283 588 Apostolus
301 536 446 571 autem
468 526 545 570 ubi
566 526 692 571 dicit:
714 545 734 568 ‹<
753 525 794 570 Si
812 533 1141 585 praeoccupatus
1158 521 1290 567 fuerit
1306 523 1438 567 homo

55 616 76 640 ))
110 599 155 641 in
174 597 322 657 aliq-UO
343 596 502 641 (lCIlCtO
519 599 550 652 ¹,
579 615 599 637 ))
624 603 862 649 πχραπτώματι
878 611 1042 654 graecus
1065 594 1199 639 habet
1220 613 1230 639 2
1249 609 1438 654 quorum

54 669 280 714 nominum
302 669 336 713 si
358 669 479 727 origo
496 667 754 712 discutiatur
776 667 822 710 in
843 675 1081 721 πηραπτώμητι
1095 702 1105 722 ,
1127 675 1337 726 tanquam
1358 664 1438 708 de-

53 740 193 785 cidere
211 739 471 798 intelligitur
487 740 564 800 qui
577 739 808 800 delinquit.
827 736 952 781 Unde
968 736 1161 782 cadaver
1173 736 1294 797 quod
1315 735 1438 780 latini

41 827 76 855 ‘a
97 810 294 855 cadendo
320 810 548 866 dixerunt,
575 827 713 870 graece
736 823 853 864 πτῶμα.
871 814 1045 868 dicitur,
1073 820 1134 852 ἀπὸ
1152 823 1203 852 τοῦ
1225 818 1371 864 πίπτειν,
1395 809 1436 852 id

54 891 130 937 est,
151 882 206 925 ab
228 897 279 926 eo
302 882 423 943 quod
441 892 504 927 est
521 883 689 927 cadere.
712 885 798 937 Qui
821 901 923 945 ergo
945 882 1167 945 peccando
1188 882 1355 927 malum
1376 882 1442 926 fa-

52 952 131 1007 cit,
156 954 275 1012 prius
306 953 604 1014 delinquendo
634 971 656 998 a
693 955 811 1000 bono
839 955 968 1000 cadit.
1003 958 1060 999 Et
1083 964 1281 1009 πλημμέλεια
1303 953 1441 997 simile

54 1038 212 1067 nomen
234 1033 298 1068 est
319 1023 594 1083 negligentiae
618 1045 626 1069 ε
647 1041 748 1070 nam
773 1041 909 1084 graece
930 1025 1193 1085 negligentia
1217 1033 1348 1078 ἀμέλεια.
1370 1023 1440 1066 di-

53 1094 178 1150 citur,
195 1096 297 1156 quia
320 1111 435 1140 curae
454 1112 543 1140 non
561 1107 623 1141 est
640 1099 761 1158 quod
778 1098 1027 1157 negligitur.
1057 1097 1123 1142 Sic
1142 1096 1258 1140 enim
1280 1110 1443 1155 graecus

53 1164 180 1211 dicit:
202 1170 335 1213 «Non
357 1184 478 1223 curo,
506 1177 537 1208 ιὺ
557 1177 641 1221 μέλει.
660 1190 724 1222 μιν..
748 1188 767 1210 »
785 1168 1002 1214 Particula
1022 1185 1125 1228 ergo
1148 1184 1249 1229 quae
1266 1166 1443 1212 additur

54 1245 148 1292 πλήν,
173 1247 223 1281 ut
245 1237 417 1283 dicatur
435 1248 647 1295 πλημμέλεια,
672 1249 831 1299 praeter
853 1240 1081 1299 significat,
1107 1249 1156 1284 ut
1174 1249 1304 1292 ἀμέλεια
1322 1237 1440 1299 quod

54 1318 232 1353 vocatur
259 1309 544 1369 negligentia,
574 1311 774 1354 videatur
800 1326 951 1355 sonare
975 1311 1066 1355 sine
1091 1326 1194 1355 cura
1215 1332 1226 1367 3
1247 1319 1442 1363 πλημμέλεια.

55 1388 208 1440 praeter
226 1396 374 1424 curam
387 1416 397 1436 ,
418 1380 538 1441 quod
553 1397 665 1441 pene
688 1381 962 1425 tantumdem
980 1391 1057 1425 est.
1078 1381 1189 1425 Hinc
1204 1390 1247 1425 et
1263 1380 1439 1441 quidam

56 1451 188 1495 nostri
209 1459 423 1502 πλημμέλειαν
447 1469 537 1496 non
555 1452 780 1508 delictum,
800 1453 875 1497 sed
892 1453 1203 1512 negligentiam
1227 1453 1443 1512 interpre-

56 1523 133 1566 tari
155 1522 419 1567 maluerunt.
446 1527 499 1567 In
520 1524 652 1568 latina
677 1534 822 1568 autem
853 1525 1002 1583 lingua
1026 1524 1135 1585 quid
1155 1524 1274 1568 aliud
1302 1524 1442 1582 negli-

56 1594 185 1652 gitur,
213 1595 294 1638 nisi
317 1595 437 1654 quod
459 1611 548 1639 non
579 1595 755 1654 legitur,
790 1595 834 1639 id
857 1607 946 1650 est,
978 1604 1067 1640 no'n
1091 1596 1294 1654 eligitur?
1319 1595 1444 1640 Unde

55 1665 182 1708 etiam
200 1664 340 1723 legem
358 1681 380 1708 a
397 1664 580 1723 legendo
596 1701 606 1720 ,
632 1665 677 1709 id
699 1676 762 1709 cst
779 1702 788 1721 ,
813 1666 869 1710 ab
887 1666 1087 1725 eligendo
1108 1666 1232 1711 latini
1249 1676 1446 1711 auctores

57 1734 316 1796 appellatam
340 1752 429 1780 esse
451 1736 668 1781 dixerunt.
688 1738 762 1781 His
780 1738 972 1798 quodam
996 1737 1127 1782 modo
1140 1738 1330 1797 vestigiis
1353 1738 1444 1783 col-

57 1805 217 1865 ligitur,
253 1806 374 1867 quod
400 1806 474 1850 ille
505 1807 744 1868 delinquit,
777 1809 852 1868 qui
882 1809 1049 1853 bonum
1081 1808 1368 1870 derelinquit,
1403 1818 1445 1853 et

58 1875 342 1937 relinquendo
365 1893 389 1921 a
409 1877 527 1921 bono
545 1877 660 1922 cadit
677 1913 687 1932 ,
708 1879 811 1939 quia
829 1878 1031 1938 negligit,
1050 1878 1095 1922 id
1113 1889 1191 1934 est,
1212 1896 1302 1924 non
1320 1879 1440 1938 legit.

59 1948 286 1990 Peccatum
315 1962 417 1991 vero
438 1946 557 1991 unde
579 1948 633 1991 sit
654 1947 843 2003 dictum,
869 1949 990 2009 quod
1013 1965 1151 2007 graece
1172 1959 1312 2004 ἁμαρτία.
1335 1948 1445 1993 dici-

61 2024 143 2070 tur,
171 2017 217 2060 in
234 2025 388 2062 neutra
410 2016 558 2074 lingua
575 2018 682 2061 mihi
706 2019 878 2062 interim
899 2020 1103 2063 occurrit.

117 2089 196 2130 III.
225 2091 370 2131 Potes-t
397 2088 527 2131 etiam
555 2087 691 2132 videri
718 2088 828 2132 illud
860 2105 949 2133 esse
973 2089 1183 2134 delictum
1219 2091 1337 2151 quod
1362 2091 1445 2134 im-

60 2156 309 2215 prudenter,
342 2157 389 2202 id
415 2167 504 2212 est,
529 2158 805 2216 ignoranter,
835 2159 945 2203 illud
962 2170 1214 2219 peccatum,
1247 2162 1364 2221 quod
1390 2163 1446 2206 al)

61 2228 217 2272 sciente
243 2229 546 2273 committitur.
576 2229 688 2274 Huic
712 2229 971 2275 differentiae
997 2231 1202 2275 videntur
1223 2233 1302 2276 ista
1326 2235 1447 2277 testi-

61 2298 203 2342 monia
233 2314 470 2344 consonare
493 2298 637 2343 divina
659 2319 666 2343 ε
698 2319 717 2341 ‹<
743 2299 906 2344 Delicta
929 2301 1025 2361 quis
1056 2302 1319 2361 intelligit‘ssP
1343 2322 1362 2343 n
1392 2306 1447 2346 Et

62 2366 168 2412 illud
186 2389 194 2413 :
215 2387 234 2411 «
256 2370 474 2423 Quoniam
491 2378 540 2413 tu
563 2370 677 2413 scisti
697 2370 1037 2430 imprudentiam
1056 2388 1197 2416 meam
1210 2375 1241 2417 3.
1258 2391 1277 2414 »
1291 2375 1445 2418 Conti-

63 2454 149 2484 nuo
169 2440 332 2500 quippe
354 2450 526 2485 secutus
557 2440 753 2502 adjunxit
781 2462 788 2486 :
820 2462 838 2483 ι(
863 2446 920 2486 Εῖ
941 2443 1097 2488 delicta
1120 2460 1214 2488 mea
1239 2461 1261 2488 a
1285 2455 1327 2488 te
1356 2461 1443 2489 non

66 2528 85 2550 »
119 2520 216 2554 sunt
238 2512 489 2557 abscondita
505 2513 546 2557 4:
575 2531 593 2553 η
617 2512 735 2556 velut
758 2514 840 2558 alio
863 2515 995 2558 modo
1017 2526 1214 2575 repetens
1247 2518 1443 2560 eamdem

63 2583 329 2626 sententiam,
354 2585 442 2628 Nec
466 2582 521 2626 ab
544 2582 694 2626 eadem
726 2585 891 2628 ratione
921 2584 1139 2629 discordat
1166 2587 1286 2646 quod
1310 2588 1442 2646 paulo

110 2673 118 2687 ¹
146 2666 211 2698 Gal.
232 2679 275 2706 vi,
300 2680 327 2699 1.
346 2686 385 2690 ——
407 2676 418 2690 ²¹
439 2668 516 2700 psal.
539 2680 625 2710 κνιιι,
653 2669 701 2700 13.
725 2687 764 2691 -—
786 2668 858 2700 31&
883 2677 991 2701 mvr‘u-
1010 2672 1041 2702 (3.
1070 2689 1110 2693 —-
1130 2670 1143 2700 4
1164 2672 1247 2703 thid.
