1872 3267
452 238 722 274 Qums'rlonns
755 238 799 264 m
832 236 1021 276 sumens,
1058 238 1139 266 Lm.
1177 239 1254 265 vn.
1459 225 1544 263 617

697 362 935 411 QuAEsrio
966 364 1012 401 L.

213 479 366 530 Quaem
398 484 547 535 potest
579 475 803 535 quomodo
846 474 1002 520 dixerit
1037 474 1230 534 Angelus
1269 474 1324 520 ad
1361 484 1545 520 matrem

156 549 358 602 Samson,
382 561 485 591 cum
507 546 789 590 annuntiaret
810 547 847 590 ei
866 545 1004 590 filium
1030 545 1242 602 futurum,
1271 547 1373 608 quia
1391 546 1545 592 sterilis

153 627 268 662 erat:
296 637 316 660 ‹<
335 620 392 663 Et
414 633 533 662 nunc
557 617 756 673 observa,
778 627 821 662 et
842 634 932 662 non
955 617 1078 662 bibas
1100 619 1254 663 vinum
1284 627 1326 662 et
1348 619 1543 674 siceram,

155 707 176 730 »
211 704 301 733 non
332 688 570 733 manduces
609 704 738 733 omne
778 688 1100 733 imnm11dun11.
1131 708 1150 730 »
1186 688 1304 742 Quid
1337 698 1401 733 est
1432 689 1546 733 enim

152 759 466 804 immundum?
495 760 576 803 nisi
614 759 728 805 forte
767 759 992 805 dissolutio
1031 759 1294 821 disciplinae,
1326 777 1426 821 quae
1457 776 1548 805 esse

151 839 345 891 coeperat
376 830 422 874 in
456 830 611 886 Israel,
637 831 769 875 etiam
801 832 857 875 ad
879 847 927 875 ea
952 831 1260 876 manducanda
1290 847 1362 876 eos
1383 831 1548 876 labefe-

150 912 288 958 cerat,
309 919 409 963 quae
440 903 726 963 prohibuerat
759 907 872 948 Deus
907 904 951 947 in
975 904 1209 963 generibus
1246 896 1543 949 animalium2.

150 976 241 1019 Cur
263 973 378 1018 enim
411 989 501 1018 non
528 973 753 1030 credatur,
781 975 909 1019 etiam
932 976 1016 1019 hoc
1039 991 1110 1020 eos
1142 974 1282 1020 multo
1315 975 1547 1035 proclivius

150 1044 292 1089 facere
317 1046 534 1106 potuisse,
561 1046 638 1107 qui
660 1047 789 1091 etiam
813 1045 869 1091 ad
892 1045 1062 1091 cultum
1086 1045 1305 1092 idolorum
1327 1055 1546 1106 transgre-

151 1115 386 1161 diebantur
398 1119 416 1161 P

685 1236 923 1286 QUAEsrlo
956 1238 1018 1276 LI.

208 1354 335 1405 Quon
362 1361 502 1396 mater
528 1353 708 1396 Samson
730 1351 824 1395 viro
850 1366 928 1395 suo
951 1350 1148 1396 indicans
1170 1352 1545 1412 quemadmodum

148 1420 211 1466 illi
231 1421 423 1480 Angelus
445 1421 771 1466 annuntiaverit
794 1420 934 1465 filium
964 1420 1165 1466 futurum
1194 1421 1328 1468 dixit:
1355 1442 1374 1465 «
1401 1426 1457 1468 Et
1475 1423 1547 1468 in-

152 1511 173 1534 »
208 1493 484 1551 terrogabam
509 1508 611 1536 eum
640 1492 759 1537 unde
788 1502 919 1549 esset,
945 1503 988 1538 et
1010 1509 1173 1538 nomen
1196 1510 1323 1538 suum
1348 1510 1438 1539 non
1465 1511 1547 1539 an-

152 1583 172 1605 »
208 1563 428 1608 nuntiavit
449 1564 582 1608 mihi3
602 1585 613 1622 3
641 1582 662 1605 »
688 1565 827 1624 quaeri
850 1573 994 1624 potest
1012 1575 1161 1609 utrum
1185 1581 1338 1609 verum
1362 1566 1544 1625 dixerit,

147 1635 358 1695 quoniam
378 1635 462 1679 hoc
483 1650 572 1678 non
592 1634 766 1692 legitur,
785 1650 887 1679 cum
907 1635 946 1678 ei
964 1635 1156 1695 Angelus
1172 1636 1441 1697 loqueretur.
1462 1637 1547 1682 Sed

148 1704 484 1764 intelligendum
506 1713 571 1748 est
592 1705 677 1748 hoc
699 1705 760 1748 ibi
786 1706 1053 1764 Scripturam
1075 1707 1281 1761 tacuisse,
1304 1707 1375 1751 hic
1399 1717 1545 1752 autem

148 1790 510 1820 commemorasse
531 1775 653 1836 quod
675 1775 737 1819 ibi
767 1785 977 1820 tacuerat.
1003 1775 1121 1821 lllud
1153 1777 1284 1822 etiam
1314 1778 1435 1839 quod
1456 1795 1545 1824 non

148 1848 234 1892 ait:
271 1866 291 1889 «
317 1847 588 1906 Interrogavi
618 1861 719 1891 eum
744 1845 851 1907 quid
873 1856 1122 1903 vocaretur,
1153 1858 1198 1892 et
1228 1864 1388 1893 nomen
1417 1865 1545 1894 suum

151 1938 170 1960 »
206 1934 297 1963 non
326 1918 605 1962 annuntiavit
638 1917 767 1973 mihi,
797 1937 816 1960 »
852 1918 927 1962 sed
959 1918 1046 1963 ait:
1079 1938 1098 1961 «
1131 1921 1399 1979 Interrogavi
1427 1921 1546 1965 unde.

150 2008 170 2031 »
206 1998 340 2045 esset,
371 2007 390 2029 η
416 1988 589 2033 videtur
612 1988 932 2049 inconsequens
962 1989 1084 2048 quod
1113 1989 1302 2045 addidit,
1334 2011 1353 2033 α
1379 1995 1436 2036 Et
1463 2008 1546 2037 no-

149 2079 169 2101 »
205 2075 308 2103 men
328 2075 459 2103 suum
487 2074 577 2103 non
606 2059 884 2103 annuntiavit
912 2060 1036 2103 mihi.
1060 2078 1080 2101 »
1103 2063 1201 2106 Non
1233 2062 1349 2105 enim
1383 2078 1543 2107 nomen

145 2131 236 2190 ejus
256 2130 622 2189 interrogaverat,
643 2145 744 2173 cum
768 2140 984 2190 quaereret
1006 2130 1124 2175 unde
1148 2141 1279 2187 esset,
1301 2131 1377 2176 sed
1399 2132 1545 2178 locum

144 2200 214 2245 vel
241 2200 475 2255 civitatem,
502 2216 605 2244 cum
640 2201 864 2244 hominem
895 2210 1085 2260 putaret.
1111 2204 1221 2246 Nam
1244 2211 1287 2245 et
1321 2203 1543 2247 hominem

143 2272 221 2316 Dei
242 2287 343 2315 eum
366 2270 617 2332 appellavit,
643 2271 784 2330 specie
808 2281 954 2315 tamen
973 2270 1044 2315 vel
1067 2272 1222 2316 habitu
1244 2272 1413 2332 Angelo
1431 2275 1547 2318 simi-

143 2341 249 2396 lem,
273 2342 356 2386 hoc
374 2352 458 2397 est,
479 2341 581 2402 quia
605 2350 691 2385 tam
714 2341 975 2400 praeclarum
999 2341 1124 2397 vidit,
1146 2342 1257 2387 sieut
1276 2343 1366 2403 ipsa
1395 2361 1544 2389 narra-

142 2411 219 2455 vit.
247 2412 330 2456 Sed
353 2412 386 2456 si
408 2412 468 2456 ita
490 2411 813 2470 distinguatur,
838 2431 857 2453 «
879 2415 935 2456 Et
952 2412 1276 2471 interrogabam
1299 2430 1399 2459 eum
1422 2415 1542 2459 unde

146 2501 165 2522 »
202 2491 332 2537 esset,
358 2492 401 2526 et
433 2497 597 2526 nomen
625 2497 775 2537 suum,
816 2500 835 2523 >›
874 2491 924 2526 ut
951 2481 1261 2540 subaudiatur,
1296 2485 1540 2543 interroga-

194 2586 200 2602 ¹
222 2580 325 2612 Jndie.
342 2591 407 2623 xm,
429 2579 460 2623 ,1.
478 2587 543 2604 -2
564 2580 666 2613 Levit.
690 2590 734 2622 υ,
750 2589 768 2612 2
783 2591 790 2618 ;
808 2585 841 2613 et.
855 2583 947 2613 Dent.
974 2592 1038 2624 xlv,
1061 2581 1090 2615 3.
1113 2598 1152 2605 —-
1182 2580 1313 2615 3Judie.
1335 2593 1401 2624 xm,
1424 2583 1456 2615 6.
