1872 3267
314 335 580 368 QUAESTIONES
612 336 656 361 m
690 335 948 372 LEVlTICUM.‚
985 337 1067 363 ΜΒ.
1105 338 1170 362 111.
1347 325 1432 364 369

50 397 124 441 ubi
153 396 318 443 habent
351 400 736 444 commorationem
767 416 956 461 quorum
983 401 1105 446 sedes
1135 411 1236 447 sunt
1270 420 1279 447 ε
1313 402 1434 446 habi-

49 468 153 513 tatio
173 469 336 529 quippe
350 471 432 515 hoc
455 486 615 516 nomen
634 472 814 532 accepit.

547 571 783 619 QUAEsrlo
815 573 936 611 xxv.

112 689 130 711 «
152 671 215 714 ΕΤ
238 668 402 715 factum
431 680 494 716 est
521 671 591 716 die
620 681 773 717 octavo
800 674 972 718 vocavit
998 677 1168 732 Moyses
1196 677 1361 728 Aaron,
1394 683 1438 718 et

49 740 157 786 filios
190 743 309 802 ejus,
340 751 382 786 et
404 751 603 787 senatum
636 743 767 788 Isra'e'l
799 746 828 787 ¹.
861 763 880 786 »
918 747 1058 798 Quem
1086 744 1265 805 qnidam
1301 745 1434 790 nostri

51 833 72 855 «
97 822 294 857 senatum
320 832 340 854 »
366 814 635 874 interpretati
658 823 785 869 sunt,
802 823 962 869 γερουσίαν
981 831 1146 875 graecus
1160 815 1294 860 habet
1321 836 1328 859 ;
1355 817 1437 860 hoc

48 894 111 928 est
134 900 237 943 ergo
260 894 432 929 secutus
455 885 688 945 interpres,
715 885 815 945 quia
841 894 882 930 et
914 895 1087 930 senatus
1115 902 1138 930 a
1167 886 1286 931 senio
1315 886 1438 931 vide-

50 965 120 1000 tur
148 956 304 1002 dictus.
333 961 430 1003 Non
462 967 607 1002 autem
642 967 740 1017 apte
770 957 815 1001 in
845 957 982 1002 latino
1006 957 1224 1003 diceretur
1249 978 1257 1003 2
1295 979 1314 1000 «
1347 961 1437 1004 Vo-

49 1028 161 1071 cavit
194 1037 463 1073 senectutem
495 1028 653 1083 Israel,
690 1048 708 1069 »
736 1043 815 1088 pro
847 1028 1023 1072 senibus
1050 1027 1119 1073 vel
1152 1029 1394 1073 senioribus
1426 1050 1434 1073 :

49 1098 244 1158 quamvis
263 1098 413 1142 eadem
430 1098 595 1143 locutio
609 1107 718 1143 esset
729 1098 763 1143 si
785 1099 1024 1142 diceretur:
1055 1119 1072 1139 «
1091 1099 1275 1143 Vocavit
1285 1100 1441 1159 juven-

49 1178 187 1214 tutem
211 1170 363 1225 Israel,
388 1188 407 1210 »
434 1185 512 1229 pro
519 1169 770 1230 juvenibus.
795 1169 877 1215 Sed
898 1170 981 1214 hoc
994 1169 1202 1214 usitatum
1222 1180 1285 1215 est
1302 1172 1346 1214 in
1372 1169 1438 1214 la-

52 1241 137 1284 tina
160 1240 332 1299 lingua,
358 1239 470 1284 illud
491 1250 637 1285 autem
666 1256 755 1285 non
778 1250 856 1285 est.
891 1243 1001 1286 Nam
1021 1241 1104 1285 hoc
1127 1242 1300 1301 proprie
1322 1242 1442 1286 dice-

51 1320 183 1366 retur,
205 1311 238 1355 si
258 1309 500 1366 diceretur,
531 1331 550 1353 «
568 1311 750 1356 Vocavit
772 1320 1041 1355 senectutem
1068 1312 1198 1356 Israel
1226 1332 1234 1357 z
1261 1331 1281 1353 »
1317 1314 1440 1358 Unde

49 1382 226 1441 qnidam
244 1381 479 1426 insolenter
501 1390 704 1440 putantes
721 1381 852 1425 etiam
876 1401 895 1423 «
916 1391 1114 1425 senatum
1140 1401 1159 1423 »
1181 1383 1283 1438 dici,
1303 1384 1440 1428 inter-

50 1452 204 1512 pretati
238 1461 340 1496 sunt
377 1471 396 1493 «
431 1451 628 1496 ordinem
663 1451 898 1495 seniorum.
935 1471 955 1493 »
988 1453 1262 1513 Compendio
1296 1464 1442 1499 tamen

50 1523 229 1567 forsitan
250 1521 404 1566 melius
422 1522 656 1577 diceretur,
680 1541 700 1564 «
726 1523 908 1566 Vocavit
930 1523 1118 1568 seniores
1141 1525 1287 1569 Israel.
1323 1544 1342 1566 »

546 1630 782 1679 QUAESTIO
816 1631 954 1669 xxvl.

110 1737 143 1777 l.
171 1736 342 1778 Mon-‚Es
365 1731 471 1776 dicit
492 1730 546 1776 ad
568 1735 711 1776 Aaron
727 1767 737 1787 ,
775 1752 794 1774 «
829 1735 886 1776 Et
913 1733 1081 1776 senatui
1107 1734 1235 1778 lsrael
1263 1734 1442 1795 loquere

0 1807 9 1850 ζ
54 1822 73 1845 »
109 1804 257 1848 dicens
293 1822 301 1847 z
332 1802 527 1862 Accipite
544 1802 716 1847 hircum
735 1818 787 1847 ex
810 1803 948 1863 capris
971 1820 1110 1847 unum
1134 1821 1213 1865 pro
1232 1815 1437 1865 peccato,

55 1893 74 1916 »
109 1884 151 1919 et
164 1875 340 1918 arietem
358 1873 601 1917 etvitulnm
611 1883 654 1917 et
673 1889 834 1932 agnum
848 1874 1103 1918 anniculum
1119 1876 1163 1919 in
1180 1875 1442 1937 holocarpo-

55 1965 74 1987 »
109 1947 187 1990 sim
220 1946 310 1989 sine
341 1944 538 2000 macula,
576 1954 619 1989 et
649 1944 837 1989 vitulum
867 1961 889 1989 a
917 1945 1083 2001 bobus,
1120 1956 1163 1991 et
1195 1947 1369 1992 arietem
1402 1949 1446 1992 in

55 2034 74 2057 »
109 2016 364 2060 sacrificium
383 2014 580 2060 salutaris
593 2024 692 2059 ante
709 2015 959 2071 Dominum,
980 2026 1022 2060 et
1038 2016 1222 2061 similam
1241 2035 1446 2078 consper-

0 2110 2 2127 ;
56 2105 76 2128 »
110 2103 199 2131 sam
218 2087 262 2130 in
280 2086 398 2143 oleo,
419 2085 627 2146 quoniam
655 2086 786 2130 hodie
816 2085 1038 2131 videbitur
1060 2089 1270 2133 Dominus
1294 2090 1340 2133 in
1364 2107 1444 2135 vo-

0 2179 1 2187 *
56 2176 76 2199 »
112 2158 175 2201 bis
211 2160 244 2200 2.
282 2176 298 2197 »
335 2159 533 2209 Quatuor
569 2171 724 2213 genera
758 2157 1066 2201 sacrificiorum
1102 2158 1156 2202 de
1185 2160 1446 2206 animalibus

1 2262 3 2267 ·
54 2229 247 2289 superius
270 2227 606 2282 commendavit,
626 2226 885 2284 holocausti,
904 2244 983 2288 pro
1001 2239 1198 2289 peccato,
1225 2231 1441 2288 salutaris,

0 2319 1 2329 ¹
55 2309 97 2345 et
127 2299 512 2345 consummationis
554 2318 562 2342 ι
595 2298 670 2343 scd
702 2300 1088 2345 consummationis
1127 2301 1182 2345 ad
1211 2303 1444 2348 sacerdotis

55 2371 435 2416 sanctificationem
468 2369 671 2429 pertinet.
709 2370 805 2413 Tria
838 2387 940 2430 crgo
979 2387 1134 2430 genera
1175 2372 1341 2434 reliqua
1373 2375 1444 2420 hic

0 2458 2 2462 ’
54 2442 366 2502 praecipiuntur
385 2441 559 2494 offerri,
587 2450 629 2484 et
654 2439 812 2485 dicitur
840 2442 923 2486 hoc
946 2443 1188 2488 senioribus
1213 2445 1365 2500 Isra‘c'l,
1394 2455 1446 2491 ut

55 2513 265 2571 pertineat
293 2511 348 2555 ad
377 2512 627 2560 universum
656 2511 885 2570 populum.
922 2512 1006 2557 Sed
1042 2513 1125 2558 hoc
1158 2513 1256 2559 1000
1284 2516 1445 2560 sacrifi-

56 2582 170 2626 cium
191 2597 270 2642 pro
294 2591 474 2640 peccato
492 2582 626 2625 habet
652 2581 728 2625 tria
747 2597 924 2641 pecora,
950 2583 1121 2628 hircum
1140 2593 1182 2628 ct
1205 2586 1380 2631 arietem
1402 2597 1445 2632 et

105 2685 112 2701 ¹
138 2678 243 2710 Levit.
266 2690 309 2719 lx,
331 2690 358 2709 1.
381 2695 422 2700 —-
442 2678 651 2721 21bid.3,4

269 2742 392 2772 CXIII.
1181 2735 1233 2775 214
