1872 3267
435 316 518 355 338
844 325 879 354 s.
914 324 1144 356 Avensa-lm
1177 327 1357 355 muscom

425 391 614 435 Orientis
641 398 686 435 et
716 389 963 435 Occidentis
995 389 1245 436 sufficerent
1275 388 1410 435 latera
1440 388 1740 450 quadragena,
1772 390 1807 434 si

423 459 730 506 tantummodo
758 460 940 505 interius
968 460 1302 506 tabernaculum
1327 459 1433 506 velis
1461 457 1691 520 capillaciis
1718 460 1808 505 cin-

426 539 623 590 geretur3
654 530 813 576 additis
842 539 990 575 autem
1019 529 1227 575 lateribus
1255 530 1350 574 atrii
1376 529 1512 574 crevit
1537 529 1806 574 tabernaculi

422 598 632 656 latitudo,
666 610 718 645 ut
751 600 949 660 tegendis
982 599 1190 645 lateribus
1223 600 1434 645 Orientali
1465 609 1509 644 et
1537 599 1806 645 Occidentali

417 672 511 732 jam
532 687 622 717 non
638 671 932 733 quadragena,
956 670 1031 716 sed
1055 672 1364 733 quinquagena
1379 670 1528 715 cubita
1549 670 1635 715 sint
1655 686 1806 716 neces-

421 743 530 788 saria
552 763 561 788 :
588 743 644 788 ad
661 760 710 789 ea
740 743 924 803 tegenda
939 743 1148 802 proficere
1169 743 1312 804 potuit
1339 741 1663 802 capillaciorum
1684 742 1806 788 velo-

420 828 519 858 rum
549 813 780 873 longitudo
809 813 992 873 amplior
1019 828 1152 874 quam
1184 812 1450 871 aulaeorum3
1487 821 1539 856 ut
1565 828 1655 858 non
1677 813 1805 858 ambo

419 884 583 939 cubita,
604 884 764 944 quibus
781 884 893 927 binis
909 883 1105 941 longiora
1125 893 1242 939 sunt,
1270 899 1319 927 ex
1336 899 1424 927 una
1441 892 1562 943 parte
1579 882 1806 943 impende-

419 963 593 1010 rentur,
608 954 681 1001 sed
704 974 723 997 «
743 955 956 1000 Cubitum
974 970 1024 998 ex
1041 955 1147 1011 1100,
1168 964 1212 999 et
1227 955 1427 999 cubitum
1444 970 1496 998 ex
1507 955 1590 1000 hoc
1611 974 1620 1000 2
1643 973 1663 996 »
1679 970 1728 1000 ac
1745 955 1804 1000 sic

416 1025 599 1071 haberet
626 1041 677 1069 ex
712 1025 803 1085 ipsa
833 1024 1232 1085 superabundantia
1263 1025 1375 1069 latus
1405 1024 1625 1070 Orientale
1655 1026 1804 1073 cubita

417 1093 595 1150 decem,
634 1105 678 1140 et
711 1094 993 1140 Occidentale
1026 1094 1108 1139 alia
1144 1095 1310 1140 decem.
1343 1095 1506 1154 Viginti
1539 1096 1654 1139 enim
1691 1097 1805 1141 fiunt

415 1165 519 1210 bina
542 1165 695 1210 decem
721 1184 730 1210 ι
755 1165 858 1225 quia
879 1164 964 1210 veli
991 1164 1212 1210 undecimi
1234 1166 1381 1210 cubita
1410 1165 1585 1224 triginta
1606 1165 1804 1225 duplica-

415 1235 534 1280 tione
556 1244 599 1279 et
616 1235 888 1280 subtectione
907 1234 962 1279 ab
983 1235 1067 1280 hoc
1085 1235 1253 1280 ambitu
1274 1235 1579 1281 detrahuntur.

474 1308 617 1351 XVII.
647 1304 732 1351 Sed
755 1306 962 1366 quoniam
984 1305 1030 1349 id
1051 1305 1173 1366 quod
1194 1305 1328 1350 latine
1354 1306 1687 1366 interpretatum
1709 1315 1772 1351 est
1786 1342 1798 1362 ,

417 1394 438 1418 «
460 1375 670 1421 Cubitum
688 1391 739 1419 ex
753 1375 854 1431 hoc,
879 1384 924 1419 et
945 1374 1145 1420 cubitum
1166 1391 1217 1419 cx
1233 1377 1332 1431 hoc,
1358 1391 1409 1420 ex
1423 1391 1474 1421 eo
1491 1374 1612 1437 quod
1628 1386 1802 1436 superat

414 1464 437 1489 »
461 1445 567 1491 velis
584 1445 638 1490 de
652 1445 925 1505 longitudine
945 1445 1143 1490 velorum
1160 1446 1443 1501 tabernaculi,
1464 1447 1545 1490 erit
1565 1456 1800 1506 contegens

414 1536 436 1560 ν
461 1532 590 1578 super
602 1517 735 1562 latera
754 1515 1041 1572 tabernaculi,
1056 1532 1253 1576 »graecus
1271 1517 1405 1562 habet
1418 1525 1660 1578 mammonae
1675 1517 1800 1562 latini

410 1589 612 1635 nonnulli
630 1593 719 1634 n'on
737 1608 756 1631 κ
779 1588 931 1643 latera,
962 1606 982 1631 »
1008 1588 1085 1633 sed
1107 1587 1323 1649 «obliqua
1346 1607 1366 1630 »
1392 1589 1662 1649 interpretati
1679 1598 1796 1645 sunt,

409 1661 564 1705 merito
587 1668 749 1715 movet,
775 1659 877 1720 quia
895 1658 973 1702 etsi
998 1657 1107 1702 nihil
1123 1658 1194 1703 hic
1216 1658 1416 1703 videatur
1443 1658 1698 1719 obliquum,
1722 1659 1799 1704 ubi

408 1747 559 1777 omnes
571 1731 719 1791 anguli
732 1740 921 1791 quatuor
943 1729 1130 1773 laterum
1143 1730 1247 1774 recti
1263 1739 1365 1774 sunt
1381 1751 1391 1788 3
1406 1737 1529 1783 πλάγια
1544 1739 1690 1774 tamen
1707 1730 1792 1775 dici
1846 1758 1847 1762 =

408 1803 543 1848 latera
565 1801 640 1846 illa
661 1817 751 1846 non
771 1810 952 1861 possunt
966 1837 976 1857 ,
1002 1815 1191 1862 quorum
1210 1816 1350 1844 unum
1372 1810 1436 1846 est
1456 1801 1500 1844 in
1522 1800 1632 1845 facie
1649 1835 1660 1855 ,
1687 1799 1797 1846 alte-

407 1889 504 1919 rum
531 1882 661 1928 retro,
677 1872 722 1916 id
745 1882 823 1927 est,
849 1870 1069 1915 Orientale
1091 1879 1135 1914 et
1158 1869 1466 1928 Occidentale3
1490 1870 1564 1915 sed
1577 1878 1699 1925 πλάγια
1712 1870 1796 1916 dici

409 1945 590 2004 possunt
605 1959 628 1987 a
649 1943 800 1987 dextro
823 1951 866 1986 et
889 1957 912 1986 a
934 1941 1120 1995 sinistro,
1145 1940 1191 1984 id
1214 1949 1292 1995 est,
1317 1940 1602 2000 Aquilonium
1620 1951 1663 1985 et
1684 1945 1796 1987 Aus—

409 2016 530 2060 trale.
565 2018 676 2060 Cum
705 2028 808 2072 crgo
830 2027 920 2057 non
953 2013 1039 2056 sint
1074 2027 1123 2055 ea
1154 2020 1286 2066 πλάγια,
1323 2027 1421 2072 quae
1451 2012 1616 2056 habent
1646 2013 1794 2058 cubita

407 2086 739 2146 quinquagena,
765 2082 925 2143 quibus
941 2081 1147 2143 lateribus
1166 2081 1359 2141 tegendis
1375 2083 1584 2141 proficere
1604 2084 1794 2143 potuisse

406 2154 592 2200 diximus
608 2162 885 2213 superantem
898 2150 1217 2210 longitudinem
1235 2151 1557 2211 capillaciorum
1569 2152 1763 2198 velorum
1779 2175 1790 2211 3

406 2224 628 2287 quomodo
651 2224 731 2268 erit
752 2238 927 2277 verum⁷
957 2240 976 2263 «
1001 2222 1212 2266 Cubitum
1235 2237 1287 2265 ex
1309 2223 1413 2276 1100,
1439 2231 1483 2266 et
1510 2223 1709 2267 cubitum
1739 2239 1789 2268 ex

408 2316 429 2340 »
454 2298 554 2352 hoc⁷
579 2312 630 2340 ex
651 2309 702 2339 eo
725 2293 845 2354 quod
873 2301 1047 2352 superat
1074 2290 1179 2336 velis
1207 2291 1261 2336 de
1293 2292 1567 2351 longitudine
1594 2290 1808 2352 veloruml

406 2384 428 2409 »
455 2363 722 2411 tabernaculi
737 2399 747 2419 ‚
773 2363 854 2407 erit
875 2371 1110 2420 contegens
1133 2377 1260 2421 super
1283 2361 1418 2407 latera
1446 2364 1743 2408 tabernaculi?
1767 2383 1786 2406 »

406 2437 492 2484 Sed
523 2436 731 2480 nimirum
765 2434 819 2478 de
852 2432 934 2476 illis
968 2432 1175 2476 lateribus
1208 2432 1404 2491 tegendis
1440 2433 1650 2494 loquitur,
1690 2451 1790 2495 quae

405 2508 534 2552 etiam
564 2506 688 2551 dorsa
723 2502 912 2564 appellat
934 2501 1254 2562 quindenorum
1284 2503 1530 2546 cubitorum
1560 2504 1788 2549 columna-

404 2594 590 2637 rumque
614 2586 857 2627 ternarum7
884 2590 983 2633 quw,
1014 2588 1112 2616 cuin
1139 2581 1260 2631 porta
1294 2573 1389 2616 atrii
1419 2574 1608 2618 habente
1640 2563 1801 2620 cubita'

402 2648 552 2705 viginti
574 2656 617 2690 et
637 2646 860 2692 columnas
884 2653 1092 2703 quatuor,
1119 2643 1436 2702 quinquaginta
1459 2644 1680 2703 complent
1701 2661 1781 2690 cu·
