1872 3267
383 261 651 299 QtAEsTwNEs
684 263 727 289 lN
760 261 976 300 GENEsiM,
1011 264 1094 289 Lus.
1131 264 1159 288 1.
1376 253 1459 291 179

76 326 234 368 Decem
254 325 369 370 enim
387 334 431 371 et
451 335 616 386 septem
635 342 849 371 annorum
867 341 956 371 esse
974 341 1063 370 non
1079 325 1237 385 potuit,
1262 325 1343 370 nisi
1361 336 1461 371 antc

73 393 304 439 duodecim
333 412 468 442 annos
490 398 640 442 mortis
664 400 804 452 Isaac,
831 397 1065 441 centesimo
1091 404 1135 439 et
1163 405 1317 441 octavo
1346 413 1462 442 anno

0 479 3 494 r
73 464 172 508 vitae
195 466 328 526 patris
348 467 414 511 sui
439 467 590 512 Jacob.
617 467 693 512 His
716 468 832 511 enim
857 483 957 512 cum
974 466 1256 528 adjecerimus
1280 467 1459 527 viginti-

0 533 4 539 ’
69 534 178 580 duos
201 552 337 582 annos
358 537 518 598 quibus
541 538 702 598 Joseph
724 554 864 599 usque
895 537 950 582 ad
978 537 1216 582 adventum
1239 539 1371 596 patris
1392 540 1458 583 sui

0 615 4 643 ι*
67 605 152 650 fuit
173 606 217 650 in
233 610 449 668 AEgypto,
474 610 582 653 fient
602 610 739 653 aetatis
762 610 865 653 anni
882 609 1044 668 Joseph
1067 607 1425 666 triginta-novem
1442 645 1453 665 ,

0 715 2 717 .
67 685 110 720 et
126 677 263 721 Jacob
285 679 682 739 centum-triginta,
703 688 747 723 et
766 678 887 724 nulla
911 681 990 723 erit
1009 680 1206 740 quaestio.
1236 680 1322 724 Sed
1344 696 1459 741 quo-

0 764 5 782 r
52 746 184 791 'niam
209 748 431 808 Scriptura
460 758 558 810 post
578 758 766 794 mortem
792 753 911 795 Isaac
934 750 1015 794 ista
1037 750 1249 806 narravit,
1274 760 1455 810 putatur

65 819 225 880 Joseph
243 829 341 880 post
362 820 557 881 ejusdem
576 822 643 866 avi
664 822 730 866 sui
748 831 934 867 mortem
950 820 1103 866 decem
1124 831 1167 866 et
1194 831 1359 882 septem
1382 839 1457 867 an-

62 905 220 936 norum
240 889 386 936 luisse.
411 893 687 952 Quapropter
704 892 1000 952 intelligamus
1018 892 1072 937 de
1093 893 1181 937 vita
1200 896 1318 938 Isaac
1332 929 1343 949 ,
1362 903 1453 938 tan-

63 977 195 1023 quam
216 962 408 1008 multum
430 962 639 1024 decrepiti
662 964 774 1009 senis
789 1000 800 1021 ,
825 965 1010 1010 tacuisse
1033 964 1300 1025 Scripturam
1316 1001 1327 1021 ,
1353 981 1455 1010 cum

57 1033 147 1093 jam
169 1033 224 1077 de
241 1034 378 1079 Jacob
400 1043 443 1079 et
463 1035 556 1096 ejus
578 1034 676 1093 filiis
703 1034 960 1096 loqueretur
978 1055 986 1079 z
1012 1036 1112 1080 vivo
1141 1045 1287 1080 tamen
1310 1040 1451 1092 Isaac,

62 1102 212 1149 decem
231 1114 274 1149 et
295 1115 460 1166 septem
483 1122 699 1151 annorum
721 1122 812 1151 esse
831 1105 966 1166 coepit
988 1107 1164 1166 Joseph.

531 1216 769 1266 QUAEsrio
800 1216 973 1256 cxxul.

119 1316 246 1369 Quoi)
265 1314 370 1360 dicit
387 1315 524 1360 Jacob
548 1314 603 1360 ad
627 1316 788 1376 Joseph
808 1336 818 1360 :
844 1335 864 1358 «
889 1315 1020 1369 Quod
1042 1324 1105 1360 est
1127 1316 1346 1361 somnium
1369 1317 1452 1363 hoc

62 1403 82 1426 »
116 1384 236 1446 quod
268 1386 517 1431 somniasti?
537 1386 764 1448 Numquid
798 1386 1021 1432 venientes
1052 1386 1277 1432 veniemus
1305 1403 1386 1448 ego
1409 1399 1453 1433 et

62 1474 82 1497 »
117 1466 255 1501 mater
278 1467 352 1502 tua
369 1466 413 1502 et
426 1457 579 1502 fratres
602 1457 666 1502 tui
688 1457 868 1503 adorare
882 1466 924 1502 te
941 1473 1072 1518 super
1090 1468 1249 1503 terram
1264 1461 1302 1502 ¹?
1320 1478 1339 1500 »
1362 1460 1451 1505 Nisi

57 1527 103 1572 in
121 1526 267 1589 aliquo
283 1528 488 1586 mysterio
503 1528 671 1574 dictum
685 1528 936 1589 accipiatur,
950 1530 1174 1589 quomodo
1191 1529 1450 1590 intelligitur

57 1597 112 1643 de
135 1608 273 1643 matre
302 1601 490 1661 Joseph,
521 1617 621 1661 quae
648 1601 740 1662 jam
775 1609 867 1645 erat
897 1603 1102 1645 mortua?
1140 1600 1265 1646 Unde
1299 1603 1449 1647 necin

56 1671 249 1729 AEgypto
264 1705 275 1725 ,
295 1686 395 1715 cum
418 1670 744 1727 sublimaretur,
770 1670 1017 1731 putandum
1035 1681 1099 1716 est
1120 1671 1204 1716 hoc
1222 1688 1312 1717 esse
1330 1689 1448 1718 com-

53 1739 248 1800 pletum,
279 1742 380 1802 quia
409 1757 489 1786 nec
515 1750 640 1802 pater
671 1757 772 1786 eum
797 1741 1018 1797 adoravit,
1053 1743 1232 1803 quando
1258 1744 1313 1788 ad
1344 1760 1444 1789 eum

53 1812 173 1855 venit
192 1811 238 1855 in
266 1814 507 1872 AEgyptum
524 1847 535 1868 ,
561 1827 642 1856 nec
672 1820 812 1857 mater
840 1811 945 1857 olim
968 1806 1179 1858 defuncta
1207 1815 1366 1874 potuit.
1395 1819 1447 1860 In

5 1933 8 1940 ⁴
53 1881 213 1926 Christi
235 1897 338 1940 ergo
359 1897 542 1942 persona
574 1880 700 1927 facile
720 1882 906 1942 intelligi
931 1892 1075 1943 potest
1095 1885 1224 1929 etiam
1253 1885 1307 1929 de
1329 1901 1447 1932 mor-

41 1951 159 2007 -tuis,
185 1951 430 1998 secundum
457 1952 569 1997 illud
589 1952 712 2013 quod
739 1952 848 1998 dicit
874 1953 1109 2013 Apostolus
1130 1974 1139 2000 :
1181 1974 1201 1997 «
1222 1957 1333 2010 Quia
1363 1957 1446 2002 do-

56 2040 77 2064 »
110 2024 230 2068 navit
249 2022 288 2067 ei
310 2038 472 2068 nomen
495 2024 617 2084 quod
636 2033 701 2069 est
721 2039 851 2084 super
868 2039 999 2069 omne
1015 2040 1177 2070 nomen
1193 2061 1204 2082 ,
1225 2037 1274 2072 ut
1293 2028 1338 2072 in
1359 2044 1443 2074 no·-

56 2113 77 2138 »
109 2095 225 2140 mine
238 2098 342 2140 ,Iesu
359 2111 488 2140 omne
506 2111 620 2154 genu
638 2096 854 2152 flectatur,
871 2095 1135 2154 coelestium,
1154 2100 1439 2156 terrestrium,

56 2183 78 2208 »
111 2175 153 2212 et
175 2165 490 2214 infernorum.
520 2186 541 2209 »

523 2275 758 2325 QUAESTIO
790 2276 963 2318 CXXIV.

110 2378 347 2432 Quini-run
361 2393 496 2440 quare
509 2376 746 2422 Ismae'litas
762 2377 998 2438 Scriptura,
1017 2378 1179 2440 quibus
1193 2396 1217 2425 a
1234 2379 1441 2428 fratribus

52 2448 252 2497 venditus
279 2460 343 2496 est
372 2450 533 2510 Joseph
549 2452 588 2506 3,
615 2450 746 2494 etiam
778 2448 1037 2495 Madianitas
1073 2460 1225 2507 vocet,
1251 2468 1352 2497 cum
1374 2457 1440 2499 Is-

51 2518 161 2564 mael
181 2520 235 2565 sit
257 2521 312 2566 de
335 2524 449 2580 Agar
472 2520 585 2566 filius
614 2520 828 2576 Abrahae,
859 2519 1110 2566 Madianitae
1141 2537 1244 2566 vero
1276 2523 1331 2567 de
1353 2527 1439 2571 Ce-

101 2610 109 2627 ¹
135 2607 214 2638 Gen.
237 2616 358 2649 xxxvn,
378 2618 428 2639 io.
453 2622 494 2629 -
515 2612 528 2630 2
548 2605 660 2648 Philip.
682 2615 716 2638 ιι.
741 2616 774 2648 9.
794 2621 836 2628 —-
856 2603 869 2629 3
886 2608 966 2639 Gen.
982 2617 1104 2648 xxxvn,
1125 2607 1178 2640 28.

1187 2663 1249 2701 12.
