1872 3267
393 202 474 239 552
823 210 857 238 s.
894 211 976 240 Auo
984 214 1124 241 usuum
1157 213 1336 240 EPISCOPI

384 274 588 322 Israelitae
607 274 901 335 possiderent,
924 278 1203 322 manifestum
1226 286 1303 321 est.
1329 278 1516 322 Caeteras
1538 279 1654 322 enim
1671 296 1771 340 quae

380 346 665 406 longinquius
693 354 810 390 extra
845 345 945 391 istas
979 358 1125 406 gentes
1156 347 1477 403 invenirentur,
1505 348 1643 394 voluit
1674 350 1770 395 fieri

380 415 629 463 tributarias
654 431 822 472 eorum,
841 416 875 461 si
891 433 980 462 non
996 418 1268 463 resisterent:
1289 418 1322 462 si
1342 427 1487 462 autem
1508 419 1768 477 resisterent,

379 489 508 533 etiam
527 488 639 547 ipsas
657 488 867 543 interfici,
893 498 936 533 et
952 489 998 533 in
1022 490 1314 549 perditionem
1341 489 1457 546 dari,
1483 492 1671 551 exceptis
1691 508 1772 552 pe-

380 560 554 605 coribus
572 569 615 603 et
637 575 736 620 quae
758 559 803 603 in
825 561 1020 619 praedam
1041 571 1217 620 possent
1242 561 1405 607 venire.
1432 564 1544 606 Item
1570 561 1654 607 alio
1675 562 1774 610 loco

381 632 426 675 in
448 630 789 675 Deuteronomio
816 630 875 674 ita
900 630 1088 690 legitur:
1115 651 1137 673 α
1166 635 1222 676 Et
1243 633 1348 687 erit,
1370 647 1470 676 cum
1494 633 1712 678 induxerit
1731 643 1775 679 te

384 720 404 743 »
438 700 653 745 Dominus
685 703 797 745 Deus
823 710 924 745 tuus
951 701 995 745 in
1022 711 1180 746 terram
1206 702 1252 746 in
1277 718 1409 763 quam
1439 703 1573 747 intras
1597 703 1658 747 ibi
1679 704 1773 748 hae-

384 792 405 815 »
441 771 625 816 reditare
651 786 770 827 eam,
795 781 838 816 et
861 771 1089 817 abstulerit
1121 781 1270 831 gentes
1300 788 1476 831 magnas
1498 783 1542 817 et
1569 772 1728 818 multas
1752 791 1775 820 a

387 862 407 885 »
443 851 680 902 conspectu
700 851 793 898 tuo,
806 843 1056 888 Cetthaeum
1069 852 1112 887 et
1125 844 1400 902 Gergesaeum
1414 852 1457 887 et
1471 844 1776 889 Amorrhaeum

385 933 408 956 »
443 923 487 958 et
506 915 783 958 Pheresaeum
801 923 844 958 et
860 914 1157 960 Chananaeum
1181 923 1224 958 et
1245 917 1428 959 Evaeum
1445 923 1488 958 et
1505 917 1529 959 J
1533 914 1773 972 ebusaeum‚

390 1005 410 1027 »
445 995 610 1045 septem
633 994 781 1044 gentes
803 1000 981 1044 magnas
1009 995 1052 1030 et
1074 985 1232 1030 multas
1263 994 1305 1029 et
1335 984 1534 1030 fortiores
1557 986 1701 1042 vobis,
1735 996 1778 1031 et
1817 1023 1820 1039 ,

390 1075 412 1099 1)
448 1056 590 1100 tradet
612 1071 683 1100 eos
705 1055 917 1100 Dominus
950 1059 1065 1101 Deus
1092 1065 1194 1100 tuus
1215 1057 1260 1100 in
1281 1071 1436 1100 manus
1462 1065 1580 1112 tuas,
1612 1066 1655 1101 et
1676 1072 1778 1116 per-

391 1148 410 1171 »
445 1127 581 1171 cuties
612 1141 705 1182 eos,
735 1127 989 1171 exterminio
1017 1127 1324 1171 exterminabis
1357 1129 1549 1172 eos.Non
1578 1126 1779 1187 dispones

390 1217 411 1240 »
447 1198 502 1242 ad
527 1212 598 1241 eos
620 1207 955 1253 testamentum,
987 1213 1130 1258 neque
1160 1199 1398 1243 miserearis
1433 1213 1606 1254 eorum,
1637 1214 1780 1259 neque

389 1288 410 1310 n
446 1267 732 1313 matrimoniis
770 1268 1017 1328 jungamini
1061 1284 1161 1313 cum
1195 1270 1253 1313 eis
1291 1289 1298 1313 :
1348 1269 1483 1313 filiam
1529 1278 1648 1313 tuam
1690 1285 1781 1314 non

391 1358 411 1381 »
447 1338 568 1383 dabis
591 1337 682 1382 filio
702 1339 808 1398 ejus,
829 1347 872 1382 et
895 1338 1028 1382 filiam
1046 1340 1138 1398 ejus
1151 1354 1241 1382 non
1255 1353 1396 1382 sumes
1411 1337 1501 1382 filio
1515 1341 1636 1394 tuo1,
1652 1348 1735 1384 etc.
1755 1358 1776 1381 »
1823 1330 1827 1342 '
1870 1339 1872 1375 1

450 1413 532 1454 ΙΙΙ.
559 1409 747 1454 Proinde
779 1409 844 1453 his
880 1418 1010 1469 atque
1041 1410 1133 1454 aliis
1169 1410 1491 1469 Scripturarum
1521 1409 1627 1454 locis
1666 1426 1781 1471 saepe

391 1481 652 1535 ostenditur,
673 1481 829 1524 harum
851 1490 1017 1539 septem
1046 1481 1239 1539 gentium
1263 1488 1397 1524 terras
1419 1480 1479 1523 ita
1502 1481 1714 1540 accepisse
1735 1481 1782 1525 in

392 1552 691 1599 haereditatem
716 1551 824 1595 filios
848 1550 995 1605 Israel,
1019 1560 1070 1595 ut
1093 1567 1182 1596 non
1205 1566 1305 1595 cum
1323 1551 1381 1595 eis
1400 1551 1476 1612 qui
1497 1550 1668 1595 easdem
1692 1561 1782 1596 ter-

394 1641 459 1669 ras
482 1624 706 1676 tenebant,
733 1621 809 1666 sed
831 1637 909 1681 pro
932 1622 990 1665 eis
1010 1620 1098 1666 illie
1116 1622 1378 1666 habitarent.
1406 1624 1719 1666 Verumtamen
1738 1623 1783 1666 in

394 1695 552 1741 Grenesi
574 1709 664 1738 non
686 1693 779 1737 istae
801 1702 973 1736 tantum
995 1701 1159 1752 septem
1184 1701 1348 1751 gentes,
1369 1693 1445 1736 sed
1462 1692 1665 1736 undecim
1686 1708 1785 1752 pro-

394 1769 629 1813 mittuntur
655 1764 807 1808 semini
830 1764 1033 1807 Abrahae.
1058 1763 1125 1807 Sic
1148 1763 1263 1806 enim
1284 1762 1469 1821 legitur:
1502 1782 1519 1802 «
1549 1766 1600 1806 In
1623 1762 1692 1806 die
1709 1762 1783 1808 illa
1826 1815 1829 1826 Ι

397 1859 418 1881 1)
454 1835 644 1896 diposuit
666 1835 875 1878 Dominus
900 1837 1012 1877 Deus
1036 1842 1345 1877 testamentum
1370 1833 1425 1877 ad
1449 1832 1692 1888 Abraham,
1713 1834 1782 1877 di-

400 1928 420 1951 »
455 1922 575 1952 cens:
601 1904 761 1950 Semini
790 1913 867 1948 tuo
891 1902 1006 1947 dabo
1024 1912 1181 1947 terram
1203 1904 1332 1958 hanc,
1353 1919 1374 1947 a
1394 1903 1575 1947 flumine
1602 1904 1783 1963 AEgypti

402 2001 420 2021 »
456 1992 595 2038 usque
614 1976 668 2020 ad
686 1976 851 2019 flumen
869 1988 1076 2032 magnum
1090 2008 1100 2028 ,
1116 1972 1281 2017 flumen
1298 1974 1585 2033 Euphratem,
1603 1975 1783 2019 Cenaeos

399 2069 420 2092 »
458 2058 502 2093 et
522 2049 746 2092 Cenesaeos
775 2054 818 2089 et
846 2047 1117 2090 Cetmonaeos
1146 2053 1190 2088 et
1217 2045 1434 2089 Cetthaeos
1464 2053 1507 2088 et
1539 2044 1783 2089 Pheresaeos

401 2139 422 2162 »
459 2128 502 2162 et
536 2117 753 2177 Rapha'i'm
783 2124 826 2159 et
860 2115 1134 2159 Amorrhaeos
1172 2124 1214 2159 et
1247 2115 1514 2160 Chananaeos
1549 2124 1592 2159 et
1631 2117 1784 2159 Evaeos
1833 2166 1835 2172 ἲ

402 2209 424 2233 »
459 2199 503 2233 et
520 2190 767 2247 Gergesaeos
789 2194 832 2230 ct
849 2184 1110 2230 Jebusaeos2.
1135 2203 1155 2227 »
1179 2188 1288 2239 Quae
1309 2185 1365 2230 ita
1382 2185 1564 2230 solvitur
1581 2185 1780 2245 quaestio,

399 2270 449 2305 ut
465 2258 757 2317 intelligamus
778 2257 890 2301 hanc
911 2256 1174 2316 praecessisse
1195 2256 1484 2316 prophetiam,
1506 2255 1625 2317 quod
1643 2256 1690 2300 in
1712 2271 1783 2300 eos

399 2333 506 2375 fines
529 2344 711 2387 regnum
737 2328 881 2372 fuerat
901 2337 1178 2386 porrecturus
1201 2336 1244 2371 et
1266 2326 1524 2371 dilataturus
1549 2327 1777 2381 Salomon,

401 2402 456 2446 de
478 2416 566 2460 quo
588 2401 646 2443 ita
668 2399 876 2458 scriptum
893 2408 980 2443 est:
1010 2418 1030 2441 «
1055 2402 1112 2443 Et
1139 2414 1266 2443 omne
1287 2398 1558 2458 propositum
1584 2396 1782 2442 Salomo-
1837 2447 1839 2464 ἦ

405 2491 424 2513 »
461 2472 547 2526 nis,
567 2486 655 2531 quo
678 2469 966 2514 destinaverat
985 2469 1199 2515 aedificare
1220 2470 1265 2514 in
1288 2468 1525 2515 Jerusalem
1547 2477 1590 2515 et
1613 2467 1780 2512 Libano
1838 2502 1839 2509 ,

457 2562 463 2578 ¹
491 2559 582 2589 Dent.
600 2567 656 2595 vu,
679 2559 738 2588 1-3,
761 2572 801 2578 -—-
822 2553 930 2589 ³Gen.
950 2565 1004 2590 xv,
1023 2553 1125 2588 18-20.
