1872 3267
413 167 496 207 574
844 179 877 207 s.
914 178 1142 209 AUGUSTINI
1176 182 1355 209 Emscorl

898 293 1131 344 QUAESTIO
1163 296 1283 335 xvn.

472 398 506 439 I.
529 414 549 438 «
564 398 627 439 ΕΤ
641 395 839 441 vendidit
859 412 930 440 eos
942 396 988 440 in
1004 413 1137 442 manu
1153 397 1428 442 inimicorum
1452 412 1630 442 suorum
1644 398 1690 441 in
1707 398 1792 442 cir-

415 486 435 509 »
470 467 592 512 cuitu
608 469 637 510 1.
666 486 685 508 »
712 468 857 521 Quaeri
877 467 986 513 solet
1007 484 1141 528 quare
1163 468 1332 525 dixerit,
1364 489 1383 511 ‹<
1404 468 1626 525 Vendidit,
1649 487 1670 511 »
1696 479 1795 514 tan-

411 553 543 598 quam
559 536 736 598 aliquod
748 538 937 597 pretium
951 538 1220 598 intelligatur
1231 538 1396 583 datum.
1416 538 1499 584 Sed
1512 539 1611 583 etin
1623 538 1794 585 Psalmo

410 608 567 666 legitur
593 627 602 652 ι
631 628 651 651 (ι
673 608 916 653 vendidisti
951 608 1166 669 populum
1199 619 1325 654 tuum
1355 610 1445 654 sine
1473 609 1640 670 pretio²
1667 629 1676 654 :
1705 628 1725 651 »
1752 620 1797 655 et

411 679 530 739 apud
552 680 815 739 Prophetam
837 699 845 723 :
877 698 896 721 «
916 680 1055 724 Gratis
1077 679 1244 724 venditi
1272 682 1369 726 estis
1386 717 1396 737 ,
1422 690 1465 725 et
1496 696 1585 725 non
1602 696 1702 725 cum
1724 696 1795 725 ar-

414 768 433 791 »
470 761 599 808 gento
622 749 936 794 redimemini3.
968 753 1153 804 »Quare
1184 766 1285 810 ergo
1309 751 1497 808 venditi,
1528 751 1562 795 si
1589 751 1720 811 gratis
1751 760 1796 796 et

410 821 503 865 sine
525 822 680 881 pretio,
705 830 748 865 et
767 837 856 866 non
874 822 1017 881 potius
1035 821 1184 866 donati
1206 824 1222 866 Ρ
1240 825 1309 866 An
1336 821 1448 866 forte
1476 823 1797 882 Scripturarum

409 891 572 937 locutio
586 902 664 948 est,
685 901 734 936 ut
755 892 955 937 venditus
978 893 1105 936 etiam
1120 893 1195 952 qui
1218 891 1406 937 donatur
1427 892 1513 937 dici
1534 893 1698 952 possit?
1716 893 1796 938 Hic

412 972 557 1007 autem
581 979 727 1008 sensus
747 974 809 1008 est
826 964 1013 1024 optimus
1030 964 1075 1007 in
1092 979 1143 1008 eo
1167 962 1287 1024 quod
1308 963 1474 1008 dietum
1497 972 1559 1007 est
1578 980 1586 1005 ε
1617 983 1636 1006 «
1658 964 1797 1009 Gratis

414 1052 433 1075 »
469 1033 634 1079 venditi
657 1035 771 1089 estis,
786 1053 806 1076 »
824 1043 882 1090 et,
899 1054 919 1076 α
934 1034 1178 1078 Vendidisti
1200 1035 1415 1094 populum
1436 1045 1562 1080 tuum
1585 1035 1675 1079 sine
1694 1049 1797 1094 pre-

414 1120 434 1144 »
470 1105 529 1148 tio
546 1124 554 1148 ;
569 1123 589 1146 »
608 1105 710 1164 quia
722 1104 799 1158 illi,
818 1105 976 1165 quibus
988 1104 1202 1149 tradidisti
1215 1105 1445 1165 populum,
1461 1106 1582 1165 impii
1599 1104 1794 1161 fuerunt,

410 1190 501 1219 non
521 1179 661 1219 Deum
686 1175 871 1220 colendo
891 1176 1003 1220 tradi
1027 1177 1109 1220 sibi
1132 1175 1257 1220 illum
1279 1176 1493 1237 populum
1517 1186 1793 1232 meruerunt,

410 1254 460 1289 ut
496 1246 587 1305 ipse
615 1249 757 1291 cultus
793 1256 999 1308 tanquam
1030 1247 1220 1307 pretium
1255 1247 1491 1292 videretur.
1527 1246 1657 1301 Quod
1693 1262 1796 1293 vero

410 1316 579 1361 dietum
601 1326 684 1363 est:
710 1337 730 1360 «
748 1320 900 1378 Neque
916 1333 1017 1361 cum
1035 1327 1214 1376 argento
1233 1317 1530 1363 redimemini:
1555 1336 1575 1359 »
1593 1333 1684 1363 non
1705 1318 1793 1377 ait,

411 1406 433 1429 «
467 1390 617 1447 Neque
642 1403 743 1432 cum
762 1388 903 1447 pretio
920 1423 930 1443 ,
957 1406 976 1429 »
1003 1387 1102 1444 sed,
1133 1408 1153 1431 «
1176 1391 1327 1449 Neque
1348 1404 1449 1433 cum
1472 1398 1676 1447 argento,
1702 1406 1722 1430 »
1746 1396 1797 1432 ut

406 1458 596 1518 pretium
616 1458 926 1519 redemptionis
949 1458 1238 1518 intelligamus
1253 1495 1264 1516 ,
1295 1459 1424 1520 quale
1449 1459 1553 1503 dicit
1575 1458 1795 1519 apostolus

407 1531 559 1574 Petrus
578 1549 587 1576 ε
622 1550 642 1574 «
665 1533 764 1576 Non
783 1531 898 1574 enim
921 1539 1099 1589 argento
1130 1539 1174 1574 et
1195 1545 1301 1575 auro
1322 1529 1538 1589 redempti
1560 1530 1681 1586 estis,
1719 1527 1796 1574 sed

408 1620 427 1643 »
464 1603 652 1662 pretioso
674 1603 882 1662 sanguine
899 1602 1012 1662 Agni
1028 1601 1341 1646 iinmaculati⁴.
1362 1619 1382 1642 »
1400 1604 1451 1646 In
1474 1610 1654 1660 argento
1676 1601 1793 1645 enim

406 1675 623 1734 Propheta
651 1689 827 1718 omnem
847 1673 1078 1734 pecuniam
1103 1672 1380 1730 significavit,
1406 1671 1484 1715 ubi
1517 1671 1576 1715 ait
1605 1690 1614 1716 :
1644 1690 1665 1713 «ι
1695 1673 1794 1716 Non

407 1762 427 1786 »
462 1761 563 1789 cum
595 1754 774 1804 argento
808 1743 1106 1801 redimemini,
1134 1762 1154 1785 »
1195 1742 1404 1803 quoniam
1437 1741 1577 1801 pretio
1611 1741 1791 1802 quidem

402 1815 620 1874 sanguinis
647 1814 833 1870 Christi,
866 1830 957 1860 non
990 1823 1137 1859 tamen
1165 1812 1303 1873 pretio
1332 1811 1581 1872 pecuniario
1611 1810 1788 1856 fuerant

402 1886 661 1931 redimendi.
729 1897 731 1899 ·

461 1960 518 2002 ΙΙ.
540 1961 592 2001 In
613 1973 664 2002 eo
687 1956 808 2017 quod
828 1956 1041 2002 Dominus
1064 1955 1169 1999 dicit
1194 1974 1202 2000 :
1233 1975 1252 1997 ‹<
1276 1958 1335 1999 Et
1358 1969 1436 2012 ego
1458 1969 1548 1998 non
1570 1968 1789 2013 apponam

402 2045 423 2069 »
458 2027 628 2072 auferre
654 2028 797 2072 virum
821 2044 845 2071 a
871 2026 979 2071 facie
1006 2026 1199 2086 ipsorum
1225 2024 1280 2069 de
1303 2025 1504 2083 gentibus
1520 2059 1531 2081 ,
1557 2039 1664 2085 quas
1687 2023 1788 2067 reli-

403 2117 422 2140 »
458 2098 555 2159 quit
576 2101 698 2143 Jesus
727 2097 840 2141 filius
862 2100 1001 2152 Nave,
1033 2105 1076 2140 et
1097 2095 1258 2140 dimisit
1281 2095 1337 2140 ad
1364 2094 1626 2140 tentandum
1651 2094 1698 2138 in
1729 2093 1789 2138 eis

401 2187 421 2211 »
457 2168 587 2213 Israel
602 2205 613 2225 ,
639 2169 672 2213 si
694 2167 988 2214 observabunt
1001 2166 1118 2212 viam
1141 2165 1314 2211 Domini
1336 2165 1456 2210 abire
1470 2164 1518 2209 in
1533 2180 1582 2209 ea
1596 2200 1607 2220 ,
1632 2178 1788 2225 quem-

403 2259 422 2282 »
458 2240 697 2285 admodum
718 2239 1018 2284 custodierunt
1038 2246 1181 2298 patres
1202 2252 1353 2282 eorum
1368 2272 1380 2292 ,
1416 2252 1471 2281 an
1499 2251 1589 2281 non
1614 2253 1623 2280 :
1652 2243 1695 2279 et
1716 2234 1786 2279 di-

401 2329 421 2353 »
456 2311 570 2355 misit
593 2312 801 2356 Dominus
823 2318 969 2368 gentes
993 2310 1069 2354 has
1086 2344 1097 2365 ,
1123 2318 1172 2353 ut
1198 2324 1288 2353 non
1316 2306 1506 2353 auferret
1525 2306 1618 2351 illas
1649 2315 1782 2364 tunc,

399 2399 420 2423 »
455 2390 498 2425 et
519 2397 608 2426 non
630 2380 805 2426 tradidit
825 2379 919 2425 illas
940 2380 986 2424 in
1014 2395 1151 2425 manu
1172 2381 1276 2423 Jesu
1291 2381 1323 2424 ⁵.
1352 2396 1371 2421 »
1405 2378 1513 2424 Satis
1540 2376 1784 2422 ostenditur

447 2485 454 2501 ¹
476 2477 578 2511 Judic.
603 2489 638 2520 11,
662 2475 712 2521 14.
730 2495 770 2501 -—
792 2484 804 2501 2
823 2477 904 2510 Psal.
926 2488 1014 2519 xmn,
1037 2476 1089 2509 13.
1111 2494 1150 2500 --
1174 2474 1328 2518 31sa’1'm1,
1349 2475 1379 2508 3.
1398 2473 1473 2505 -4
1496 2486 1509 2507 1
1529 2476 1614 2508 Petr.
1630 2485 1653 2517 1,
1674 2473 1725 2507 18.
1740 2489 1781 2496 —

398 2532 413 2558 5
431 2535 534 2568 Judic.
554 2547 588 2578 11,
604 2536 718 2569 21-23.
