1872 3267
341 234 608 275 Qut-,snonns
640 236 685 265 m
719 235 929 274 monum,
965 236 1046 263 Lus.
1086 238 1131 263 11.
1346 224 1428 262 225

48 302 122 350 sed
143 302 215 348 ille
239 318 438 363 spargere
460 318 549 347 non
565 302 611 346 in
628 310 814 357 terram,
838 299 915 345 sed
937 300 982 343 in
1009 299 1170 345 coelum
1190 320 1200 357 3
1227 308 1434 361 tanquam

0 408 1 435 ;
47 379 192 421 Aaron
214 375 291 435 qui
312 374 438 419 datus
461 382 553 418 erat
579 371 634 417 ad
655 372 890 433 populum,
920 380 1079 416 terram
1105 380 1331 432 percutere
1353 370 1433 415 de-

0 442 2 511 l
47 446 196 501 beret,
231 445 300 490 vel
330 445 375 489 in
403 454 563 490 terram
593 444 681 489 sive
701 444 747 488 in
768 459 924 505 aquam
948 458 1130 488 manum
1164 442 1395 487 extendere
1423 462 1432 488 ε

0 517 3 561 ἱ
48 521 217 575 Moyses
245 531 371 572 vero,
402 515 457 562 de
490 531 579 577 quo
607 515 771 560 dictum
808 524 870 559 est
899 534 907 560 ε
948 535 968 557 «
991 515 1114 560 Eritl
1144 513 1224 558 tibi
1253 530 1352 575 quae
1381 513 1436 559 ad

16 1618 20 1702 ἰ

18 1711 21 1749 ᾖ

20 1784 21 1814 1

52 607 72 631 »
106 592 244 633 Deum
258 591 292 643 Ἰ,
321 606 341 629 »
369 587 414 631 in
443 586 605 632 coelum
637 586 820 648 jubetur
850 585 1040 631 favillam
1068 600 1284 645 spargere.
1318 584 1436 638 Quid

49 659 137 725 due
149 657 223 703 illa
239 658 461 719 superiora
478 658 614 717 signa,
641 657 716 701 ubi
737 672 817 701 nec
840 659 1011 714 Moyses
1032 671 1113 700 nec
1135 658 1281 700 Aaron
1303 671 1437 699 manu

51 728 214 790 aliquid
237 731 508 789 operantur?
538 727 656 782 Quid
682 727 765 772 sibi
787 726 882 773 vult
904 727 982 772 ista
1005 726 1259 772 diversitas?
1288 729 1440 787 Neque

51 800 165 846 enim
185 799 310 846 nihil.

550 908 787 960 QUAEsrlo
818 909 975 949 xxxn.

113 1031 134 1055 «
158 1014 223 1057 ET
243 1020 424 1072 propter
439 1012 523 1056 hoc
546 1011 690 1072 ipsum
704 1019 981 1056 conservatus
1004 1025 1063 1066 es,
1080 1020 1131 1056 ut
1150 1010 1374 1055 ostendam
1394 1011 1440 1055 in

56 1102 75 1125 »
110 1092 152 1128 te
171 1082 379 1127 virtutem
402 1097 544 1127 meam
563 1117 574 1137 ,
599 1091 642 1126 et
664 1092 713 1127 ut
736 1082 1023 1126 annuntietur
1044 1096 1207 1125 nomen
1224 1096 1372 1125 meum
1393 1081 1440 1125 in

56 1173 76 1196 »
110 1154 308 1200 universa
334 1155 494 1199 terra³.
524 1173 543 1195 »
579 1156 682 1198 Haec
721 1154 955 1213 Scripturae
976 1153 1110 1198 verba
1138 1163 1181 1197 et
1208 1153 1441 1213 Apostolus

54 1226 193 1287 posuit
210 1261 221 1282 ‚
246 1242 348 1271 cum
364 1226 410 1269 in
428 1225 582 1271 eodem
601 1224 700 1270 loco
720 1224 968 1285 perdifficili
983 1234 1242 1270 versaretur.
1271 1225 1337 1269 Ibi
1361 1241 1440 1270 au·-

55 1307 139 1342 tem
161 1306 203 1342 et
217 1298 301 1342 hoc
315 1297 397 1341 ait:
421 1316 441 1338 «
464 1297 507 1341 Si
529 1306 677 1341 autem
697 1295 848 1341 volens
867 1299 981 1341 Deus
999 1296 1227 1341 ostendere
1244 1296 1350 1340 iram
1367 1331 1378 1351 ‚
1400 1305 1443 1340 et

57 1387 77 1410 »
111 1367 407 1413 demonstrare
429 1368 668 1427 potentiam
686 1383 823 1422 suam,
842 1367 989 1412 attulit
1010 1367 1055 1411 in
1074 1367 1212 1411 multa
1234 1368 1443 1426 patientia

58 1458 77 1480 »
111 1455 209 1484 vasa
234 1439 310 1483 irae
326 1440 367 1483 4:
392 1457 412 1480 n
438 1438 659 1498 parcendo
688 1439 842 1499 utique
875 1439 924 1483 iis
942 1475 952 1493 ,
983 1454 1093 1499 quos
1115 1437 1250 1483 malos
1272 1438 1444 1483 futuros

15 1508 17 1559 ἶ
54 1526 143 1556 esse
162 1510 410 1571 praescierat
431 1529 440 1554 :
469 1526 569 1571 quae
587 1526 688 1555 vasa
709 1510 815 1555 dicit
840 1509 1033 1570 perfecta
1060 1511 1106 1554 in
1134 1509 1438 1570 perditionem.

57 1600 78 1624 «
111 1584 170 1626 Et
190 1590 239 1625 ut
259 1590 383 1626 notas
399 1616 409 1636 ‚
439 1581 606 1641 inquit,
632 1580 795 1626 faceret
811 1581 979 1626 divitias
998 1580 1144 1639 gloriae
1166 1597 1255 1625 suae
1277 1581 1323 1625 in
1343 1597 1443 1626 vasa

58 1671 79 1695 «
112 1651 458 1697 misericordiae⁵.
479 1670 498 1693 »
521 1651 646 1697 Unde
661 1667 865 1697 vasorum
886 1651 1192 1697 misericordiae
1213 1668 1295 1696 vox
1318 1662 1382 1697 est
1397 1653 1443 1697 in

57 1722 232 1768 Psalmis
254 1743 261 1767 :
294 1742 312 1765 «
342 1726 457 1767 Deus
483 1738 626 1778 meus,
651 1724 944 1768 misericordia
972 1724 1063 1784 ejus
1086 1724 1323 1783 praeveniet
1344 1740 1439 1768 me:

60 1812 80 1836 n
114 1797 229 1838 Deus
251 1809 372 1839 meus
395 1793 709 1839 demonstravit
725 1795 832 1839 mihi
845 1795 889 1838 in
904 1795 1088 1840 inimicis
1105 1796 1251 1839 meisss.
1274 1814 1293 1836 n
1315 1795 1446 1841 Novit

21 1884 23 1907 3
58 1880 158 1924 ergo
175 1868 287 1910 Deus
309 1865 421 1909 bene
446 1865 509 1909 uti
530 1865 675 1921 malis,
700 1866 744 1909 in
769 1866 929 1926 quibus
952 1875 1098 1910 tamen
1119 1867 1355 1910 humanam
1374 1883 1447 1911 na-

21 1971 24 1985 ,
60 1944 198 1981 turam
220 1952 310 1981 non
338 1936 395 1980 ad
420 1936 629 1981 malitiam
659 1945 802 1992 creat,
832 1936 907 1981 sed
934 1936 1101 1996 perfert
1127 1952 1199 1981 eos
1232 1938 1447 1997 patienter

25 2221 28 2246 Ι

60 2023 284 2068 quousque
309 2008 388 2052 scit
416 2017 643 2068 oportere3
680 2023 771 2052 non
805 2007 1007 2064 inaniter,
1044 2007 1120 2053 sed
1153 2018 1280 2052 utens
1303 2009 1361 2053 eis
1392 2009 1448 2053 ad

24 2093 26 2130 ζ
61 2077 395 2122 admonitionem
414 2077 484 2122 vel
497 2078 851 2123 exercitationem
872 2079 1105 2124 bonorum.
1129 2082 1242 2124 Ecce
1260 2079 1375 2123 enim
1397 2088 1449 2123 ut

1 2165 10 2174 ’
63 2148 389 2193 annuntiaretur
410 2164 572 2194 nomen
600 2149 677 2193 Dei
699 2149 744 2194 in
766 2150 966 2195 universa
992 2159 1125 2205 terra,
1151 2151 1259 2195 vasis
1281 2150 1449 2195 miseri-

63 2218 217 2264 cordiae
231 2219 382 2280 utique
394 2219 586 2280 prodest.
606 2220 677 2265 Ad
694 2236 844 2265 eorum
861 2221 1009 2283 itaque
1030 2221 1262 2266 utilitatem
1280 2223 1448 2267 Pharao

65 2299 250 2336 servatus
273 2300 336 2336 est
353 2326 363 2346 ‚
384 2291 496 2337 sicut
512 2300 556 2337 et
574 2292 796 2353 Scriptura
817 2302 1015 2350 testatur,
1033 2303 1079 2338 et
1101 2294 1237 2339 exitus
1259 2292 1403 2339 docet.

110 2394 118 2411 ¹
139 2390 233 2422 Forte
249 2389 315 2422 en's
333 2389 395 2423 illi.
413 2403 456 2413 —-
477 2397 489 2413 ²
504 2390 605 2423 Exod.
625 2400 672 2430 iv,
695 2390 747 2424 16.
767 2406 810 2415 -·
825 2388 838 2415 3
855 2391 902 2424 Id.
925 2401 958 2424 u
973 2415 982 2432 ‚
1002 2391 1054 2424 16.
1073 2407 1116 2415 —
1134 2389 1151 2422 4
1169 2394 1259 2425 Rom.
1274 2402 1319 2434 ix,
1335 2400 1390 2424 22.
1407 2407 1448 2414 -—

30 2478 32 2489 ‚
65 2441 80 2467 ⁵
95 2443 174 2479 lbid.
194 2447 249 2480 23.
275 2462 317 2470 —
332 2444 348 2470 6
366 2435 448 2481 Psal.
474 2458 562 2490 wm,
582 2458 635 2487 11,
665 2456 717 2480 12.

277 2668 399 2698 cxin.
1242 2659 1289 2698 15
