1872 3267
345 192 608 228 Qussss‘riomsss
641 192 684 218 ιΝ
717 190 930 227 αΕΝιεειΜ,
967 190 1048 216 Lm.
1087 191 1117 215 1.
1351 179 1432 217 120

539 291 775 341 Qt‘AESTIO
808 293 927 331 XXV.

102 397 134 438 1.
156 397 377 448 Qquono
399 392 700 453 accipiendum
725 392 801 447 sit,
838 392 959 453 quod
988 405 1088 436 cum
1123 400 1234 435 esset
1266 392 1430 436 Tharsa

2 487 3 500 ¹
41 474 162 525 pater
195 465 382 509 Abrahae
411 479 626 508 annorum
654 463 952 523 septuaginta,
997 461 1147 521 genuit
1186 461 1432 517 Abraham,

2 559 3 562 ¹
38 544 81 580 et
105 544 254 595 postea
284 550 385 579 cum
406 533 492 578 suis
515 533 719 578 omnibus
747 533 907 578 mansit
936 533 982 576 in
1004 533 1199 577 Charran
1217 566 1228 586 ‚
1260 541 1303 576 et
1329 532 1437 576 vixit

38 621 174 650 annos
201 604 634 665 ducentos-quinque
664 604 709 647 in
739 604 956 658 Charran,
994 611 1037 646 et
1068 611 1267 646 mortuus
1294 611 1358 646 est
1383 604 1393 626 ¹
1423 621 1432 646 ε

38 686 82 722 et
108 676 215 720 dixit
247 675 455 721 Dominus
478 676 534 719 ad
563 676 785 720 Abraham
821 684 869 719 ut
900 674 1033 718 exiret
1059 673 1114 718 de
1144 674 1367 729 Charran,
1393 682 1436 717 et

38 747 140 792 exiit
160 746 283 802 inde,
305 762 406 791 eum
431 755 540 791 esset
562 745 679 790 idem
697 746 919 791 Abraham
936 744 1433 805 septuaginta-quinque

39 834 268 863 annorum.
314 817 403 864 Nisi
449 817 551 878 quia
594 833 671 877 per
709 814 1113 876 recapitulationem
1162 814 1432 870 ostenditur,

39 891 133 935 vivo
160 891 337 944 Tharra,
361 889 560 934 locutum
589 905 677 934 esse
706 888 965 943 Dominum,
1000 896 1043 931 et
1068 886 1304 942 Abraham,
1336 886 1436 931 vivo

38 971 158 1022 patre
179 978 273 1016 suo,
295 960 538 1005 seeundum
555 969 824 1020 praeceptum
848 958 1025 1003 Domini
1048 957 1198 1001 exiisse
1221 957 1275 1001 de
1296 958 1434 1002 Char-

37 1049 138 1088 ran,
176 1049 277 1078 cum
319 1042 427 1077 esset
459 1030 958 1091 septuaginta-quinque
1006 1043 1249 1083 annorum⁷
1284 1037 1435 1072 cente-

37 1104 145 1149 simo
170 1103 738 1163 ctquadragesimo-quinto
760 1116 878 1145 anno
900 1100 1001 1144 vitae
1018 1099 1153 1158 patris
1178 1099 1244 1142 sui
1260 1133 1271 1154 ,
1292 1099 1326 1142 si
1345 1098 1435 1142 dies

36 1175 136 1219 vitae
173 1174 301 1234 patris
338 1175 402 1218 sui
436 1174 537 1217 anni
570 1171 972 1231 ducenti-quinque
1005 1169 1220 1214 fuerunt:
1254 1179 1303 1213 ut
1336 1169 1435 1214 ideo

36 1245 244 1305 scriptum
260 1244 337 1299 sit,
362 1247 591 1287 «Fuerunt
605 1242 709 1286 anni
724 1242 826 1286 vitae
844 1245 875 1285 T
880 1242 1018 1285 harrae
1038 1240 1435 1301 ducenti-quinque

39 1333 60 1356 >›
95 1315 140 1358 in
170 1315 388 1369 Charran,
412 1333 431 1354 ³>
466 1313 567 1373 quia
592 1312 654 1355 ibi
683 1311 919 1371 complevit
953 1326 1102 1356 omnes
1136 1326 1272 1355 annos
1302 1311 1435 1354 totius

37 1385 138 1431 vitae
175 1400 279 1429 suae.
319 1383 510 1429 Solvitur
538 1398 640 1441 ergo
671 1382 855 1442 quaestio
884 1398 961 1442 per
1003 1382 1432 1441 recapitulationem‚

35 1473 136 1519 quae
174 1455 488 1500 indissolubilis
521 1463 764 1498 remaneret
785 1489 795 1509 a
834 1454 868 1498 si
900 1463 997 1513 post
1027 1463 1213 1498 mortem
1254 1455 1436 1497 Tharrae

37 1529 334 1588 acciperemus
349 1527 549 1571 locutum
569 1542 657 1569 esse
676 1526 908 1570 Dominum
931 1526 987 1569 ad
1003 1525 1224 1569 Abraham
1238 1535 1288 1570 ut·
1303 1525 1436 1569 exiret

36 1600 91 1644 de
113 1599 332 1652 eham-an,
353 1597 557 1657 quianon
571 1605 741 1655 poterat
756 1611 844 1639 esse
862 1595 1005 1639 adhue
1024 1611 1238 1639 annorum
1261 1605 1436 1656 septua-

37 1668 381 1729 ginta-quinque
415 1682 516 1710 eum
550 1675 672 1725 pater
707 1666 797 1725 ejus
828 1665 917 1724 jam
956 1674 1154 1709 mortuus
1188 1675 1325 1721 esset,
1360 1666 1435 1726 qui

36 1756 136 1785 eum
159 1738 435 1798 septuaginta
464 1738 601 1781 [etatis
620 1752 708 1780 suae
732 1752 846 1779 anno
875 1745 1110 1794 genueratf„
1134 1745 1185 1780 ut
1215 1736 1434 1780 Abraham

13 1820 132 1871 'post
164 1818 350 1853 mortem
375 1808 505 1868 patris
534 1808 599 1851 sui
630 1821 844 1850 annorum
881 1814 990 1849 esset
1023 1815 1201 1850 centum
1237 1807 1436 1865 triginta-

12 1880 15 1945 ᾖ
36 1881 254 1942 quinque,
279 1879 313 1923 si
338 1894 487 1923 omnes
510 1877 610 1922 anui
633 1877 764 1936 patris
792 1877 885 1936 ejus
912 1875 1309 1937 ducenti-quinque
1334 1878 1434 1921 fue-

13 1948 15 1992 ἰ
39 1960 154 1995 runt.
177 1948 497 2008 Reeapitulatio
512 1948 659 2007 itaque
678 1947 758 1990 ista
773 1982 783 2002 ‚
802 1947 835 1990 si
853 1945 1104 1990 advertatur
1121 1946 1166 1989 in
1183 1947 1430 2006 Scripturis‚

37 2021 193 2066 multas
209 2021 470 2081 quaestiones
484 2018 609 2063 solvit
625 2053 635 2073 ‚
654 2034 752 2078 quae
767 2015 1087 2061 indissolubiles
1102 2027 1283 2077 possunt
1297 2017 1434 2062 videri

38 2092 279 2138 secundum
302 2092 431 2136 etiam
464 2091 735 2151 superiorum
767 2089 1060 2150 quaestionum
1088 2089 1399 2150 expositionem
1419 2125 1429 2145 ,

38 2180 113 2225 per
134 2163 330 2208 eamdem
351 2162 754 2223 recapitulationem
776 2162 951 2205 factam.

97 2238 154 2279 ΙΙ.
182 2237 445 2294 Quanquam
472 2243 513 2278 et
538 2233 661 2277 aliter
683 2232 763 2276 ista
786 2231 968 2292 quaestio
990 2247 1012 2276 a
1045 2231 1310 2292 quibusdam
1346 2231 1432 2276 sol-

38 2317 187 2362 vatur⁷
225 2322 278 2350 ex
309 2305 386 2350 illo
424 2304 667 2364 computari
702 2319 837 2348 annos
865 2304 1002 2348 aetatis
1038 2303 1227 2347 Abrahae
1260 2320 1310 2347 ex
1343 2320 1431 2363 quo

38 2377 242 2422 liberatus
269 2386 333 2421 est
368 2375 423 2420 de
458 2377 558 2435 igne.
588 2374 925 2430 Chaldaeorum,
957 2375 1002 2418 in
1033 2391 1166 2435 quem
1198 2375 1350 2418 missus
1383 2383 1433 2419 ut

40 2448 226 2504 arderet,
258 2448 361 2509 quia
391 2447 594 2493 eumdem
624 2447 768 2505 ignem
791 2446 1096 2506 superstitione
1122 2445 1430 2492 Chaldaeorum

84 2553 93 2570 ¹
122 2549 200 2579 Gen.
222 2557 265 2588 xi,
284 2546 339 2579 26.
