1872 3267
335 208 600 244 QuifisTioivEs
634 207 677 233 IN
711 207 856 244 Josuez,
894 209 974 233 tiu.
1013 209 1070 233 vi.
1308 198 1386 236 ,561

10 284 180 319 tantum
202 273 409 328 audiunt,
439 273 513 317 sed
536 272 759 333 aliquanto
792 272 918 317 altius
942 283 1287 332 perscrutantur,
1312 291 1394 319 ne-

7 360 227 406 quaquam
251 354 420 388 tantum
444 345 584 388 virum
608 352 696 386 tam
724 343 996 402 insipientem
1026 354 1180 403 putare
1210 344 1390 401 debent,

7 426 58 462 ut
78 417 211 461 verba
230 418 305 461 Dei
329 433 428 476 quae
452 416 623 460 locutus
640 424 703 458 est
725 416 887 475 populo
903 451 913 470 ,
940 416 1180 460 inanimum
1204 417 1394 476 lapidem

8 486 176 532 audisse
209 486 441 531 crediderit
467 505 475 530 ;
501 485 575 545 qui
605 486 769 529 etiamsi
792 486 846 529 ab
873 486 1035 529 artifice
1062 487 1107 530 in
1129 487 1316 531 hominis
1338 488 1396 531 si-

8 556 299 601 militudinem
314 556 526 613 effigiatus
539 565 663 609 esset,
680 557 791 600 inter
808 555 903 600 illos
922 556 1074 616 utique
1088 556 1390 616 deputaretur,

7 627 61 671 de
83 628 242 688 quibus
266 628 309 670 in
333 625 503 671 Psalmo
516 627 686 670 canitur
706 646 713 671 ε
747 646 766 668 «
788 630 925 671 Aures
940 627 1121 681 habent,
1145 637 1188 671 et
1211 644 1297 672 non
1321 644 1397 672 au-

10 716 29 740 »
56 697 178 742 dient
191 701 221 742 1.
250 717 270 739 »
295 701 446 758 Neque
463 698 577 741 enim
593 697 707 740 idola
722 698 915 754 gentium
937 713 1091 740 aurum
1108 707 1151 741 et
1167 709 1398 757 argentum

7 767 95 813 sola
128 784 218 812 non
256 768 464 823 audiunt,
503 777 546 811 et
579 768 612 811 si
638 767 809 825 lapidea
848 768 933 810 sint
967 767 1165 811 audiunt.
1204 769 1287 813 Sed
1323 785 1397 828 per

5 854 82 899 per
96 839 215 883 hune
236 838 425 898 lapidem
453 838 649 898 profecto
667 837 789 882 illum
811 838 1081 896 significavit,
1098 839 1172 899 qui
1188 838 1271 882 fuit
1290 839 1400 899 lapis

7 910 257 955 ostensionis
280 926 368 954 non
396 909 674 954 credentibus
705 909 890 963 Judaeis,
916 919 959 953 et
991 919 1113 968 petra
1141 910 1332 954 scandali
1343 915 1360 936 ’ἱ
1386 946 1396 966 ,

6 980 83 1040 qui
104 996 205 1025 eum
220 980 526 1040 reprobaretur
544 980 597 1023 ab
615 979 949 1034 aedificantibus,
970 979 1112 1024 factus
1126 990 1190 1024 est
1207 981 1252 1024 in
1268 991 1401 1041 caput

8 1050 184 1109 anguliss
228 1071 235 1095 :
270 1066 401 1111 quem
432 1050 725 1109 praefiguravit
752 1059 796 1093 et
830 1049 903 1093 illa
933 1059 1082 1109 petra,
1114 1067 1213 1110 quae
1246 1061 1403 1111 potum

7 1121 168 1166 sitienti
197 1120 381 1181 populo,
418 1121 537 1179 ligno
566 1136 768 1180 percussa
806 1119 1058 1179 profudit&
1093 1120 1147 1164 de
1181 1138 1268 1181 qua
1296 1122 1403 1167 dicit

6 1192 241 1253 Apostolus
268 1212 276 1237 ;
306 1213 326 1235 «
351 1192 568 1236 Bibebant
593 1201 738 1235 autem
757 1190 812 1234 de
828 1190 1009 1250 spiritali
1034 1193 1234 1251 sequenti
1253 1203 1396 1252 petra,

9 1281 29 1305 »
56 1273 176 1323 petra
211 1272 354 1307 autem
378 1271 469 1306 erat
490 1262 728 1307 Ch1·istus⁵.
767 1261 893 1306 Unde
928 1271 971 1306 et
1008 1262 1195 1307 cultellis
1223 1265 1400 1323 petrinis

7 1334 218 1394 populum
229 1333 504 1378 circumcidit
518 1333 594 1376 iste
608 1332 765 1377 ductor
776 1333 970 1390 egregius
991 1352 999 1377 2
1014 1333 1089 1393 qui
1103 1333 1229 1378 cultri
1245 1336 1403 1394 petrini

6 1421 104 1450 cum
135 1404 209 1448 illo
241 1404 370 1448 etiam
405 1402 562 1463 sepulti
586 1406 736 1458 suntss,
771 1413 822 1446 ut
852 1403 1122 1463 profundum
1144 1407 1401 1464 mysterium

6 1477 355 1522 demonstrarent
376 1475 556 1535 posteris
579 1474 875 1535 profuturum.
905 1475 972 1520 Sic
995 1492 1098 1534 ergo
1121 1487 1163 1520 et
1178 1477 1309 1522 istum
1334 1478 1399 1523 la-

5 1547 174 1607 pidem,
202 1561 457 1607 quanquam
479 1544 705 1588 visibiliter
724 1554 934 1589 statutum
952 1581 962 1599 ,
989 1546 1237 1603 spiritaliter
1261 1549 1397 1593 debe-

4 1634 99 1662 mus
118 1617 327 1676 aecipere,
348 1616 392 1659 in
409 1615 705 1659 testimonium
727 1616 925 1658 futurum
941 1616 1102 1660 Judaeis
1126 1618 1391 1675 infidelibus,

5 1688 89 1732 hoc
107 1696 186 1740 est,
205 1685 541 1741 mentientibus,
562 1685 617 1728 de
630 1685 790 1744 quibus
809 1684 915 1729 dicit
938 1685 1132 1730 Psalmus
1155 1707 1162 1732 :
1188 1708 1207 1730 «
1226 1689 1398 1735 Inimici

8 1775 30 1800 »
56 1757 230 1803 Domini
252 1755 421 1799 mentiti
448 1764 550 1798 sunt
572 1755 657 1798 ei7.
686 1774 705 1795 »
734 1758 886 1815 Neque
919 1755 1033 1800 enim
1071 1757 1257 1813 frustra,
1298 1776 1400 1804 cum

1 1830 90 1890 jam
114 1828 191 1872 Dei
214 1826 402 1871 famulus
423 1829 618 1883 Moyses,
636 1825 705 1869 vel
728 1826 870 1885 potius
894 1842 970 1886 per
988 1843 1089 1871 eum
1112 1832 1224 1873 Deus
1249 1830 1398 1890 dispo-

0 1900 159 1944 :suisset
181 1897 233 1942 ad
254 1896 466 1957 populum
489 1906 816 1951 testamentum,
838 1896 957 1956 quod
978 1898 1022 1940 in
1045 1915 1141 1943 area
1165 1912 1254 1944 erat
1269 1937 1278 1955 ,
1299 1918 1398 1962 quae

0 1969 121 2014 *dicta
145 1977 207 2012 est
229 1984 327 2013 arca
360 1967 630 2021 testamenti,
661 1978 706 2010 et
735 1967 781 2010 in
803 1967 924 2011 libris
949 1969 1071 2026 Legis
1102 1979 1220 2014 tanta
1254 1988 1398 2017 saera-

7 2050 252 2084 mentorum
289 2049 332 2082 et
364 2047 682 2097 praeceptorum
716 2037 1036 2097 multiplicitate
1077 2042 1392 2101 conseriptisss,

8 2119 155 2155 tamen
183 2110 313 2153 etiam
341 2110 410 2152 hic
443 2108 608 2152 dictum
639 2117 717 2162 est,
752 2109 1012 2168 «Disposuit
1040 2113 1163 2155 Jesus
1182 2112 1237 2156 ad
1259 2129 1397 2172 popu-

11 2199 30 2222 »
51 2181 143 2225 lum
169 2189 475 2224 testamentum
496 2179 542 2221 in
569 2177 641 2221 illa
665 2177 748 2221 die.
778 2197 797 2219 »
826 2180 1041 2239 Repetitio
1068 2182 1230 2241 quippe
1262 2194 1394 2229 testa—

7 2252 143 2297 menti
159 2254 330 2297 Novum
357 2253 681 2294 Testamentum
709 2249 945 2308 signifieat,
970 2251 1090 2311 quod
1119 2253 1331 2310 significat
1352 2266 1397 2301 et

8 2321 393 2367 Deuteronomium
410 2357 420 2376 ,
452 2320 572 2381 quod
603 2319 912 2379 interpretatur
938 2322 1128 2366 secunda
1143 2326 1251 2381 Lex,
1276 2328 1396 2387 quod

58 2450 63 2466 ¹
88 2443 264 2483 l'sal.ex1n,
285 2444 333 2483 H,
352 2442 384 2474 6.
411 2458 451 2462 -
474 2447 485 2462 2
511 2452 521 2469 1
553 2442 638 2471 retr.
670 2449 714 2480 n,
731 2438 761 2471 S.
784 2455 825 2460 --
857 2437 870 2461 3
889 2440 966 2472 Psal.
988 2451 1088 2482 exvu,
1116 2450 1169 2474 22.
1197 2460 1238 2466 —
1258 2443 1273 2473 4
1293 2446 1391 2478 Exod,

9 2510 88 2539 xvii,
103 2499 135 2530 (j.
157 2515 199 2520 -—
218 2496 233 2520 5
260 2509 271 2528 1
294 2501 365 2530 (jor.
382 2508 414 2535 x,
435 2495 466 2537 4.
488 2512 527 2518 --
553 2493 568 2516 ⁶
585 2495 680 2526 Josut}
697 2505 738 2535 v,
761 2504 792 2526 2.
809 2511 851 2517 —-
869 2502 883 2527 7
904 2496 982 2528 Psal.
1006 2507 1099 2537 mxx,
1120 2497 1169 2529 16.
1195 2515 1237 2521 —
1260 2500 1274 2521 S
1292 2503 1390 2534 Emit,

11 2565 98 2596 xxiv,
118 2554 136 2586 3
152 2559 184 2586 et
197 2566 284 2595 seqq.

195 2618 316 2648 exiii.
1111 2607 1160 2645 :343
