1872 3267
407 325 493 364 370
835 336 869 364 s.
905 335 1134 367 AUGUs'rffll
1167 339 1348 367 EPIscom

405 400 592 446 vitulum
613 419 621 445 :
642 399 698 447 ad
720 400 1020 448 holocaustum
1044 420 1147 449 vero
1176 420 1312 463 agnus
1334 403 1522 463 pertinet
1541 422 1549 448 :
1581 411 1623 447 et
1641 403 1695 447 ad
1719 419 1786 447 sa-

402 471 612 515 crificium
635 470 854 527 salutaris,
886 473 1048 518 vitulus
1080 484 1122 518 et
1148 474 1270 518 aries.
1304 477 1578 533 Quapropter
1606 489 1695 518 non
1722 482 1787 517 est

401 541 460 586 sic
482 541 863 601 distinguendum,
895 552 945 587 ut
976 559 1055 603 pro
1087 554 1264 605 peccato
1297 560 1386 588 non
1413 543 1677 601 intelligatur
1707 543 1786 587 nisi

402 613 567 668 hircus,
593 613 673 656 tria
704 629 807 658 vero
832 613 996 674 reliqua
1017 615 1062 658 in
1081 615 1406 670 holocaustum,
1434 614 1479 658 id
1507 624 1586 670 est,
1613 615 1720 658 aries
1744 623 1787 658 et

403 682 566 727 vitulus
584 692 627 727 et
644 699 779 742 agnus
801 703 810 727 z
835 684 908 728 sed
924 684 1067 743 potius
1081 686 1158 729 tria
1173 686 1311 745 prima
1328 700 1406 745 pro
1427 693 1622 745 peccato,
1641 684 1688 728 id
1704 694 1783 740 est,

403 753 524 814 quod
555 753 722 798 dictum
744 763 829 809 est,
859 774 879 795 «
914 754 1107 814 Accipite
1133 757 1303 800 hircum
1326 772 1377 799 ex
1393 757 1529 815 capris
1548 771 1687 799 unum
1707 770 1787 814 pro

404 833 596 883 peccato,
613 834 657 868 et
674 825 852 869 arietem
869 833 912 868 et
926 825 1132 881 vitulum,
1151 826 1473 870 »subaudiatur
1489 841 1568 885 pro
1585 835 1784 885 peccato3

403 903 447 938 et
468 895 659 955 reliquus
673 896 726 939 sit
747 910 882 954 agnus
903 895 949 939 in
962 895 1295 956 holocarposim,
1319 896 1364 940 id
1385 905 1463 951 est,
1489 896 1534 940 in
1554 895 1786 941 holocaus-

405 975 511 1010 tum.
548 966 677 1020 Quod
709 967 808 1011 ideo
840 967 1207 1012 commonendum
1238 984 1261 1012 a
1283 968 1409 1012 nobis
1437 966 1542 1022 fuit,
1578 967 1785 1027 quoniam

402 1046 545 1096 posset
561 1037 689 1081 etiam
707 1037 766 1081 ita
788 1035 1012 1096 distingui,
1032 1047 1082 1081 ut
1098 1054 1199 1082 cum
1213 1037 1380 1082 dictum
1395 1047 1503 1082 esset
1514 1073 1524 1093 ,
1555 1057 1574 1079 «
1591 1037 1784 1097 Accipite

404 1126 424 1147 »
450 1108 621 1152 hircum
643 1124 693 1152 ex
715 1109 851 1167 capris
879 1124 1018 1152 unum
1040 1124 1119 1168 pro
1141 1118 1318 1168 peccato
1333 1144 1343 1164 ,
1372 1126 1392 1149 »
1423 1107 1589 1168 reliqua
1605 1109 1696 1168 jam
1728 1107 1783 1152 ad

400 1177 716 1238 holocarposim
739 1179 954 1238 pertinere
984 1178 1247 1224 dicerentur.
1279 1179 1408 1233 Quod
1432 1194 1536 1224 vero
1559 1178 1757 1239 adjungit
1772 1214 1782 1233 ,

404 1269 424 1290 «
459 1249 550 1293 sine
572 1249 757 1305 macula,
796 1269 815 1290 ³>
846 1249 901 1293 ad
925 1251 1070 1294 omnia
1093 1249 1242 1294 referri
1264 1260 1420 1310 potest.
1447 1255 1553 1295 Cum
1575 1265 1677 1308 ergo
1700 1265 1787 1293 am·
1828 1286 1832 1297 ,

400 1319 585 1378 biguum
602 1321 670 1375 sit,
697 1320 920 1380 quomodo
938 1321 1078 1380 aptius
1102 1320 1408 1379 distinguatur,
1428 1320 1501 1364 illa
1519 1335 1583 1364 res
1606 1319 1786 1364 adducit

348 1426 350 1429 ,
402 1399 450 1434 ut
475 1391 551 1434 tria
575 1391 795 1450 superiora
822 1406 902 1450 pro
924 1400 1102 1450 peccato
1123 1391 1422 1450 intelligantur
1437 1426 1448 1446 ,
1479 1391 1686 1450 quoniam
1709 1406 1785 1434 su-

400 1462 544 1521 perius
566 1477 645 1521 pro
668 1471 846 1521 peccato
867 1461 1072 1521 principis
1094 1462 1265 1505 hircum
1284 1461 1411 1522 jussit
1436 1461 1627 1518 offerri¹3
1652 1470 1695 1505 et
1705 1475 1785 1520 pro

400 1541 578 1591 peccato
610 1533 820 1593 cujusque
846 1524 1038 1592 proprio,
1076 1547 1176 1575 cum
1207 1540 1358 1590 peccat
1390 1540 1490 1575 ante
1520 1531 1782 1585 Dominum,

401 1603 603 1648 faciendo
621 1619 761 1647 unum
785 1619 835 1647 ex
862 1604 927 1646 his
950 1619 1049 1664 quae
1072 1618 1162 1646 non
1190 1612 1362 1662 oportet
1377 1606 1416 1659 '²3
1442 1602 1648 1662 praecepit
1677 1602 1786 1645 arie-

403 1684 511 1731 tem3
556 1690 633 1734 pro
671 1683 849 1733 peccato
888 1689 989 1718 vero
1018 1673 1230 1717 universae
1255 1687 1498 1730 synagogae,
1532 1672 1720 1717 vitulum
1750 1675 1781 1716 3.
1821 1692 1824 1699 ·

399 1745 640 1803 Oportebat
661 1760 764 1803 ergo
784 1754 834 1788 ut
854 1759 955 1788 cum
973 1743 1140 1787 senatui
1163 1743 1416 1803 loqueretui
1432 1742 1540 1802 quid
1561 1743 1786 1787 univeisus

400 1815 587 1874 populus
611 1816 767 1859 oflerie
789 1815 968 1869 debeat,
993 1823 1037 1857 et
1062 1814 1208 1858 hircus
1230 1814 1437 1874 jubeatur
1460 1829 1511 1872 pi
1514 1822 1637 1872 optei
1664 1813 1786 1872 prin-

399 1885 530 1944 cipes,
554 1895 597 1929 et
614 1886 719 1929 aries
736 1894 914 1944 propter
935 1884 1158 1960 proprium
1179 1883 1521 1943 uniuscujusque
1537 1892 1781 1942 peccatum,

397 1964 439 1999 et
456 1955 618 1999 vitulus
635 1964 813 2014 propter
829 1963 1055 2013 peccatum
1072 1953 1285 1997 universae
1301 1967 1546 2011 synagogae.
1572 1952 1706 1996 Aliud
1722 1961 1786 1996 est

398 2027 512 2069 enim
533 2025 654 2086 quod
675 2026 719 2068 in
737 2024 902 2084 populo
924 2024 1059 2067 habet
1076 2024 1261 2083 quisque
1286 2032 1512 2081 peccatum
1535 2038 1661 2066 suum
1679 2039 1783 2083 pro-

397 2096 540 2155 prium
558 2131 568 2150 ‚
600 2105 643 2138 et
669 2102 850 2154 possunt
873 2093 1034 2137 habere
1062 2108 1211 2137 omnes
1240 2093 1436 2151 propria;
1465 2092 1583 2136 aliud
1604 2094 1783 2153 quando

398 2180 629 2210 commune
647 2173 872 2224 peccatum
894 2172 978 2217 est,
1005 2163 1126 2223 quod
1150 2178 1239 2206 uno
1267 2162 1412 2207 animo
1434 2163 1505 2218 fit,
1527 2172 1569 2206 et
1591 2179 1677 2206 una
1703 2179 1782 2208 vo-

397 2236 566 2280 luntate
588 2235 642 2278 ad
664 2234 828 2294 aliquid
850 2233 1130 2276 multitudine
1153 2242 1398 2292 comparata
1420 2233 1719 2277 committitur.
1808 2249 1814 2346 ι
1869 2271 1872 2286 f

460 2309 516 2349 ΙΙ.
553 2305 682 2358 Quod
713 2319 814 2348 vero
838 2303 1042 2347 sacrificia
1071 2302 1294 2358 salutaris,
1320 2302 1505 2346 vitulum
1530 2312 1573 2346 et
1605 2303 1782 2346 arietem

393 2376 535 2437 jubet,
554 2377 635 2420 hac
651 2375 777 2435 jubet
791 2390 889 2434 quae
910 2374 1128 2433 praecipua
1146 2382 1247 2416 sunt
1266 2392 1274 2416 τ
1294 2372 1482 2416 universi
1499 2373 1614 2415 enim
1631 2372 1782 2432 populi
1807 2352 1811 2406 l
1854 2410 1872 2436 :-

397 2463 524 2491 causa
547 2456 624 2490 est.
649 2445 907 2504 I'raecipiens
930 2453 1075 2487 autem
1097 2453 1222 2487 antea
1245 2442 1299 2485 de
1324 2443 1536 2486 sacrificiis
1558 2442 1751 2488 salutaris
1767 2477 1778 2497 ,

396 2517 623 2562 undelibet
640 2517 766 2578 jussit
784 2515 928 2559 ollerri
946 2550 955 2568 ,
982 2515 1068 2558 sive
1094 2512 1360 2567 masculum,
1382 2513 1467 2557 sive
1484 2513 1711 2557 foeminam
1731 2514 1745 2538 ⁴
1768 2532 1777 2558 ;
1804 2534 1811 2562 i

398 2587 506 2632 dum
537 2597 682 2632 tamen
713 2585 883 2630 nonnisi
907 2585 960 2628 de
992 2584 1130 2628 bobus
1155 2594 1198 2627 et
1219 2584 1272 2627 de
1299 2583 1453 2628 ovibus
1480 2593 1523 2627 et
1547 2583 1684 2642 capris
1712 2582 1779 2628 of-
1803 2566 1807 2623 Ι
1851 2575 1854 2579 ⁴

459 2672 653 2711 ¹Levit.1v‚
676 2671 786 2702 23.——-
814 2676 826 2692 ²
844 2669 891 2700 Id.
909 2673 1073 2710 v,18.—-
1091 2667 1103 2690 3
1122 2669 1229 2709 1‹1.1v‚
1254 2666 1304 2709 14.
1321 2684 1361 2689 --
1383 2665 1513 2699 4Id1u.
1801 2625 1805 2719 ¹
1860 2648 1862 2651 -
