1872 3267
380 297 465 337 246
818 307 852 336 s.
887 307 1117 338 Aucns'nm
1139 311 1321 338 EPISCOPI

380 391 462 419 nus
479 374 624 419 avium
639 382 945 431 ortygometra,
960 376 1155 435 quamvis
1175 374 1472 419 coturnicibus
1494 391 1584 419 non
1603 391 1761 436 usque-

381 461 556 507 quaque
580 443 799 489 dissimile.
825 448 1013 490 Noverat
1032 446 1147 489 enim
1177 449 1289 490 Deus
1307 445 1414 506 quid
1435 445 1755 503 desiderarent,

380 527 424 561 et
445 515 707 560 desiderium
725 531 872 571 eorum
898 531 985 576 quo
1005 517 1143 560 carnis
1166 531 1322 575 genere
1344 516 1529 560 satiaret.
1557 517 1641 561 Sed
1657 517 1759 577 quia

382 587 601 647 Scriptura
621 587 916 646 concupivisse
938 586 1032 631 illos
1054 603 1204 631 carnes
1225 586 1390 630 dixerat
1404 623 1414 642 ‚
1440 603 1519 631 nec
1539 603 1757 648 expresse-

376 668 443 703 rat
461 657 706 719 cujusmodi
723 672 870 700 carnes
885 692 895 711 ,
916 656 1013 700 ideo
1036 658 1217 718 quaestio
1240 656 1353 701 faeta
1371 666 1447 701 est.

870 754 1104 803 QUAEsrio
1135 756 1268 794 Lxm.

445 878 464 900 α
477 862 641 904 ΜΑΝΝΑ
655 856 840 901 ederunt
861 855 1146 916 quoadusque
1162 857 1361 901 venirent
1382 857 1429 899 in
1445 866 1611 916 partem
1626 858 1759 901 Phoe-

383 948 405 972 »
440 929 590 973 nieis1.
619 947 639 969 υ
665 931 762 972 Jam
783 927 977 972 dixerat:
1006 946 1026 969 «
1054 927 1350 988 Quoadusque
1374 927 1572 971 venirent
1594 927 1649 971 ad
1671 937 1758 972 ter-

380 1018 402 1041 »
437 1014 555 1054 ram,
597 1014 694 1058 quae
721 997 993 1041 inhabitatur
1033 1017 1042 1041 ς
1083 1016 1103 1038 »
1141 997 1215 1056 sed
1249 998 1350 1058 quia
1378 1014 1467 1042 non
1495 1009 1759 1058 expresserat

377 1069 551 1130 proprie
578 1084 709 1129 quam
725 1067 909 1122 diceret,
935 1067 1191 1127 repetitione
1207 1068 1379 1112 videtur
1401 1068 1635 1128 quamdam
1654 1084 1757 1128 pro—

375 1141 604 1201 prietatem
626 1139 901 1198 expressisse,
935 1137 1121 1182 dicendo
1144 1158 1153 1183 :
1179 1157 1198 1180 «
1225 1142 1275 1182 In
1292 1147 1457 1197 partem
1476 1139 1710 1183 Phoenicis.
1733 1158 1752 1180 »

375 1212 450 1256 sed
487 1221 592 1255 tunc
627 1210 748 1254 illam
780 1219 939 1253 terram
970 1210 1029 1253 sic
1066 1209 1334 1254 credendum
1372 1219 1436 1254 est
1467 1209 1755 1269 app'ellatam3

373 1283 506 1327 modo
543 1282 659 1326 enim
692 1282 776 1326 hoc
809 1297 898 1325 non
930 1290 1110 1325 vocatur
1141 1282 1331 1324 nomine.
1363 1280 1458 1325 Alia
1480 1282 1642 1341 quippe
1664 1291 1754 1337 est,
1815 1325 1818 1343 ;

376 1370 475 1415 quae
499 1353 707 1398 Phoenice
729 1351 973 1412 appellatur
995 1352 1111 1409 regio
1131 1352 1232 1409 Tyri
1250 1361 1292 1395 et
1312 1352 1498 1409 Sydonis
1516 1388 1526 1406 ‚
1553 1368 1639 1411 qua
1660 1352 1757 1396 illos

374 1425 574 1470 transisse
609 1440 699 1468 non
718 1423 892 1482 legitur.
919 1426 1180 1483 Quanquam
1218 1423 1439 1481 Scriptura
1461 1422 1638 1466 fortasse
1677 1439 1757 1482 po-

377 1496 509 1540 tuerit
529 1504 689 1538 terram
711 1493 929 1537 Phoenicis
948 1492 1190 1551 appellare,
1222 1492 1298 1535 ubi
1321 1492 1561 1551 palmarum
1584 1493 1757 1537 arbores

370 1569 460 1627 jam
483 1581 571 1610 esse
593 1572 816 1623 coeperant
838 1573 936 1622 post
952 1563 1084 1606 eremi
1100 1563 1365 1619 vastitatem3
1385 1564 1594 1622 quoniam
1614 1563 1757 1622 palma

377 1650 514 1694 graece
536 1636 594 1679 sic
613 1633 868 1694 appellatur.
892 1633 1021 1677 Initio
1043 1633 1159 1676 enim
1175 1631 1454 1691 profectionis
1480 1648 1567 1676 suae
1583 1634 1759 1678 invene·
1814 1628 1816 1658 5

375 1716 480 1750 runt
500 1707 645 1750 locum
663 1740 673 1759 ,
700 1704 777 1748 ubi.
799 1703 1068 1763 septuaginta
1091 1702 1333 1762 palmarum
1356 1703 1528 1747 arbores
1552 1702 1726 1747 fuerant
1741 1739 1752 1759 ‚

376 1786 419 1820 et
438 1775 669 1819 duodecim
688 1773 828 1818 fontes
844 1809 854 1827 ‚
879 1775 953 1817 sed
975 1782 1120 1832 postea
1144 1788 1215 1816 eos
1237 1773 1402 1831 excepit
1425 1774 1556 1816 eremi
1579 1773 1755 1832 prolixi-—
1810 1791 1813 1799 ²

373 1857 452 1902 tas,
472 1847 549 1889 ubi
571 1846 657 1889 tale
679 1844 842 1905 aliquid
866 1860 955 1888 non
976 1843 1074 1898 suit,
1100 1860 1189 1903 quo
1214 1859 1349 1904 usque
1366 1845 1563 1888 venirent
1585 1844 1639 1888 ad
1660 1844 1756 1890 loca
1808 1902 1809 1907 Ἰ

376 1934 474 1978 quae
511 1917 783 1961 colebantur.
819 1918 982 1959 Verum
1018 1914 1092 1957 ille
1122 1929 1269 1957 sensus
1302 1924 1365 1957 est
1396 1915 1681 1973 probabilior,
1710 1927 1760 1960 ut

376 1988 601 2031 credamus
635 1986 694 2029 sic
726 1984 987 2044 appellatam
1024 1993 1129 2027 tunc
1156 1982 1286 2027 fuisse
1311 1993 1483 2028 terram.
1520 1985 1757 2029 Multarum
1799 1979 1808 2035 ζ’

365 2058 494 2101 enim
524 2066 737 2100 terrarum
769 2064 811 2098 et
839 2054 1034 2098 locorum
1050 2089 1060 2108 ‚
1086 2054 1195 2097 sicut
1218 2054 1450 2098 fluminum
1472 2064 1516 2098 et
1550 2055 1726 2099 urbium
1743 2092 1754 2110 ‚

377 2127 554 2172 nomina
570 2127 694 2171 certis
711 2125 995 2169 existentibus
1016 2125 1151 2168 causis
1175 2125 1434 2185 antiquitate
1450 2135 1615 2171 mutata
1637 2136 1752 2170 sunt.

867 2232 1102 2282 QUAESTIO
1133 2234 1266 2273 Lxlv.

440 2352 461 2375 α
495 2337 559 2377 ΕΤ
581 2333 691 2377 dixit
712 2333 921 2377 Dominus
945 2331 1000 2376 ad
1021 2335 1202 2390 Moysen
1227 2352 1235 2377 :
1267 2334 1487 2378 Antecede
1508 2335 1722 2394 populum
1743 2354 1752 2379 :

378 2423 399 2446 >›
435 2418 556 2448 sume
577 2413 724 2446 autem
746 2413 891 2447 tecum
913 2403 967 2447 dc
988 2404 1227 2447 senioribus
1245 2405 1394 2465 populi
1427 2424 1434 2448 :
1461 2414 1503 2449 et
1524 2406 1690 2463 virgam
1711 2405 1756 2449 in

379 2492 400 2515 »
435 2489 521 2534 qua
539 2474 781 2533 percussisti
798 2474 976 2528 flumen,
1002 2474 1147 2532 accipe
1165 2475 1210 2517 in
1227 2490 1360 2518 manu
1377 2484 1451 2519 tua
1464 2477 1495 2519 2.
1524 2493 1544 2516 »
1567 2475 1755 2518 Flumen

373 2548 519 2589 Aaron
535 2543 708 2604 legitur,
723 2560 812 2588 non
828 2547 1013 2601 Moyses,
1029 2546 1147 2603 virga
1164 2547 1433 2604 percussisse.
1450 2549 1560 2592 Nam
1582 2550 1754 2604 Moyses
1785 2582 1793 2605 ,‚

426 2647 435 2662 ¹
454 2640 550 2672 Exod.
575 2650 641 2681 xvi,
663 2640 714 2672 35.
733 2655 774 2662 -·
795 2646 807 2661 ²
827 2640 874 2671 Id.
896 2650 974 2676 xvii,
992 2639 1023 2671 5.

1838 2268 1871 2315 sicut

1790 2333 1798 2393 J*

1792 2535 1793 2539 Ἰ
1834 2494 1871 2537 poste
