1872 3267
325 249 593 285 Qurzs‘rromzs
625 250 670 276 m
703 246 897 285 svmens,
936 248 1016 274 Lm.
1054 249 1129 273 vir.
1332 235 1414 273 565

30 315 231 360 habuisse
251 314 465 375 populum
494 313 644 368 Israel,
670 328 858 373 quorum
891 313 1056 372 primus
1083 322 1147 356 est
1179 311 1416 357 Gothoniel

29 384 142 430 filius
180 388 342 440 cenez,
369 386 524 430 rectius
559 383 815 443 intelligitur
851 385 1026 428 nomine
1065 383 1212 439 Judae,
1251 384 1417 428 tribum

28 456 141 501 Juda
167 455 294 501 fuisse
321 457 616 515 significatam.
646 456 715 500 Ab
744 456 834 515 ipsa
866 456 983 499 enim
1012 455 1129 499 tribu
1160 455 1302 499 voluit
1325 458 1414 499 Do-

27 528 170 572 minus
193 528 383 587 incipere
412 528 577 572 conteri
604 528 888 572 Chananaeos.
921 529 978 570 Et
1009 541 1109 570 cum
1142 525 1330 586 populus
1359 525 1415 569 de

27 597 138 643 duce
171 599 495 657 interrogasset,
522 598 577 642 ad
609 598 692 642 hoe
718 597 856 641 valuit
889 598 1110 657 responsio
1144 597 1338 647 Domini,
1366 604 1416 640 ut

26 670 184 714 scirent
206 673 344 714 Deum
373 669 559 714 noluisse
587 669 642 712 ab
665 669 866 713 universo
891 667 1056 728 populo
1084 666 1235 711 bellari
1258 666 1415 711 adver-

25 756 102 785 sus
118 742 403 786 Chananaeos.
425 741 538 785 Dixit
559 756 682 800 ergo:
709 760 728 783 «
755 744 777 785 J
785 741 889 785 udas
912 739 1130 784 ascendet.
1154 758 1175 780 »
1196 742 1253 784 Et
1270 739 1416 799 sequi-

25 822 97 858 tur
122 813 342 872 Scriptura
366 828 570 857 narrans:
601 832 616 851 «
650 816 708 856 Et
728 812 838 856 dixit
871 811 1006 856 Judas
1041 811 1097 855 ad
1130 811 1304 856 Simeon
1327 809 1415 854 fra-

27 902 47 925 »
83 893 194 928 trem
228 887 379 928 suuml
405 904 413 928 :
443 903 462 925 »
497 884 650 944 utique
687 884 826 928 tribus
860 883 915 927 ad
950 883 1128 927 tribum.
1165 885 1263 927 Non
1298 882 1416 926 enim

24 954 168 999 adhuc.
195 955 401 999 vivebant
428 955 489 998 illi
523 954 598 999 filii
630 954 788 1010 Jacob,
825 954 1039 1015 qui-dicti
1072 963 1173 998 sunt
1201 953 1337 997 Judas
1370 961 1414 996 et

25 1026 220 1080 Simeon,
250 1027 362 1070 inter
399 1036 577 1071 caeteros
619 1025 767 1071 fratres
802 1042 901 1070 suos
940 1026 1125 1085 propriis
1160 1025 1412 1069 nominibus

21 1095 225 1155 appellati
258 1116 265 1140 :
306 1097 381 1140 sed
418 1097 525 1141 dixit
566 1097 703 1140 tribus
744 1096 856 1141 Juda
896 1095 951 1139 ad
997 1096 1162 1139 tribum
1206 1095 1408 1140 Simeon:

26 1185 46 1209 «
81 1165 277 1211 Ascende
307 1183 480 1211 mecum
509 1168 554 1210 in
578 1176 735 1211 sortem
760 1182 901 1210 meam
925 1176 968 1210 et
988 1166 1201 1210 bellemus
1226 1167 1270 1210 in
1293 1167 1412 1211 Cha-

25 1255 44 1279 »
80 1253 250 1292 nanaeo,
277 1247 320 1281 et
341 1238 415 1282 ibo
438 1238 568 1282 etiam
591 1254 672 1296 ego
694 1248 839 1282 tecum
857 1238 901 1281 in
923 1247 1083 1282 sortem
1105 1246 1242 1281 tuam.
1272 1256 1291 1278 »
1318 1240 1415 1281 Ma-

20 1308 227 1353 nifestum
257 1319 320 1353 est
351 1310 559 1353 aux-ilium
593 1310 674 1354 sibi
707 1310 872 1354 tribum
906 1309 1020 1353 Juda
1057 1309 1231 1353 alterius
1271 1309 1412 1354 tribus

19 1380 272 1440 postulasse,
298 1381 417 1441 quod
442 1381 663 1437 redderet,
686 1397 785 1426 cum
804 1391 847 1426 et
868 1381 931 1425 illi
952 1382 997 1426 in
1015 1397 1090 1426 sua
1113 1391 1227 1427 sorte
1247 1382 1412 1426 habere

20 1451 259 1512 inciperent
281 1452 582 1497 necessarium.

549 1549 786 1599 QUAESTIO
818 1551 885 1590 ΠΙ.

81 1669 100 1692 α
134 1652 198 1693 ET
222 1648 329 1693 dixit
367 1650 531 1695 Caleb:
564 1651 842 1712 Quicumque
878 1653 1138 1711 percusserit
1176 1653 1410 1697 Civitatem

22 1741 41 1763 »
76 1720 336 1776 litterarum,
356 1731 399 1765 et
420 1722 603 1781 coeperit
624 1738 734 1777 eam,
757 1723 871 1767 dabo
894 1723 933 1766 ci
957 1723 1089 1767 filiam
1111 1739 1252 1767 meam
1272 1728 1409 1768 Axam

21 1811 40 1833 n
75 1795 295 1836 uxorem&
326 1812 344 1833 »
371 1795 467 1836 Jam
491 1793 574 1836 hoc
601 1802 643 1836 et
670 1794 714 1836 in
738 1792 851 1837 libro
875 1797 978 1838 Jesu
1001 1797 1118 1838 Nave
1141 1811 1412 1840 commemo-

18 1872 158 1907 ratum
177 1872 240 1907 est
263 1864 293 1907 ³:
320 1862 396 1907 sed
417 1872 566 1907 utrum
593 1866 697 1907 ,lesu
728 1863 902 1908 vivente
925 1862 1090 1908 factum
1118 1865 1194 1921 sit,
1221 1875 1264 1909 et
1289 1881 1408 1910 nunc

17 1949 94 1993 per
124 1933 526 1993 recapitulationem
565 1935 826 1993 repetitum;
863 1951 917 1978 an
957 1945 1055 1994 post
1096 1937 1188 1995 ejus
1220 1946 1407 1982 mortem

15 2014 296 2065 posteaquam
330 2004 494 2049 dictum
530 2014 615 2059 est,
651 2024 670 2047 «
696 2006 831 2049 Judas
858 2006 1081 2062 ascendet,
1133 2026 1152 2047 »
1194 2017 1237 2051 et
1268 2010 1404 2069 coepit

19 2077 43 2118 J
49 2074 152 2118 udas
171 2074 391 2119 debellare
412 2076 698 2130 Chananaeos,
717 2076 762 2119 in
783 2092 872 2137 quo
894 2077 1010 2135 bello
1029 2078 1106 2122 ista
1126 2079 1270 2123 omnia
1291 2090 1410 2138 gesta

18 2157 265 2201 narrantur,
289 2147 440 2191 merito
462 2148 689 2207 quaeritur.
716 2148 799 2193 Sed
819 2148 1068 2193 credibilius
1091 2160 1154 2194 est
1176 2161 1274 2210 post
1295 2168 1409 2196 rnor-

18 2225 106 2261 tem
128 2220 230 2261 Jesu
255 2216 440 2272 factum,
469 2227 571 2262 tunc
595 2227 739 2262 autem
761 2235 839 2279 per
859 2219 1117 2279 prolepsim,
1143 2221 1189 2264 id
1218 2231 1301 2276 est,
1331 2238 1408 2282 per

17 2289 439 2348 praeoccupationem
489 2300 905 2345 commemoratum,
949 2291 1320 2351 quemadmodum
1365 2303 1410 2338 et

20 2357 114 2402 alia.
142 2361 268 2403 Nunc
296 2359 412 2402 enim
443 2375 544 2402 cum
567 2375 632 2403 res
658 2369 787 2418 gestae
815 2360 1017 2405 adversus
1040 2362 1310 2407 Chananaeos
1329 2365 1408 2408 tri-

21 2430 100 2474 bus
125 2433 147 2473 J
154 2429 237 2473 uda
261 2440 602 2490 exponerentur,
623 2431 681 2475 ita
709 2447 753 2475 se
776 2433 1032 2477 narrationis
1055 2434 1162 2478 ordo
1186 2436 1402 2491 continet,

22 2500 131 2544 inter
166 2510 320 2545 cretera
355 2502 480 2545 Judae
516 2500 629 2545 facta
662 2501 839 2557 bellica,
874 2502 929 2546 de
959 2519 1069 2563 quo,
1094 2513 1193 2562 post
1220 2516 1406 2549 mortem

70 2604 76 2618 ¹
99 2597 202 2629 judie.
227 2609 248 2637 i,
272 2597 300 2629 3.
324 2615 363 2619 —
384 2605 395 2619 ²
412 2597 492 2629 Ibid.
517 2607 565 2629 ι’ὶ.
594 2615 634 2619 -
662 2596 783 2629 3Jo=ui²
799 2611 852 2639 xv,
877 2599 926 2630 10.
