1872 3267
318 313 587 352 QuastmNEs
620 317 665 342 IN
700 316 959 352 LEvl'rmUM,
996 316 1077 342 Lis.
1115 317 1180 342 111.
1357 305 1441 343 373

54 391 247 442 peccato,
272 389 415 440 potest
445 379 621 424 forsitan
655 379 766 434 dici,
801 396 888 424 non
923 382 1005 424 hoe
1029 379 1282 439 regulariter
1314 378 1443 424 fuisse

54 460 343 512 praeceptum3
368 449 443 494 sed
470 449 557 494 illic
592 449 894 495 [antummodo
927 460 974 494 ut
1007 451 1129 494 fieret
1152 450 1317 494 dictum
1354 461 1439 506 est,

54 522 100 567 id
121 532 205 577 est,
232 523 277 566 in
306 522 514 566 sacrificio
542 520 758 576 salutaris,
781 537 881 566 cum
906 522 960 566 sit
979 522 1032 566 dc
1051 521 1214 577 bobus,
1240 521 1301 565 ibi
1326 523 1442 566 enim

56 594 100 637 id
122 593 356 652 praecepit3
381 592 485 635 etin
510 592 725 637 sacrificio
754 608 832 653 pro
855 602 1048 652 peccato,
1074 607 1173 636 cum
1198 593 1247 636 fit
1273 593 1327 637 dc
1356 592 1441 636 foe-

54 665 170 709 mina
206 679 257 707 ex
290 663 444 708 ovibus
479 682 486 707 ;
527 671 682 707 caetera
715 679 817 708 vero
851 664 940 708 sive
976 664 1061 706 sint
1094 662 1316 720 salutaris,
1356 664 1445 708 sive

55 751 132 796 pro
154 743 355 795 peccato,
389 750 478 779 non
496 748 586 779 esse
604 749 776 779 necesse
802 745 851 780 ut
880 750 1009 795 super
1029 733 1282 780 holocausta
1304 735 1447 795 impo-

54 817 228 852 nantur.

115 881 172 923 ΙΙ.
199 882 348 924 Movet
370 879 499 922 etiam
522 878 642 939 quod
665 894 766 923 cum
784 879 947 923 faceret
964 881 1109 923 Aaron
1132 877 1245 922 dona
1263 879 1441 938 populi,

54 966 153 1011 quae
175 965 304 1009 supra
324 950 698 1004 commemoravit,
720 965 809 994 non
827 949 972 994 omnia
993 959 1331 994 commemorata
1345 959 1446 994 sunt

55 1019 274 1065 immolata
290 1055 300 1074 ,
322 1035 421 1079 quae
440 1019 613 1063 fuerant
634 1019 839 1080 praedicta
864 1037 875 1064 .·
900 1019 974 1064 sed
1008 1029 1179 1064 tantum
1204 1020 1349 1064 hircus
1367 1036 1447 1080 pro

55 1100 233 1151 peccato
256 1099 298 1133 et
326 1090 631 1134 holocaustum
648 1093 657 1116 ¹
677 1127 687 1146 ,
730 1091 806 1135 ubi
843 1100 989 1134 tamen
1024 1090 1149 1135 illum
1173 1107 1333 1149 agnum
1358 1108 1448 1136 non

55 1161 259 1221 expressit
292 1181 299 1205 :
326 1161 414 1205 duo
444 1177 547 1205 vero
577 1162 684 1217 alia,
715 1178 814 1222 quae
847 1161 902 1207 ad
929 1162 1135 1205 sacrificia
1164 1178 1243 1222 pro
1266 1172 1446 1222 peccato

55 1233 198 1292 potius
221 1247 352 1292 quam
377 1231 432 1276 ad
465 1231 771 1276 holocaustum
794 1232 1011 1291 pertinere
1040 1233 1228 1277 diximus
1244 1269 1254 1288 ,
1288 1235 1444 1290 tacuit,

56 1304 100 1348 id
115 1314 191 1358 est,
214 1304 390 1347 arierem
412 1312 454 1346 ct
472 1302 657 1347 vitulum
672 1325 682 1360 3
698 1303 779 1346 nisi
798 1303 909 1347 forte
923 1319 945 1346 a
964 1313 1085 1363 parte
1103 1313 1245 1348 totum
1263 1304 1448 1365 intelligi

55 1374 213 1428 voluit,
245 1383 295 1418 ut
324 1373 416 1418 solo
454 1389 584 1434 capro
602 1383 944 1418 commemorato
968 1374 1097 1418 etiam
1126 1372 1197 1419 illa
1219 1375 1447 1422 subsecuta

58 1446 364 1505 acciperemus.

116 1520 197 1560 ΙΙΙ.
223 1518 335 1561 Cum
359 1516 413 1560 de
434 1516 650 1560 sacrificiis
671 1515 868 1560 salutaris
892 1516 1043 1576 populi
1056 1527 1271 1572 narraret,
1297 1534 1450 1579 quem-

58 1586 296 1632 admodum
319 1602 367 1630 ea
392 1586 546 1630 fecerit
567 1590 713 1630 Aaron
729 1622 739 1642 ‚
771 1585 826 1630 de
848 1586 986 1631 vitulo
1008 1597 1051 1631 et
1078 1588 1208 1632 ariete
1231 1589 1290 1632 ait
1321 1608 1328 1632 :
1357 1593 1449 1633 «Et

59 1676 79 1699 »
107 1658 266 1702 oceidit
282 1656 471 1701 vitulum
495 1666 537 1700 et
550 1657 727 1700 arietem
749 1657 945 1701 sacrificii
969 1657 1167 1702 salutaris
1200 1659 1379 1719 populi,
1406 1670 1449 1705 et

57 1728 314 1773 obtulerunt
335 1727 411 1771 filii
445 1731 590 1772 Aaron
620 1728 873 1786 sanguinem
903 1728 958 1772 ad
980 1743 1102 1784 eum,
1134 1738 1177 1773 et
1204 1730 1362 1775 affudit
1394 1731 1449 1775 ad

59 1819 79 1841 n
108 1800 240 1844 altare
262 1800 306 1843 in
329 1800 537 1855 circuitu,
567 1809 610 1843 ct
640 1799 810 1860 adipem
836 1800 912 1861 qui
930 1816 953 1844 a
972 1800 1136 1856 vitulo,
1164 1811 1207 1845 et
1236 1802 1290 1846 ab
1317 1803 1450 1847 ariete

61 1890 80 1912 »
106 1871 332 1926 lumbum,
354 1880 397 1915 et
427 1871 599 1931 adipem
622 1880 839 1929 tegentem
862 1887 992 1932 super
1023 1881 1218 1916 ventrem
1233 1909 1244 1928 7
1273 1883 1316 1917 et
1339 1874 1450 1919 duos

61 1961 80 1982 η
102 1958 223 1986 renes
239 1978 248 1996 ‚
271 1953 314 1986 e:
336 1941 509 2002 adipem
527 1942 601 1998 qui
620 1958 749 2002 super
771 1943 883 2002 ipsos
906 1953 984 1998 est,
1011 1952 1054 1987 et
1074 1944 1252 2004 pinnam
1266 1961 1364 2005 quae
1387 1955 1451 1990 est

61 2031 82 2053 »
112 2013 157 2056 in
175 2013 368 2072 jocinere
385 2048 395 2066 ‚
417 2023 460 2055 et
482 2013 627 2072 posuit
649 2012 823 2073 adipem
845 2030 974 2074 super
995 2016 1248 2075 pectuscula
1264 2052 1274 2071 ‚
1301 2027 1344 2060 et
1364 2018 1450 2061 im-

64 2101 83 2124 »
103 2083 248 2142 posuit
270 2081 416 2142 adipes
447 2085 502 2126 ad
536 2082 670 2126 altare
707 2103 715 2128 :
746 2093 789 2127 et
816 2085 1121 2143 pectusculum
1150 2096 1193 2130 et
1222 2087 1451 2132 brachium

65 2173 83 2194 »
110 2153 311 2198 dextrum
346 2153 527 2197 abstulit
561 2157 727 2209 Aaron,
767 2154 1032 2200 ablationem
1064 2166 1164 2200 ante
1187 2159 1448 2215 Dominum,

63 2243 84 2266 »
110 2226 331 2285 quomodo
345 2225 771 2285 praecepitDominus
783 2228 963 2285 Moysi?
985 2247 1003 2269 »
1020 2231 1147 2273 Nunc
1159 2229 1450 2288 singulariter,

63 2311 178 2355 nunc
196 2295 421 2355 pluraliter
433 2295 629 2356 loquitur
647 2312 745 2340 cum
761 2296 815 2340 de
829 2297 1003 2342 duobus
1019 2299 1278 2343 animalibus
1300 2299 1453 2361 loqua-

65 2376 157 2422 tur,
180 2366 319 2411 vitulo
343 2376 386 2411 et
399 2367 545 2411 ariete.
567 2367 695 2421 Quod
712 2383 814 2427 ergo
834 2368 939 2413 dicit
961 2369 1071 2414 duos
1092 2386 1239 2426 renes,
1260 2371 1315 2415 ab
1334 2382 1452 2417 utro-

63 2453 148 2498 que
171 2439 391 2482 animante
408 2437 739 2496 intelligendum
762 2449 851 2495 est,
879 2450 1008 2501 atque
1032 2442 1089 2485 ita
1108 2451 1298 2502 quatuor
1320 2443 1449 2499 fiunt,

64 2509 120 2552 ita
142 2517 184 2552 et
215 2518 384 2552 caetera.
421 2507 549 2562 Quod
575 2524 678 2553 vero
713 2510 793 2565 ait,
820 2530 839 2552 «
867 2513 924 2555 Et
966 2512 1111 2571 posuit
1144 2512 1289 2572 adipes
1322 2529 1453 2573 super

69 2597 89 2620 »
116 2579 366 2639 pectuscula
383 2615 394 2635 ‚
424 2598 444 2620 »
470 2595 571 2624 cum
603 2580 690 2639 ipsa
715 2581 965 2640 pectuscula
996 2598 1083 2627 non
1113 2583 1366 2643 imposuerit
1389 2584 1453 2629 al-

115 2669 122 2684 ¹
145 2664 246 2695 Levit.
273 2664 448 2702 1x‚1:'›.--
466 2671 478 2685 2
505 2664 586 2696 lbid.
613 2664 717 2696 18—21.
