1872 3267
0 1356 2 1363 >

0 1371 1 1378 l

0 1453 2 1479 Ι

0 1524 5 1551 l

0 1573 5 1645 f'*

0 1659 5 1692 ι

0 1739 13 1791 ·’ῐ

10 1794 13 1841 l

331 312 596 349 Qt‘ffis‘riouns
629 312 673 338 ιΝ
707 311 914 348 Exonmr,
951 311 1032 338 Lm.
1071 312 1117 336 η.
1232 304 1235 306 “
1338 295 1413 334 341

34 384 122 419 tera
145 374 318 420 dextera
340 376 535 436 laevaque
557 375 790 436 quindenis
813 375 969 418 cubitis
987 385 1030 418 et
1052 375 1181 418 ternis
1205 372 1419 416 columnis

32 446 365 505 porrigebantur
379 447 616 503 introrsus;
643 455 691 490 ut
713 445 758 489 in
783 444 926 489 medio
945 453 1157 504 ponerent
1180 443 1336 487 ostium
1360 452 1420 486 ta-

36 515 256 561 bernaculi
269 517 498 572 interioris,
523 518 567 560 in
584 532 633 560 ea
646 525 768 576 parte
786 531 874 575 quo
896 515 1223 575 perveniebant,
1245 515 1355 557 sicut
1377 514 1419 557 in

30 585 175 631 medio
197 588 419 647 ponebant
441 597 611 648 portam
643 586 755 641 atrii,
787 586 841 630 ab
871 603 918 631 ca
948 595 1070 646 parte
1092 584 1210 629 unde
1240 584 1422 643 incipie-

29 657 150 701 bant.
182 660 275 703 Hoc
306 659 452 718 itaque
479 658 636 702 atrium
666 656 794 702 latius
823 666 914 701 erat
936 672 1068 717 quam
1094 655 1282 714 longius.
1309 657 1417 700 Nam

30 726 257 787 longitudo
278 730 368 789 ejus
384 738 480 775 erat
501 745 525 773 a
550 738 674 788 porta
698 728 830 788 ipsius
853 743 991 789 usque
1013 726 1069 771 ad
1091 726 1250 770 ostium
1273 726 1420 770 taber-

30 798 172 842 uaculi
205 799 445 855 interioris,
479 800 523 843 in
554 799 711 843 cubitis
745 799 883 843 ferme
915 796 1199 858 quindecim:
1235 796 1421 841 latitudo

29 879 173 914 autem
200 872 313 916 circa
336 880 507 931 portam
528 870 574 914 in
604 870 763 914 cubitis
795 870 969 928 viginti,
995 870 1107 913 circa
1131 868 1291 913 ostium
1319 883 1422 913 vero

27 942 72 986 in
88 941 244 986 cubitis
266 943 458 1001 triginta.
488 941 614 986 Unde
638 940 817 1001 obliqua
841 940 914 984 illa
938 939 1073 984 latera
1101 938 1232 984 fuisse
1260 938 1423 983 intelli-

28 1021 211 1071 guntur,
237 1029 337 1073 quae
359 1012 534 1057 dextera
552 1012 750 1073 laevaque
773 1012 818 1055 in
840 1011 1055 1056 columnis
1075 1010 1206 1054 ternis
1224 1019 1268 1054 et
1288 1010 1422 1070 quin-

27 1079 147 1127 denis
168 1083 326 1128 cubitis
355 1093 492 1129 erant.
519 1086 570 1127 In
595 1084 678 1128 hoc
706 1083 815 1127 atrio
838 1091 930 1126 erat
957 1081 1090 1126 altare
1113 1080 1422 1125 sacrificiorum

24 1153 306 1214 quadratum,
334 1154 531 1214 quinque
558 1153 719 1198 scilicet
751 1152 905 1197 cubitis
934 1151 1139 1210 longum,
1166 1161 1209 1196 et
1233 1152 1418 1197 totidem

29 1225 178 1270 latum.
208 1229 327 1271 Inter
354 1235 527 1286 portam
556 1235 599 1270 et
630 1224 764 1270 altare
797 1225 986 1285 spatium
1015 1235 1131 1283 erat9
1164 1224 1242 1268 ubi
1275 1240 1422 1270 versa-

28 1297 187 1342 bantur
218 1298 295 1359 qui
326 1298 531 1342 sacrificia
561 1297 849 1357 imponebant
880 1297 1004 1341 altari
1032 1317 1040 1342 :
1073 1297 1285 1342 introrsus
1316 1312 1421 1342 vero

27 1368 137 1412 inter
158 1367 292 1413 altare
313 1378 357 1412 et
377 1368 537 1412 ostium
558 1367 858 1423 tabernaculi,
888 1366 1009 1412 locus
1031 1377 1123 1412 erat
1145 1368 1300 1412 cineris
1322 1377 1422 1412 ante

26 1438 157 1482 altare
173 1474 183 1494 ‚
209 1448 252 1483 et
276 1438 432 1483 deinde
449 1438 622 1482 labrum
645 1454 819 1483 aeneum
847 1438 923 1482 ubi
950 1454 1105 1483 manus
1133 1448 1176 1483 et
1197 1438 1330 1499 pedes
1352 1455 1422 1484 sa-

25 1508 218 1555 cerdotes
242 1508 448 1553 lavabant
463 1544 473 1564 ,
498 1509 568 1553 vel
592 1508 715 1553 altari
740 1509 785 1552 in
813 1510 922 1554 atrio
941 1511 1163 1566 servituri,
1182 1510 1253 1556 vel
1271 1511 1420 1555 taber-

25 1579 232 1640 naculum
254 1580 431 1623 interius
452 1580 701 1638 ingressuri.
726 1580 929 1625 Tentoria
951 1596 1082 1640 porro
1104 1582 1234 1642 hujus
1256 1581 1353 1626 atrii
1376 1583 1421 1626 in

24 1649 230 1694 lateribus
259 1660 483 1694 ternarum
509 1649 813 1694 columnarum
849 1651 1028 1709 byssina
1063 1663 1213 1708 erant,
1245 1662 1418 1697 extenta

25 1721 181 1766 cubitis
195 1720 443 1782 quindenis,
470 1731 611 1766 erecta
633 1722 790 1766 cubitis
808 1723 966 1782 quinis.

81 1794 201 1836 xlx.
227 1792 297 1837 Ab
315 1793 398 1836 hoc
423 1808 526 1851 ergo
554 1794 664 1838 atrio
690 1794 935 1839 intrabatur
965 1795 1126 1840 ostium
1149 1794 1418 1840 tabernaculi

10 1876 124 1907 *cum
147 1863 365 1907 transisses
389 1862 547 1918 altare,
573 1873 616 1908 et
645 1863 817 1908 labrum
845 1881 1031 1910 feneum.
1058 1867 1311 1911 Intrabatur
1340 1883 1418 1911 au-

2 1953 5 1961 =
27 1942 111 1977 tem
133 1934 290 1994 apertis
310 1933 472 1990 aulaeis,
495 1935 655 1995 quibus
679 1934 830 1980 decem
844 1972 854 1990 ,
878 1937 1076 1997 quinque
1100 1938 1201 1982 binc
1225 1948 1267 1981 et
1286 1938 1417 1998 quin-

26 2021 109 2066 que
136 2004 240 2050 inde
263 2021 313 2049 ex
331 2005 512 2051 adverso
538 2006 714 2051 sibimet
735 2009 1004 2065 constitutis,
1034 2018 1175 2054 totum
1193 2011 1331 2070 ipsum
1349 2011 1417 2053 in-

28 2077 155 2120 terius
191 2076 523 2121 tabernaculum
555 2078 829 2137 cingebatur.
865 2081 996 2133 Quod
1032 2082 1191 2126 ostium
1226 2082 1417 2140 ingresso

27 2148 280 2191 occurrebat
304 2147 452 2192 velum
469 2183 479 2203 ‚
506 2148 627 2209 quod
649 2148 705 2193 ad
727 2151 886 2195 ostium
909 2149 1052 2196 suerat
1074 2154 1346 2212 oppositum,
1374 2153 1418 2196 in

27 2219 217 2278 quinque
244 2217 459 2262 columnis
493 2228 740 2276 extentum,
766 2221 979 2266 variatum
1008 2222 1091 2267 illis
1121 2233 1311 2284 quatuor
1341 2239 1418 2268 co-

29 2287 187 2332 loribus
213 2309 221 2333 :
247 2288 368 2350 quod
389 2288 536 2333 velum
566 2306 666 2334 cum
694 2289 947 2336 faciendum
977 2295 1257 2354 praeciperet,
1289 2313 1310 2336 «
1337 2295 1418 2338 ad-

29 2357 274 2404 ductorium
306 2380 324 2401 »
353 2362 546 2417 vocavit,
585 2360 714 2406 credo
744 2362 864 2423 quod
894 2375 1117 2421 curreret,
1144 2364 1347 2410 ducendo
1375 2375 1418 2410 et

31 2428 289 2485 reducendo,
315 2446 416 2475 cum
434 2431 626 2491 >operiret
641 2442 772 2493 atque
794 2435 979 2494 aperiret
996 2436 1256 2494 ingressum.
1281 2439 1418 2480 Tran-

30 2501 106 2543 sito
125 2501 207 2545 isto
227 2500 341 2557 velo,
362 2502 604 2562 excipiebat
620 2519 718 2563 pars
740 2504 1010 2551 tabernaculi
1031 2506 1175 2553 media
1196 2508 1310 2552 inter
1333 2508 1417 2552 hoc

31 2569 172 2615 velum
194 2580 237 2616 et
264 2571 374 2616 illud
397 2573 582 2619 alterum
615 2575 797 2619 interius
829 2577 950 2637 quod
982 2577 1197 2623 columnis
1228 2588 1419 2639 quatuor

33 2639 167 2686 luerat
194 2643 443 2703 impositum
460 2680 471 2695 ,
498 2660 548 2690 ex
581 2645 664 2690 illis
694 2656 885 2706 quatuor
917 2647 1137 2694 coloribus
1160 2648 1322 2695 factum
1339 2685 1349 2698 ,
1375 2660 1416 2693 et
