1872 3267
426 234 512 274 476
855 248 889 274 s.
926 244 1157 275 Auous‘nm
1188 246 1371 274 Emscom

426 329 446 353 >›
482 319 526 355 et
547 310 756 355 Dominus
774 310 1026 356 emundavit
1045 327 1157 366 eam⁷
1180 311 1281 371 quia
1303 310 1458 355 abnuit
1477 318 1600 370 pater
1623 309 1756 369 ejus'.
1783 324 1804 349 n

423 381 641 434 Quoniam
673 380 854 441 quidem
887 381 941 425 de
970 381 1173 437 muliere,
1199 397 1298 442 quae
1330 380 1473 425 adhuc
1507 380 1554 424 in
1578 380 1809 439 juventute

423 467 500 496 sua
533 451 580 494 in
612 450 745 495 domo
780 452 912 511 patris
949 461 1034 507 est,
1058 452 1278 513 loquitur,
1311 452 1466 495 merito
1495 450 1567 495 hic
1601 449 1810 511 quaeritur

424 521 556 565 etiam
573 520 627 565 de
648 531 752 565 voto
772 521 1029 580 virginitatis
1047 541 1056 567 :
1082 521 1284 566 mulieres
1302 522 1465 582 quippe
1481 522 1612 565 etiam
1625 520 1810 579 virgines

423 591 470 634 in
505 592 725 651 Scriptura
758 591 968 651 appellari
996 592 1133 636 solere
1161 593 1434 637 notissimum
1462 601 1552 636 est:
1577 600 1621 635 et
1639 590 1812 636 videtur

422 661 553 705 etiam
595 661 828 720 Apostolus
866 662 921 705 de
956 671 1078 721 patre
1115 662 1258 722 loqui,
1296 678 1397 706 cum
1434 661 1568 706 dicit:
1608 680 1628 703 «
1665 663 1810 706 Servet

426 749 446 772 »
482 731 695 790 virginem
717 747 862 787 suam,
892 750 911 773 »
939 741 998 787 et,
1034 752 1053 774 ‹<
1080 735 1162 776 Det
1183 742 1372 792 nuptum
1393 732 1605 791 virginem
1627 746 1764 784 suam,
1787 747 1808 772 »

424 810 467 845 et
499 810 655 845 caetera
684 802 767 846 hoc
796 801 956 846 modo:
982 803 1060 846 ubi
1094 802 1296 847 nonnulli
1331 801 1659 857 intellexerunt,
1682 801 1812 858 virgi-

422 887 524 916 nem
558 888 702 927 suam,
726 873 1021 931 virginitatem
1054 889 1199 928 suam⁷
1224 872 1345 917 nulla
1382 882 1528 916 tamen
1564 873 1648 917 hoe
1686 869 1811 915 simili
1829 894 1857 1007 Ι

424 942 743 1002 Scripturarum
772 943 994 987 locutione
1023 943 1347 998 demonstrant,
1372 958 1473 986 eum
1498 943 1553 986 sit
1573 941 1811 986 inusitatis-

420 1013 540 1057 sima.
564 1013 693 1066 Quod
720 1023 867 1057 autem
890 1014 949 1058 ait
973 1033 982 1058 ε
1012 1033 1032 1056 «
1055 1013 1273 1058 Adversus
1297 1013 1488 1057 animam
1509 1029 1654 1067 suam,
1677 1030 1698 1053 »
1723 1027 1811 1056 non

423 1083 482 1126 sic
513 1083 816 1143 accipiendum
844 1093 929 1138 est,
959 1085 1083 1144 quasi
1111 1085 1267 1128 animae
1297 1092 1455 1128 noceat
1482 1082 1644 1127 talibus
1672 1083 1809 1141 votis3
1839 1112 1845 1147 ,Ι

424 1155 498 1197 sed
535 1173 554 1195 «
590 1153 808 1199 Adversus
849 1156 1038 1198 animam
1072 1174 1091 1197 Χ)
1128 1155 1310 1209 dieitur,
1344 1153 1546 1199 adversus
1584 1153 1811 1198 animalem

423 1223 771 1280 delectationem,
797 1226 909 1269 sieut
929 1227 1060 1269 etiam
1083 1224 1136 1268 de
1155 1225 1322 1285 jejunio
1347 1224 1600 1285 praecipiens
1617 1223 1811 1284 superius
1829 1246 1832 1283 Ι

424 1294 509 1338 ait:
539 1313 559 1337 «
586 1298 642 1339 Et
664 1295 860 1354 affligetis
883 1296 1047 1339 animas
1069 1304 1249 1339 vestras.
1278 1314 1297 1335 >›

928 1403 1164 1451 QUAESTIO
1195 1404 1329 1443 LVIII.

483 1506 609 1556 QUOD
632 1512 777 1547 autem
800 1503 884 1546 ait:
915 1521 935 1545 «
959 1506 1015 1547 Et
1045 1503 1256 1547 Dominus
1289 1501 1547 1547 emundabit
1569 1517 1686 1557 eam,
1711 1503 1811 1562 quia

427 1594 446 1615 »
483 1574 636 1618 abnuit
658 1584 780 1634 pater
801 1576 920 1634 ejus²
941 1594 949 1618 :
971 1573 1230 1618 emundabit
1253 1592 1274 1615 »
1300 1573 1429 1629 dixit,
1454 1590 1478 1618 a
1496 1575 1588 1619 voti
1614 1589 1705 1618 non
1731 1574 1831 1619 im-'

422 1644 528 1705 pleti
553 1644 732 1687 crimine
755 1643 951 1688 absolvet
970 1664 978 1688 :
1004 1645 1115 1688 sieut
1137 1645 1183 1688 in
1209 1645 1357 1689 multis
1379 1644 1484 1689 locis
1507 1644 1687 1699 dicitur,
1714 1664 1734 1687 «
1757 1646 1811 1689 Et

427 1735 444 1755 »
482 1714 715 1758 mundabit
737 1730 837 1757 eum
870 1714 1088 1769 sacerdos,
1117 1733 1138 1755 ›>
1170 1715 1215 1758 id
1246 1725 1329 1770 est,
1356 1715 1576 1759 mundum
1608 1715 1806 1770 habebit,

423 1785 889 1845 mundummdicabit3
918 1787 1043 1830 sicuti
1069 1795 1133 1830 est
1156 1795 1199 1830 et
1222 1785 1349 1841 illud,
1380 1806 1398 1828 «
1421 1785 1708 1831 Mundatione
1723 1801 1810 1831 non

426 1876 445 1897 n
481 1856 714 1901 mundabis
741 1872 887 1911 reum,
919 1875 939 1897 n
967 1855 1011 1900 id
1037 1865 1122 1910 est,
1156 1875 1175 1898 «
1202 1859 1300 1901 Non
1328 1856 1443 1901 dices
1468 1856 1685 1901 mundum
1711 1870 1809 1900 eum

424 1927 501 1988 qui
531 1926 782 1971 immundus
804 1935 881 1970 est.
915 1944 936 1967 »

932 2023 1168 2073 QUAESTIO
1201 2025 1299 2063 ΠΧ.

484 2130 517 2171 Ι.
549 2146 569 2168 «
596 2129 639 2171 S1
658 2136 803 2170 autem
826 2125 939 2170 faeta
961 2127 1093 2170 fuerit
1114 2127 1228 2182 viro,
1255 2136 1298 2171 et
1318 2136 1419 2171 vota
1441 2129 1530 2187 ejus
1561 2142 1691 2187 super
1713 2142 1804 2171 eam

486 2196 725 2242 secundum
749 2196 1069 2241 distinctionem
1091 2196 1308 2242 labiorum
1332 2199 1445 2258 ejus,
1471 2207 1634 2258 quanta
1651 2197 1806 2241 defini-

484 2269 547 2313 vit
564 2267 766 2312 advorsus
789 2267 976 2311 animam
999 2283 1119 2311 suam
1138 2289 1149 2325 3
1174 2277 1217 2312 et
1239 2267 1423 2312 audierit
1444 2268 1509 2312 vir
1539 2269 1653 2328 ejus,
1679 2277 1723 2311 et
1743 2267 1806 2312 fa-

485 2340 621 2383 cuerit
639 2339 675 2382 ei
693 2354 969 2399 quacumque
989 2337 1058 2381 die
1081 2338 1265 2382 audierit
1285 2358 1294 2382 2
1321 2348 1364 2382 et
1383 2339 1442 2382 ita
1464 2338 1642 2382 stabunt
1660 2337 1801 2382 omnia
1826 2336 1827 2343 ’

429 2217 438 2239 )

441 2218 449 2239 ν

431 2288 439 2309 )

441 2288 449 2309 υ

431 2359 439 2379 )

442 2360 450 2380 v

430 2429 439 2449 )

441 2429 449 2450 υ

477 2583 484 2597 ¹
507 2577 599 2609 Num.
616 2587 691 2616 xxx,
714 2574 789 2617 4-6.
810 2592 850 2598 -—
870 2582 882 2596 ‘²
908 2574 989 2607 Il›i‹l.
1012 2575 1045 2605 6.

1840 1150 1862 1295 l

485 2419 584 2454 vota
612 2411 724 2469 ejus,
749 2418 791 2453 et
813 2408 1085 2453 definitiones
1117 2410 1228 2468 ejus,
1253 2424 1359 2469 quas
1382 2407 1577 2453 definivit
1599 2408 1806 2453 adversus
1864 2416 1868 2428 ³

428 2500 448 2521 η
483 2481 672 2525 animam
699 2495 820 2524 suam
841 2479 1033 2524 stabunt.
1064 2480 1105 2525 Si
1127 2489 1272 2524 autem
1291 2480 1486 2524 abnuens
1509 2479 1710 2523 abnuerit
1737 2478 1800 2523 vir
1824 2530 1826 2538 Υ
1863 2487 1868 2507 ²¹
