1872 3267
385 247 438 283 52
825 258 857 281 s.
894 256 1121 283 AUGUS'MNI
1157 258 1335 283 Eriseori

378 322 553 381 proprie
570 336 656 363 nen
674 319 782 364 solet
799 318 907 369 dici,
927 321 1008 365 nisi
1025 337 1126 365 cum
1145 331 1315 382 tempus
1336 321 1554 366 transierit
1565 336 1654 381 quo
1670 322 1763 366 fieri

376 390 556 445 debuit,
583 389 703 450 quod
726 405 820 434 sero
843 388 1002 434 dieitur
1019 389 1200 436 factum.

435 464 610 506 CXXV.
646 481 666 503 «
689 461 730 506 Si
763 461 976 520 acceperis
1009 463 1381 522 computationem
1409 462 1601 506 filiorum
1633 461 1761 506 Isra'e'l

377 549 398 573 »
433 531 478 575 in
500 531 745 576 visitatione
763 547 914 575 eorum
933 567 942 587 ,
970 541 1014 576 et
1035 532 1206 577 dabunt
1229 531 1386 590 singuli
1418 531 1763 591 redemptionem

375 619 398 644 »
434 601 590 646 animae
612 617 699 645 suae
721 601 929 656 Domino,
956 611 999 645 et
1020 617 1110 647 non
1139 603 1219 646 erit
1241 603 1287 646 in
1317 603 1374 646 eis
1398 602 1522 646 ruina
1549 602 1594 645 in
1615 601 1764 645 visita-

377 691 397 714 »
433 673 550 717 tione
572 687 724 717 eorum
743 707 754 727 ,
780 681 824 716 et
844 673 929 716 hoe
959 681 1023 716 est
1054 672 1174 733 quod
1197 672 1369 716 dabunt
1398 672 1522 716 tibi¹.
1545 690 1564 713 11
1597 671 1765 716 Pendet

373 744 453 788 ista
483 743 673 798 locutio,
705 743 807 803 quia
841 742 1096 802 interposita
1126 753 1189 788 est
1210 743 1461 803 conjunctio
1490 742 1759 802 copulativa,

368 830 471 874 quae
492 815 525 858 si
543 830 631 858 non
655 813 1007 873 interponeretur
1022 849 1032 869 ,
1059 829 1149 858 non
1178 813 1405 874 penderet.
1439 817 1471 858 T
1477 814 1593 858 ribus
1613 822 1763 858 autem

371 883 476 929 loeis
493 894 556 928 est
573 884 734 944 posita,
761 900 950 945 quorum
971 883 1202 929 undelibet
1223 884 1432 941 detracta,
1457 884 1632 944 plenam
1659 883 1764 929 facit

369 971 461 1000 esse
496 956 770 1000 sententiam.
808 959 974 999 Rursus
1006 955 1084 999 ubi
1108 954 1276 1000 dictum
1311 966 1399 1011 est,
1439 975 1458 998 α
1482 956 1525 1000 Si
1548 956 1763 1015 acceperis

373 1044 394 1068 »
430 1027 801 1086 computationem
824 1025 1015 1070 filiorum
1039 1025 1170 1070 Israel
1191 1026 1237 1070 in
1258 1026 1503 1071 visitatione
1520 1042 1694 1081 eorum,
1720 1035 1763 1070 et

372 1115 394 1138 11
430 1097 600 1141 dabunt
616 1096 776 1156 singuli
800 1095 1146 1155 redemptionem
1167 1097 1324 1140 animae
1341 1113 1429 1141 suae
1452 1098 1663 1142 Domino:
1686 1115 1706 1137 »
1728 1097 1762 1141 si

370 1168 486 1212 enim
506 1185 595 1213 non
613 1168 787 1212 dixisset
815 1187 835 1209 ((
851 1177 895 1211 et
908 1167 1091 1222 dabunt,
1116 1186 1135 1208 11
1152 1168 1227 1211 sed
1243 1167 1551 1213 tantummodo
1564 1167 1756 1224 dixisset,

369 1239 608 1295 «dabunt,
639 1258 658 1281 11
690 1239 889 1283 finiretur
920 1239 1157 1294 sententia,
1189 1255 1269 1283 nec
1296 1239 1532 1299 penderet,
1564 1239 1622 1285 ita
1645 1239 1760 1283 enim

369 1311 617 1356 diceretur:
649 1331 667 1353 «
692 1312 735 1356 Si
758 1311 973 1371 acceperis
1005 1311 1377 1370 computationem
1405 1310 1596 1354 filiorum
1630 1309 1760 1354 Israel

373 1402 391 1425 11
427 1383 473 1426 in
485 1383 729 1427 visitatione
744 1397 912 1438 eorum,
936 1382 1108 1426 dabunt
1124 1381 1280 1439 singuli
1296 1381 1641 1441 redemptionem
1661 1382 1756 1426 ani-

370 1472 391 1495 »
428 1469 510 1497 mae
524 1470 611 1498 suae
629 1454 831 1497 Domino.
847 1471 866 1494 11
887 1454 929 1498 Si
943 1463 1088 1497 autem
1101 1453 1170 1496 hie
1184 1453 1363 1512 ponitur
1375 1453 1468 1497 haee
1483 1453 1752 1513 conjunctio,

369 1523 574 1568 deorsum
598 1523 792 1567 tollenda
809 1532 892 1578 est,
919 1532 969 1566 ut
991 1523 1050 1566 ita
1073 1522 1262 1577 dicatur,
1293 1541 1312 1564 «
1337 1522 1377 1566 Si
1402 1523 1616 1582 acceperis
1639 1539 1757 1567 eom-

368 1611 392 1636 »
428 1595 700 1653 putationem
718 1592 909 1637 filiorum
929 1592 1060 1637 Israel
1083 1593 1128 1636 in
1149 1593 1394 1636 visitatione
1417 1606 1591 1646 eorum,
1612 1600 1655 1635 et
1674 1592 1754 1635 da-

368 1683 389 1706 11
426 1664 538 1707 bunt
556 1662 713 1722 singuli
732 1662 1075 1720 redemptionem
1094 1663 1249 1704 animae
1266 1677 1354 1704 suae
1372 1661 1579 1716 Domino,
1602 1671 1644 1705 et
1665 1677 1756 1706 non

366 1755 388 1778 11
425 1736 505 1779 erit
529 1735 574 1779 in
597 1735 653 1778 eis
676 1734 801 1778 ruina
823 1734 868 1776 in
883 1731 1126 1775 visitatione
1144 1746 1316 1786 eorum,
1339 1733 1422 1776 hoc
1440 1741 1518 1787 est,
1540 1732 1660 1792 quod
1678 1733 1755 1777 da-
1819 1746 1821 1779 ξ

367 1825 388 1849 11
424 1808 552 1850 bunt.
574 1824 593 1845 »
615 1809 704 1848 Aut
726 1811 842 1847 certe
860 1802 905 1845 in
923 1800 1066 1846 medio
1083 1802 1159 1846 ubi
1177 1801 1342 1846 dietum
1360 1812 1445 1859 est,
1471 1823 1490 1844 «
1511 1813 1554 1847 et
1570 1820 1660 1848 non
1674 1805 1754 1848 erit
1818 1792 1821 1857 {

368 1898 389 1920 (1
423 1877 468 1920 in
490 1876 548 1919 eis
571 1875 711 1929 ruina,
735 1892 755 1915 11
782 1873 816 1917 si
833 1872 1033 1917 detrahas
1051 1873 1419 1932 conjunctionem,
1442 1890 1530 1918 non
1546 1874 1754 1934 pendebit
1816 1906 1817 1917 i

362 1947 575 1993 sententia
594 1965 601 1990 :
621 1946 701 1989 erit
724 1944 841 1988 enim
858 1959 1026 1998 sensus,
1052 1963 1071 1984 «
1093 1943 1134 1987 Si
1148 1944 1363 2003 acceperis
1381 1946 1752 2003 computationem

365 2038 386 2060 11
422 2017 611 2061 filiorum
628 2014 758 2059 Israel
776 2015 821 2058 in
838 2014 1082 2058 visitatione
1097 2029 1263 2069 eorum,
1279 2024 1320 2058 et
1334 2015 1506 2059 dabunt
1518 2015 1676 2074 singuli
1690 2032 1752 2060 re-
1814 2075 1815 2078 Ἴ

365 2108 385 2131 11
422 2088 719 2148 demptionem
738 2086 893 2130 animae
912 2100 1002 2129 suae
1016 2085 1217 2139 Domino,
1236 2100 1325 2129 non
1339 2085 1420 2129 e'rit
1436 2085 1482 2128 in
1495 2086 1553 2130 eis
1568 2087 1707 2131 ruina.
1728 2106 1746 2128 ))

363 2163 476 2205 uum
499 2175 601 2204 vero
623 2158 789 2218 ubique
817 2156 955 2216 posita
982 2165 1044 2199 est
1073 2155 1224 2199 eadem
1251 2156 1526 2215 conjunctio,
1558 2156 1749 2216 pendere

360 2230 463 2276 facit.
481 2230 749 2274 locutionem
777 2248 784 2272 :
810 2228 908 2272 ideo
927 2242 1021 2271 eam
1044 2226 1280 2271 notandam
1302 2227 1563 2285 putavimus.

421 2303 619 2346 CXXVI.
652 2319 670 2341 «
697 2298 978 2343 Consurrexit
1003 2296 1190 2356 populus
1214 2297 1258 2340 in
1280 2300 1445 2351 Aaron,
1474 2309 1513 2341 et
1542 2297 1746 2343 dixerunt

363 2393 383 2415 11
419 2373 498 2417 ei2:
519 2390 538 2413 »
558 2371 714 2415 usitata
736 2369 899 2413 locutio
914 2377 991 2423 est,
1010 2368 1108 2428 quia
1124 2383 1173 2411 ex
1186 2367 1330 2411 multis
1350 2367 1536 2427 populus
1556 2379 1738 2414 constat.

360 2443 528 2489 Deinde
561 2440 802 2486 notandum
842 2449 985 2483 totum
1016 2455 1093 2498 pro
1120 2448 1239 2498 parte
1272 2440 1474 2497 positum.
1509 2441 1740 2499 Apostolus
1804 2488 1806 2501 Ι

357 2514 473 2558 enini
497 2514 608 2556 sit-ut
630 2527 772 2555 revera
799 2519 908 2564 erat,
936 2509 1147 2569 quosdam
1166 2525 1315 2553 eorum
1338 2509 1444 2553 dixit
1462 2511 1543 2555 hoe
1566 2510 1737 2565 secisse,

406 2607 413 2621 ¹
439 2600 537 2630 Ex‘ml.
560 2610 635 2639 xxx,
662 2608 709 2629 112.
740 2615 778 2619 ——
801 2604 812 2618 '²
832 2596 874 2627 ld.
894 2607 982 2637 uxi,
1008 2608 1032 2627 1,

1801 2597 1804 2650 J
1864 2614 1867 2626 i
