1872 3267
363 218 627 255 Qi,.=zs'1·ioiszs
663 218 702 244 m
738 217 951 252 υκΝΕειΜ,
988 218 1070 243 Lm.
1109 218 1138 242 1·.
1364 207 1435 243 los

516 320 752 371 Qui-:SUO
785 323 992 360 Lxxxln.

121 445 140 467 «
168 428 231 470 ΕΤ
252 425 436 470 surrexit
464 423 599 469 Jacob
628 424 683 469 de
704 439 856 469 somno
883 440 961 470 suo
977 459 987 479 ,
1013 432 1056 468 et
1077 422 1182 467 dixit
1209 440 1217 467 ε
1250 423 1362 476 Quia
1384 432 1449 468 est

61 514 82 537 »
118 495 327 541 Dominus
348 495 394 539 in
414 494 511 540 loco
534 494 634 549 hoe,
651 509 731 552 ego
753 504 899 539 autem
918 493 1186 548 nesciebam,
1211 502 1254 536 et
1279 493 1444 549 timuit,

60 585 82 608 »
117 575 160 611 et
181 565 290 610 dixit
315 581 323 607 :
355 568 495 619 Quam
521 564 724 609 terribilis
755 565 877 610 locus
909 565 1005 610 hic!
1047 565 1131 608 hoc
1162 579 1252 608 non
1280 573 1344 608 est
1366 565 1448 608 nisi

61 655 81 679 »
116 636 272 681 domus
296 637 396 694 Dei,
431 646 475 680 et
495 636 589 680 haec
616 645 742 696 porta
775 646 839 681 est
865 636 1008 681 coeli1.
1039 654 1059 677 »
1087 639 1191 680 Haec
1228 635 1362 680 verba
1393 634 1449 679 ad

56 707 329 768 prophetiam
362 706 604 767 pertinent,
636 706 738 767 quia
766 706 826 750 ibi
847 706 1046 752 futurum
1068 715 1160 751 erat
1183 707 1447 751 tabernacu-

57 778 172 834 lum,
206 777 327 840 quod
356 777 583 823 constituit
616 778 827 823 Dominus
856 778 902 822 in
936 777 1189 823 hominibus
1224 778 1269 822 in
1307 778 1450 838 primo

57 850 221 912 populo
244 866 338 895 suo.
367 854 541 895 Portam
568 849 670 894 coeli
699 859 845 894 autem
868 850 927 894 sic
948 848 1189 909 intelligere
1214 848 1446 904 debemus,

0 974 2 982 y
57 930 266 984 tanquam
286 922 388 966 inde
402 922 478 966 fiat
494 919 637 966 aditus
657 920 936 966 credentibus
953 920 1008 966 ad
1022 919 1333 981 capessendum
1349 937 1451 980 reg-

0 1010 4 1062 ζ
58 1009 164 1039 num
182 993 410 1040 coelorum.

501 1103 737 1154 QUAESTIO
770 1104 975 1143 Lxxxlv.

116 1210 242 1262 Quo„
261 1207 413 1252 statuit
423 1206 613 1267 lapidem
637 1206 791 1261 Jacob,
808 1221 940 1266 quem
962 1204 1043 1250 sibi
1065 1206 1119 1250 ad
1141 1215 1273 1266 caput
1291 1221 1450 1266 posue-

0 1298 5 1322 :
58 1288 138 1335 rat,
159 1289 203 1325 et
220 1279 447 1324 constituit
465 1294 565 1322 eum
582 1277 777 1333 titulum,
798 1287 841 1321 et
856 1276 1048 1338 perfudit
1063 1276 1188 1321 illum
1203 1277 1342 1334 ole0‘2,
1362 1294 1451 1322 non

57 1350 222 1411 aliquid
254 1349 511 1395 idololatriae
553 1349 692 1394 simile
726 1348 851 1407 fecit,
887 1365 977 1393 non
1005 1349 1121 1393 enim
1149 1348 1217 1393 vel
1249 1358 1353 1393 tunc
1381 1348 1448 1393 vel

57 1431 205 1482 postea
228 1422 522 1482 frequentavit
535 1419 725 1480 lapidem
745 1419 986 1475 adorando,
1002 1419 1072 1464 vel
1089 1420 1127 1464 ei
1144 1420 1448 1465 sacrificando:

57 1491 134 1537 sed
153 1492 325 1551 signum
352 1490 436 1536 fuit
464 1492 507 1535 in
536 1491 764 1551 prophetia
786 1491 1103 1536 evidentissima
1137 1491 1448 1545 constitutum,

13 1567 16 1577 '
57 1581 157 1625 quae
179 1564 368 1624 pertinet
390 1563 446 1608 ad
464 1563 738 1619 unctionem,
764 1562 883 1607 unde
905 1562 1065 1608 Christi
1086 1579 1248 1608 nomen
1265 1578 1289 1607 a
1311 1563 1451 1608 chris-

58 1643 174 1680 mate
195 1644 273 1680 est.

515 1744 754 1794 QUAESTIO
785 1744 975 1784 LXXXV.

121 1864 141 1887 «
166 1848 230 1890 ET
257 1842 430 1889 vocavit
457 1843 593 1888 Jacob
624 1859 784 1888 nomen
819 1845 904 1890 loci
931 1845 1072 1901 illius,
1096 1849 1258 1890 Domus
1280 1845 1379 1900 Dei,
1409 1854 1453 1889 et

61 1933 83 1957 n
119 1915 369 1960 Ulammaiis
392 1923 484 1958 erat
508 1929 669 1958 nomen
687 1913 848 1958 civitati
866 1915 1006 1957 antess.
1026 1931 1046 1955 n
1073 1918 1203 1958 Juxta
1233 1916 1452 1959 civitatem

60 1985 264 2030 dormisse
293 1985 327 2029 si
360 1984 642 2043 intelligatur,
670 1983 791 2028 nulla
820 1983 1004 2044 quaestio
1039 1993 1135 2027 est:
1169 1984 1203 2027 si
1234 1992 1378 2027 autem
1410 1984 1454 2028 in

59 2056 255 2111 civitate,
285 2056 446 2099 mirum
468 2054 640 2099 videtur
662 2053 885 2115 quomodo
908 2054 1101 2114 potuerit
1121 2053 1243 2098 illum
1274 2053 1452 2098 titulum

60 2127 337 2172 constituere.
375 2125 506 2179 Quod
543 2135 687 2170 autem
722 2125 842 2170 vovit
874 2134 1026 2170 votum
1062 2125 1095 2169 si
1127 2133 1455 2184 prosperaretur

61 2198 205 2243 eundo
227 2207 270 2243 et
290 2196 517 2242 redeundo
533 2231 544 2252 ,
576 2196 853 2257 decimasque
876 2196 1072 2257 promisit
1100 2195 1251 2240 domui
1274 2196 1351 2240 Dei
1382 2194 1454 2239 fu-

62 2278 170 2315 turae
193 2269 239 2313 in
256 2269 353 2314 loco
373 2268 464 2324 illo,
492 2269 720 2328 prophetia
740 2278 803 2313 est
827 2268 983 2313 domus
1001 2268 1094 2323 Dei,
1115 2267 1193 2312 ubi
1216 2277 1259 2312 et
1277 2269 1368 2327 ipse
1387 2283 1454 2312 re-

63 2339 180 2385 diens
193 2344 282 2385 Deo
300 2339 569 2394 sacrificavit,
596 2355 686 2384 non
702 2339 827 2383 illum
847 2339 1038 2399 lapidem
1058 2343 1197 2386 Deum
1213 2338 1451 2399 appellans,

63 2409 138 2455 sed
159 2411 339 2456 domum
361 2410 461 2467 Dei,
487 2408 532 2454 id
553 2419 642 2466 est,
667 2409 769 2471 quia
791 2410 837 2454 in
868 2408 943 2454 illo
965 2409 1062 2455 loco
1084 2408 1233 2454 futura
1255 2419 1347 2454 erat
1376 2409 1456 2454 do-

65 2496 160 2526 mus
173 2482 266 2527 Dei.

111 2583 119 2600 ¹
142 2580 221 2613 Gen.
242 2590 352 2620 xxviii,
374 2579 423 2611 16.
447 2595 487 2601 --
508 2584 520 2601 ²
541 2577 622 2610 Ibid.
656 2577 706 2610 18.
727 2594 768 2600 -
789 2575 902 2610 31bid
924 2589 974 2621 ¹9·
