1872 3267
424 217 507 256 534
835 229 868 257 S.
904 228 1132 259 Anousnm
1166 232 1346 259 Emscom

421 291 495 337 illa
517 293 748 349 occultari,
790 303 920 354 atque
942 311 966 339 a
999 310 1095 354 rege
1128 295 1297 356 quaesiti
1319 305 1362 340 et
1393 297 1571 340 minime
1607 296 1794 353 inventi,
1824 298 1825 309 ¹

419 363 571 409 eadem
585 364 829 410 dimittente
846 365 941 411 illos
958 383 1034 427 per
1051 367 1297 422 fenestram,
1318 377 1361 412 et
1372 377 1577 413 monente
1589 377 1638 413 ut
1654 367 1799 413 triduo

419 433 606 479 laterent
618 435 663 479 in
675 437 907 493 montanis,
918 446 1105 498 quatuor
1115 437 1203 482 dies
1213 437 1417 482 videntur
1427 453 1515 482 esse
1524 440 1768 498 consumpti
1785 457 1796 484 ι

420 505 524 551 inde
545 516 826 568 posteaquam
854 509 1164 554 nuntiaverunt
1185 526 1283 570 quae
1316 510 1428 554 circa
1455 509 1550 554 illos
1575 519 1691 569 gesta
1708 509 1801 553 fue-
1826 551 1827 556 ,

420 577 529 633 rint,
565 579 782 639 promovit
814 582 936 624 Jesus
967 596 1066 634 cum
1093 580 1257 640 populo
1284 581 1484 625 universo
1512 580 1566 624 de
1594 579 1691 625 loeo
1721 581 1800 624 ubi

420 657 512 692 erat
541 649 762 694 diluculo¹
791 669 799 694 :
825 651 901 711 qui
934 667 1035 695 cum
1062 651 1246 695 venisset
1268 651 1324 695 ad
1345 651 1601 706 Jordanem,
1627 650 1801 695 divertit

419 730 462 767 et
478 722 636 765 mansit
657 741 665 765 :
688 731 791 766 tune
807 738 952 766 rursus
964 722 1151 782 populus
1165 722 1423 767 admonetur
1435 732 1486 766 ut
1498 731 1595 782 post
1606 721 1800 766 triduum

419 809 463 837 se
486 801 700 851 praeparet
722 792 903 836 transire
926 792 1182 848 Jordanem,
1203 808 1298 837 area
1316 792 1488 837 Domini
1509 792 1796 851 praecedente.

419 863 531 908 Hine
544 878 645 921 ergo
657 862 913 921 intelligitur
924 864 1159 907 humanam
1171 863 1300 907 fuisse
1312 862 1651 922 dispositionem,
1668 878 1801 922 quam

418 931 522 977 fecit
550 933 714 992 populo
738 933 951 989 nuntiari,
977 942 1027 977 ut
1054 934 1214 978 cibaria
1233 942 1556 993 praepararent,
1592 942 1801 993 tanquam
1828 943 1830 988 ζ
1871 959 1872 970 1

419 1013 518 1064 post
535 1013 619 1047 tres
643 1003 731 1047 dies
753 1013 1042 1048 memoratum
1067 1003 1248 1048 fluvium
1270 1004 1504 1048 transituri.
1521 1003 1669 1047 Potuit
1685 1003 1801 1046 enim
1829 996 1831 1030 i

418 1075 502 1119 hoe
524 1075 634 1118 sieut
654 1075 786 1118 homo
809 1090 978 1133 sperare
1000 1075 1091 1118 fieri
1122 1090 1257 1134 posse,
1283 1075 1316 1118 si
1338 1074 1627 1134 exploratores
1649 1072 1801 1118 celeri-
1830 1123 1831 1128 Ἰ

418 1155 486 1190 ter
507 1145 794 1189 revertissent.
821 1145 991 1198 Quibus
1012 1145 1288 1189 tardantibus
1305 1143 1584 1203 intelligitur,
1605 1143 1802 1204 quamvis
1830 1176 1831 1197 2

421 1215 639 1275 Scriptura
662 1215 866 1270 tacuerit,
893 1231 943 1259 ex
964 1214 1108 1259 divina
1130 1215 1408 1277 dispositione
1425 1223 1578 1258 caetera
1600 1213 1799 1273 impleta,

418 1855 464 1898 in
486 1872 571 1915 qua
590 1855 670 1898 sibi
689 1858 825 1898 Deum
847 1863 991 1896 tamen
1008 1852 1193 1895 fiderent
1211 1867 1299 1895 esse
1318 1861 1544 1906 rectorem,
1564 1866 1803 1911 eorumque
1834 1848 1835 1853 ¹

418 1941 470 1970 ex
502 1924 640 1978 illius,
674 1940 696 1967 a
731 1938 819 1983 quo
851 1922 1130 1980 regebantur,
1155 1921 1447 1981 providentia,
1473 1920 1649 1965 consilia
1670 1920 1802 1965 fuisse
1833 1913 1835 1995 1

417 1996 626 2042 mutatass.
652 1996 760 2038 Nam
784 2003 827 2036 et
849 1996 1020 2050 Moyses
1041 1993 1131 2052 ipse
1160 1992 1312 2052 utique
1334 2001 1544 2052 tanquam
1564 1992 1695 2035 homo
1716 2006 1802 2050 pu-
1833 2010 1835 2033 ;

414 2074 580 2112 taverat
595 2079 684 2108 esse
704 2063 970 2117 faciendum,
987 2073 1035 2107 ut
1050 2079 1198 2107 causas
1211 2062 1362 2123 populi
1377 2063 1435 2107 sic
1449 2062 1631 2117 audiret,
1655 2075 1802 2122 quem-

416 2136 653 2182 admodum
688 2144 732 2178 et
762 2134 843 2178 sibi
873 2143 916 2177 et
946 2133 1055 2188 illis,
1095 2150 1203 2180 onus
1236 2133 1510 2177 intolerabile
1545 2131 1798 2186 subeundo,

411 2279 554 2338 ipsum
586 2292 733 2320 socero
761 2277 852 2335 ejus
887 2284 1151 2333 suggerente
1181 2284 1223 2318 et
1250 2283 1478 2328 monente,
1517 2283 1648 2333 atque
1685 2273 1799 2316 hanc

416 2347 757 2392 admonitionem
779 2348 868 2389 Deo
890 2346 1181 2404 approbante,
1209 2354 1375 2388 mutata
1397 2352 1475 2388 est.

463 2451 470 2467 ¹
492 2445 587 2475 Jo÷ut²
610 2454 654 2481 ιιι,
681 2455 708 2474 1.
729 2459 771 2464 --
792 2441 897 2474 ²1bid.
914 2452 942 2481 7.
966 2458 1007 2464 —
1025 2439 1037 2463 3
1058 2441 1156 2473 Exod.
1179 2452 1268 2478 xvm,
1292 2440 1343 2482 14.
