1872 3267
417 241 501 282 444
857 255 889 280 s.
926 252 1156 282 AUGUSTINI
1189 254 1370 281 EPISCOPI

414 318 619 379 picientes
642 318 799 362 sentire
820 318 1111 363 humanarum
1127 318 1287 363 virium
1303 317 1633 365 fortitudinem?
1650 323 1796 364 Potest
1842 311 1843 317 ἵ

413 398 456 432 et
484 387 590 433 alius
620 404 768 433 sensus
803 403 892 433 esse
926 388 1067 434 multo
1094 389 1401 448 congruentior
1433 389 1604 434 veritati
1631 410 1640 435 ε
1667 391 1797 444 Quod

415 459 474 503 ait
501 478 508 504 z
539 478 558 501 «
585 459 834 504 Ascendetis
855 460 900 503 in
923 469 1141 516 montem,
1170 479 1190 501 »
1228 461 1273 503 in
1295 461 1431 520 ipsam
1465 469 1625 505 terram
1659 460 1765 505 dixit
1782 496 1792 516 ‚

413 546 544 592 quam
566 531 786 591 explorare
805 531 1026 576 volebant.
1052 525 1150 577 Non
1173 532 1287 576 enim
1309 541 1483 592 possent
1504 531 1631 576 facile
1653 532 1798 593 explo-

414 611 575 646 ratores
597 601 807 660 intelligi,
840 602 917 645 ubi
946 611 1156 662 tanquam
1178 603 1499 662 peregrinantes
1522 603 1667 647 omnia
1697 618 1797 662 per-

413 673 660 734 quirebant.
695 675 804 718 Nam
841 674 875 717 si
908 673 962 716 de
1000 673 1159 717 montis
1194 675 1352 718 vertice
1395 689 1466 718 eos
1502 674 1798 734 putaverimus

414 745 682 803 conspexisse
704 753 886 799 terram,
919 752 962 787 et
989 743 1251 803 explorasse3
1282 743 1505 804 quomodo
1525 753 1700 804 possent
1725 760 1798 788 ex-

413 815 585 875 quirere
607 815 772 870 omnia,
808 830 906 875 quae
931 818 1101 873 Moyses
1130 815 1393 876 exquirenda
1418 816 1650 875 praecepit?
1682 819 1798 868 Quo-

413 885 545 930 modo
568 887 728 931 intrare
756 887 972 942 civitates,
990 902 1096 947 quas
1114 902 1185 932 eos
1210 886 1430 947 Scriptura
1448 886 1556 930 dixit
1587 887 1798 931 intrasse?

413 957 645 1011 Quomodo
658 958 712 1002 de
726 957 798 1002 illa
809 957 921 1003 valle
942 959 1119 1002 botrum
1135 957 1287 1003 tollere
1300 966 1479 1018 propter
1495 973 1627 1018 quem
1643 966 1685 1002 et
1701 957 1798 1002 loco

412 1045 572 1073 nomen
593 1039 656 1073 est
671 1029 874 1085 inditum,
891 1038 941 1074 ut
958 1029 1080 1074 vallis
1098 1029 1217 1074 Botri
1234 1029 1470 1074 diceretur¹
1487 1030 1505 1073 P
1525 1031 1575 1073 In
1591 1029 1684 1089 ipso
1696 1043 1798 1088 ergo

412 1108 560 1143 monte
574 1099 878 1159 explorabatur
891 1109 1019 1155 terra,
1036 1101 1138 1160 quia
1150 1100 1241 1160 ipsa
1259 1108 1351 1143 erat
1363 1115 1462 1160 quoe
1475 1099 1794 1158 exploraretur:

412 1178 455 1213 et
476 1169 536 1212 ibi
558 1179 649 1214 erat
670 1169 845 1231 quidem
870 1169 1111 1230 depressior
1131 1170 1274 1225 locus,
1310 1169 1364 1215 de
1394 1185 1481 1231 qua
1506 1168 1619 1215 valle
1647 1169 1798 1215 botrus
1829 1185 1834 1226 ξ
1871 1220 1872 1231 ¹

413 1239 583 1285 ablatus
606 1250 683 1286 est.

914 1337 1150 1387 QUAESTIO
1181 1339 1302 1377 XXII.

474 1448 495 1472 (ι
519 1431 583 1473 ΕΤ
596 1428 874 1489 protulerunt
891 1443 1095 1488 pavorem
1112 1437 1254 1484 terrae,
1273 1443 1405 1489 quam
1424 1428 1792 1489 exploraverunt2.
1868 1482 1869 1485 Ἴ

414 1519 435 1543 »
463 1504 672 1546 Pavorem
690 1510 816 1545 terrae
841 1519 861 1541 »
885 1499 1015 1555 dixit,
1036 1515 1126 1544 non
1148 1515 1236 1560 quo
1257 1499 1445 1560 pavebat
1477 1499 1629 1544 eadem
1658 1509 1793 1555 terra,
1830 1554 1831 1559 Ἰ
1864 1530 1868 1539 .-

411 1572 487 1617 sed
507 1587 637 1632 quem
660 1586 712 1615 ex
733 1586 784 1616 eo
798 1580 910 1616 terra
930 1579 1234 1630 conceperant.

900 1668 1135 1718 QUAESTIO
1166 1669 1306 1709 xxm.

469 1775 611 1818 CALEB
634 1781 677 1816 et
699 1774 822 1815 Jesus
851 1773 968 1816 Nave
991 1769 1219 1830 loquentes
1247 1769 1302 1813 ad
1336 1769 1550 1829 populum
1581 1769 1711 1814 Israel
1739 1786 1796 1814 ne

444 1843 614 1888 merent
635 1842 803 1902 ingredi
824 1852 984 1887 terram
1005 1840 1298 1899 promissionis
1312 1876 1322 1894 ‚
1349 1840 1552 1884 dixerunt
1571 1841 1684 1885 inter
1710 1856 1795 1885 cae-

410 1924 515 1969 tera,
539 1916 662 1958 «Vos
685 1922 829 1956 autem
853 1926 907 1954 ne
929 1910 1156 1954 timueritis
1173 1909 1387 1969 populum
1416 1920 1561 1966 terrae,
1588 1911 1793 1971 quoniam

412 2005 431 2028 »
458 1986 580 2029 cibus
601 1984 726 2028 nobis
739 1991 854 2026 sunt.
872 1981 1088 2026 Abscessit
1101 1982 1217 2025 enim
1232 1991 1402 2041 tempus
1424 1981 1478 2025 ab
1493 1983 1566 2036 eis,
1582 1982 1793 2026 Dominus
1816 1983 1820 2028 Ι
1869 1992 1872 2018 ¹2

411 2075 430 2096 »
457 2064 602 2099 autem
625 2054 669 2096 in
692 2052 817 2096 nobis
845 2071 852 2096 :
879 2067 933 2094 ne
948 2051 1176 2095 timueritis
1198 2053 1312 2096 eosss.
1341 2070 1361 2092 n
1383 2050 1512 2104 Quod
1529 2051 1693 2096 dietum
1711 2062 1789 2107 est,

412 2146 431 2169 «
458 2126 592 2170 Cibus
619 2124 745 2168 nobis
767 2132 888 2176 sunt,
919 2139 939 2161 >1
982 2120 1165 2180 intelligi
1194 2121 1448 2178 voluerunt,
1489 2128 1818 2175 consumemus}

407 2213 493 2241 eos.
520 2195 649 2250 Quod
669 2210 772 2240 vero
795 2193 1105 2253 adjunxerunt,
1141 2213 1159 2236 «
1184 2194 1399 2239 Abscessit
1419 2193 1535 2237 enim
1548 2202 1719 2252 tempus
1736 2193 1790 2236 ab

410 2287 428 2308 »
457 2268 536 2322 eis,
559 2266 767 2311 Dominus
789 2274 932 2309 autem
956 2265 1000 2307 in
1022 2264 1147 2309 nobis
1170 2283 1178 2309 ε
1204 2283 1223 2305 n
1251 2264 1350 2308 satis
1367 2263 1596 2322 diligenter
1617 2278 1706 2307 non
1724 2262 1791 2306 di-
1812 2263 1814 2274 ²

408 2346 564 2381 xerunt
586 2357 593 2381 :
625 2356 644 2377 «
668 2334 884 2380 Abseessit
905 2335 1113 2378 Dominus
1136 2334 1190 2377 ab
1209 2334 1288 2391 eis3
1310 2353 1329 2375 »
1351 2333 1471 2392 impii
1489 2332 1651 2392 quippe
1673 2333 1788 2376 anti-
1810 2342 1814 2383 Ι

406 2407 554 2467 quitus
567 2405 744 2450 fuerunt
758 2425 766 2450 ε
780 2404 853 2449 sed
867 2405 1073 2465 quoniam
1085 2413 1127 2448 et
1138 2404 1278 2464 impiis
1291 2403 1459 2448 occulta
1472 2402 1789 2462 dispensatione
1809 2464 1811 2466 V
1860 2412 1862 2428 ¹

406 2478 565 2523 divinae
581 2476 863 2537 providentiae
881 2475 1010 2519 datur
1025 2485 1196 2535 tempus
1209 2473 1393 2519 florendi
1411 2483 1541 2534 atquc
1558 2473 1784 2532 regnandi,
1807 2471 1811 2543 ιἶ

1805 2625 1808 2647 1

1804 2697 1807 2716 l

455 2581 461 2595 ¹
485 2575 578 2605 Num.
599 2584 669 2611 xm,
688 2573 800 2605 asi—25.
830 2589 870 2594 —-
897 2578 909 2594 ²
930 2571 1010 2604 thid.
1036 2570 1088 2603 33.
1115 2588 1156 2594 —
1182 2569 1247 2602 31‹1
1264 2581 1333 2611 xiv,
1353 2580 1385 2612 9.
