1872 3267
353 260 619 300 Qnaesmtomzs
651 261 698 288 m
729 260 933 299 nxomm,
969 261 1052 290 m.
1089 262 1137 288 ιι.
1357 251 1441 288 233

62 329 311 390 Scriptura,
349 328 426 373 ubi
456 325 589 372 Judas
622 325 807 388 loquens
838 325 893 370 ad
929 335 1097 387 patrem
1137 341 1266 370 suum
1297 326 1404 372 dicit
1430 347 1438 372 :

62 419 83 443 «
118 400 242 445 Mitte
264 413 451 460 puerum
464 412 659 453 mecum,
677 406 720 441 et
736 406 958 455 surgentes
980 397 1139 441 ibimus
1157 405 1204 441 ut
1227 395 1438 453 vivamus,

61 489 82 513 »
117 481 161 515 et
177 487 266 516 non
287 471 524 515 moriamur
546 478 589 513 et
609 483 709 523 nos,
735 477 778 512 et
799 477 870 523 tu,
901 477 943 512 et
960 468 1198 513 substantia
1215 471 1402 513 nostra1.
1418 487 1438 510 »

60 542 126 586 lbi
145 543 263 586 enim
287 557 453 601 graecus
470 547 644 582 ἀποσκευὴν
664 539 819 593 habet,
846 539 923 583 ubi
949 558 969 582 «
989 539 1275 583 substantiam
1298 557 1318 580 >)
1345 538 1444 583 lati-

58 627 139 656 nus
161 612 471 671 interpretatus
489 607 574 668 est,
601 611 722 672 quod
745 609 981 670 aliquando
1008 628 1027 652 «
1053 624 1231 654 censum
1259 627 1278 650 »
1305 609 1442 653 inter—

56 693 283 744 pretantur
300 683 435 728 nostri
458 704 465 729 :
485 684 598 729 sicut
619 700 737 729 nunc
764 704 783 726 «
808 684 1068 728 instructum
1094 699 1114 722 »
1140 679 1283 725 dicere
1302 679 1444 725 volui-

56 770 152 799 mus
168 790 179 810 ,
215 754 322 798 dum
353 764 497 799 tamen
525 770 577 799 eo
601 757 778 800 nomine
802 764 845 799 et
866 754 1063 799 homines
1088 762 1130 797 et
1145 753 1344 813 jumenta
1373 752 1439 797 vel

57 826 201 871 omnia
223 841 379 886 pecora
402 826 716 886 intelligantur.
756 826 840 871 Ubi
873 827 1001 870 etiam
1039 834 1188 869 utrum
1216 833 1259 868 et
1286 839 1442 869 uxores

14 924 20 928 -
55 897 220 957 possint
252 895 437 956 intelligi
473 898 633 943 nescio.
672 900 881 943 Sexcenta
911 906 1058 941 tamen
1079 894 1214 940 millia
1243 895 1441 955 peditum

0 982 6 1023 ς
56 985 156 1014 cum
177 969 397 1029 Scriptura
420 979 748 1026 commemoret,
774 968 937 1014 addens
959 977 1002 1013 et
1024 967 1197 1014 dicens:
1217 970 1442 1027 «Excepto

2 1025 7 1103 l
58 1058 79 1082 »
113 1041 351 1096 instructu,
380 1058 400 1082 »
415 1040 517 1085 vel«
531 1056 685 1097 censu,
706 1059 727 1082 »
751 1039 821 1085 vel
847 1058 867 1082 «
892 1039 1149 1093 substantia,
1168 1037 1276 1083 »vel
1298 1038 1331 1082 si
1353 1054 1442 1099 quo

56 1110 139 1156 alio
160 1111 296 1156 verbo
313 1110 468 1156 melius
490 1111 801 1172 interpretatur
817 1118 987 1158 ἀποσκευῆ,
1008 1109 1289 1154 manifestum
1314 1119 1378 1154 est
1399 1118 1443 1154 et

54 1183 249 1227 homines
269 1183 554 1242 significatos,
580 1184 667 1229 sive
690 1183 735 1226 in
768 1183 899 1228 servis
916 1218 927 1238 ‚
967 1181 1054 1227 sive
1085 1182 1131 1226 in
1155 1180 1411 1226 mulieribus
1428 1217 1439 1237 ,

54 1254 140 1298 sive
161 1253 207 1297 in
234 1253 300 1297 his
322 1253 524 1298 aetatibus
541 1289 551 1309 ,
583 1269 683 1315 quae
704 1252 869 1297 militiae
892 1268 982 1298 non
1005 1261 1146 1297 essent
1173 1250 1366 1308 idoneae,
1392 1261 1443 1296 ut

54 1333 251 1369 sexcenta
273 1324 406 1369 millia
425 1324 623 1385 peditum
641 1325 688 1369 in
709 1324 768 1369 eis
788 1324 886 1370 solis
909 1323 1218 1384 intelligamus,
1245 1323 1321 1385 qui
1341 1338 1443 1386 pos-

10 1441 13 1454 ,
55 1406 150 1442 sent
167 1396 341 1442 militari
364 1396 535 1456 agmine
558 1397 730 1441 armari.

9 1457 13 1528 l
114 1471 170 1512 ΙΙ.
207 1468 353 1522 Quaeri
387 1476 532 1512 autem
563 1467 695 1523 solet,
731 1476 880 1512 utrum
914 1465 968 1512 ad
1006 1474 1178 1511 tantum
1209 1481 1441 1510 numerum

0 1529 15 1600 Ι
54 1539 227 1583 Hebraei
258 1538 483 1598 pervenire
513 1538 736 1598 potuerint
768 1554 845 1598 per
873 1554 945 1583 eos
984 1553 1119 1582 annos
1150 1537 1197 1580 in
1218 1539 1439 1597 AEgypto,

10 1601 16 1703 ¹
53 1625 162 1670 quos
199 1608 427 1654 ostendere
455 1609 755 1655 consideratus
793 1610 837 1653 in
870 1609 1098 1667 Scripturis
1130 1624 1340 1653 numerus
1362 1624 1442 1668 po-

13 1705 16 1752 ·
54 1689 135 1725 test
154 1699 162 1725 :
187 1680 264 1741 qui
285 1681 477 1740 primum
507 1680 610 1725 anni
633 1690 742 1742 quot
764 1680 930 1725 fuerint
947 1715 957 1735 ,
994 1696 1084 1725 non
1105 1695 1236 1741 parva
1258 1681 1443 1740 quaestio

13 1754 17 1812 Ι
54 1760 130 1795 est.
157 1751 270 1795 Dicit
290 1751 405 1794 enim
437 1753 550 1794 Deus
573 1750 629 1795 ad
657 1751 878 1796 Abraham
900 1767 1002 1795 cum
1019 1749 1183 1796 factum
1201 1759 1311 1795 esset
1331 1749 1443 1794 illud

14 1819 18 1882 i
54 1822 311 1866 sacrificium
331 1820 386 1866 de
406 1837 536 1866 vacca
554 1823 680 1867 trima
693 1858 703 1877 ,
729 1832 773 1867 et
790 1839 934 1882 capra,
955 1831 998 1866 et
1015 1823 1164 1879 ariete,
1191 1831 1234 1867 et
1252 1831 1439 1878 turture,

55 1901 98 1936 et
118 1892 349 1948 columba,
373 1902 609 1954 antequam
641 1909 731 1938 non
753 1893 895 1938 solum
920 1896 1062 1950 Isaac,
1088 1893 1164 1938 sed
1185 1908 1265 1937 nec
1286 1892 1440 1937 Ismael

16 1967 21 2040 ι
54 1963 231 2024 quidem
249 1973 376 2009 natus
393 1974 529 2010 esset:
531 1990 534 1991 ν
557 1983 576 2006 «
605 1964 790 2010 Sciendo
811 1965 918 2009 scias
935 1966 1038 2026 quia
1059 1965 1339 2025 peregiinum
1362 1965 1443 2009 e1it

58 2052 77 2076 »
112 2050 259 2080 semen
282 2045 407 2080 tuum
425 2037 472 2080 in
494 2046 608 2081 telra
629 2052 719 2081 non
741 2037 942 2097 proplia,
968 2046 1011 2081 et
1031 2037 1077 2080 in
1099 2037 1350 2081 servitutem
1373 2052 1443 2081 re-

19 2133 23 2149 1
57 2123 77 2146 n
111 2104 262 2164 digent
295 2122 388 2163 eos,
423 2117 466 2152 et
495 2107 719 2152 nocebunt
739 2107 822 2152 illis
844 2093 1188 2168 quadringentos
1210 2112 1376 2152 annos²

57 2174 97 2219 Si
119 2189 221 2235 ergo
245 2177 587 2237 quadringentos
610 2193 745 2222 annos
767 2178 826 2222 sic
849 2179 1143 2239 acceperimus
1160 2213 1171 2234 ,
1203 2188 1253 2222 ut
1274 2179 1319 2223 in
1350 2194 1441 2224 ser--

21 2245 24 2256 '
54 2245 189 2290 vitute
226 2248 308 2291 sub
330 2248 548 2308 AEgyptiis
569 2247 887 2308 intelligantur,
924 2265 1014 2294 non
1044 2265 1230 2309 parvum
1252 2252 1440 2310 spatium

23 2349 26 2394 ᾗ
56 2318 257 2376 temporis
291 2316 397 2374 fuit,
421 2334 511 2379 quo
538 2319 597 2363 ita
618 2319 807 2379 populus
840 2320 1222 2380 multiplicaretur.
1264 2321 1349 2367 Sed
1375 2332 1441 2367 tot

23 2400 27 2455 ’ὃ
56 2400 187 2432 annos
209 2404 299 2433 non
320 2387 467 2445 fuisse,
493 2391 760 2450 apertissimo
782 2391 944 2437 indicio
965 2392 1186 2452 Scriptura
1208 2401 1406 2438 testatur.

26 2513 27 2520 ἵ
112 2459 190 2502 ΠΙ.
225 2458 413 2511 Quidam
430 2460 546 2504 enim
563 2471 722 2520 putant
738 2461 1080 2523 quadringentos
1101 2464 1276 2522 triginta
1300 2479 1437 2509 annos

57 2528 187 2587 accipi
209 2529 392 2585 debere,
413 2546 465 2574 ex
486 2547 575 2592 quo
597 2533 734 2577 Jacob
752 2533 928 2579 intravit
949 2533 995 2579 in
1017 2537 1274 2595 AEgyptum,
1294 2533 1436 2581 donec

101 2616 109 2633 ¹
131 2614 360 2657 Geu.x1,1n‚8.
384 2631 426 2639 -
445 2615 592 2657 21d.xv,
616 2616 667 2649 13.
