1872 3267
393 197 477 239 504
824 212 857 238 s.
894 211 1125 239 Aneus'rnvt
1158 209 1338 238 EPISCOPI

392 292 418 316 ,α
454 273 607 317 ovibus
625 282 668 317 et
689 273 843 333 capris.
863 292 883 316 υ
901 274 1017 327 Quid
1037 290 1139 333 ergo
1159 274 1230 318 hic
1250 273 1330 318 sibi
1352 272 1508 318 volunt
1528 273 1689 318 boves?
1707 277 1776 318 An
1855 328 1856 333 ¹

394 351 572 402 propter
600 341 681 386 alia
716 343 919 389 sacrificia
950 360 1049 404 quae
1076 344 1177 403 ipsis
1209 343 1362 388 diebus
1390 358 1641 400 azymorum
1676 352 1778 388 sunt
1812 332 1819 403 ⁵·-

394 411 659 458 im'molanda
675 414 694 456 Ρ

894 512 1130 562 QUAEsrlo
1161 514 1283 552 xxv.

456 615 745 665 QUAERENDUM
774 612 996 673 quomodo
1022 613 1279 673 praeceperit
1307 613 1526 658 observari
1549 612 1670 674 quod
1691 613 1776 658 ait:
1820 639 1826 655 »

400 702 420 724 «
458 685 632 742 Septem
659 684 918 743 septimanas
942 684 1130 743 integras
1162 684 1455 728 dinumerabis
1484 684 1685 744 tibiipsi,
1710 684 1780 727 in-

400 772 420 795 »
455 755 612 798 choare
634 763 675 798 te
697 753 853 799 falcem
875 755 1049 816 injicere
1065 755 1110 799 in
1128 770 1307 799 messem
1328 775 1335 799 :
1357 755 1533 814 incipies
1553 770 1782 799 numerare
1823 778 1831 792 ι

401 843 421 865 »
456 833 622 885 septem
655 825 937 884 septimanas}
963 834 1007 869 et
1035 824 1162 869 facies
1191 824 1307 870 diem
1339 825 1499 869 festum
1522 826 1783 885 septimana-
1824 850 1833 869 :.
1862 860 1865 866 .

401 914 421 936 »
457 911 555 939 rum
572 897 757 941 Domino
777 900 866 941 Deo
886 906 979 952 tuo,
1002 905 1133 956 prout
1149 896 1265 940 valet
1283 911 1438 940 manus
1457 905 1548 951 tua,
1563 911 1785 955 quaecum-

401 983 421 1005 >›
458 980 544 1025 que
575 966 785 1010 Dominus
808 966 889 1009 tibi
910 965 1100 1021 dederit,
1125 964 1368 1010 secundum
1403 965 1523 1026 quod
1556 965 1785 1009 benedicet

403 1053 412 1075 )

415 1054 423 1076 ν

405 1123 424 1146 »
460 1109 599 1150 Deum
622 1109 790 1150 tuum1.
820 1126 840 1149 »
870 1108 913 1152 Si
935 1107 1050 1151 enim
1073 1107 1127 1151 ab
1153 1107 1353 1151 universo
1376 1105 1541 1166 populo
1558 1107 1650 1150 haec
1673 1109 1787 1150 Pen-

403 1185 565 1220 tecoste
585 1178 702 1236 jussa
730 1186 794 1221 est
816 1178 1050 1233 observari,
1067 1177 1284 1238 numquid
1315 1193 1464 1221 omnes
1486 1193 1575 1221 uno
1596 1177 1667 1221 die
1689 1192 1786 1220 cre-

404 1245 600 1290 dendum
628 1255 692 1290 est
713 1246 869 1302 falcem
893 1249 1034 1307 jussos
1062 1248 1233 1291 mittere
1265 1248 1311 1290 in
1339 1262 1534 1291 messem.
1569 1248 1609 1291 Si
1642 1255 1786 1290 autem

404 1316 485 1359 sibi
519 1316 704 1377 quisque
733 1316 934 1361 observat
971 1318 1093 1361 istam
1129 1318 1558 1378 quinquagesimam,
1584 1316 1788 1361 dinume-

405 1401 503 1429 rans
521 1386 576 1430 ab
599 1385 674 1430 illo
697 1385 766 1430 die
788 1403 876 1446 quo
898 1386 1053 1431 falcem
1074 1387 1208 1431 mittit
1225 1408 1236 1444 3
1256 1402 1345 1431 non
1375 1402 1462 1430 una
1493 1395 1556 1430 est
1588 1387 1790 1431 universo

406 1456 599 1516 populo:
624 1455 698 1500 illa
726 1471 829 1500 vero
857 1473 945 1501 una
973 1467 1036 1501 est
1064 1473 1162 1517 quac
1195 1466 1476 1516 computatur
1505 1457 1560 1500 ab
1592 1455 1791 1502 immola-

411 1528 526 1571 tione
550 1528 725 1571 Paschae
749 1543 886 1587 usque
908 1528 953 1572 in
975 1527 1092 1572 diem
1114 1527 1226 1571 datae
1251 1528 1374 1586 Legis
1396 1527 1442 1571 in
1467 1528 1580 1572 Sina.

904 1637 1140 1685 QUAESTIO
1172 1638 1310 1676 xxvl.

474 1756 494 1780 ι(
532 1739 575 1781 S1
604 1746 750 1781 autem
776 1737 1002 1783 intraveris
1024 1738 1070 1781 in
1091 1747 1273 1792 terram,
1299 1751 1430 1796 quam
1450 1736 1661 1781 Dominus
1681 1740 1794 1781 Deus

415 1827 435 1850 »
472 1817 573 1852 tuus
595 1807 671 1852 dat
692 1808 772 1852 tibi
795 1809 839 1852 in
862 1817 997 1863 sorte,
1023 1817 1066 1851 et
1087 1807 1407 1851 haereditaveris
1425 1822 1541 1862 eam,
1558 1817 1602 1851 et
1622 1808 1796 1852 habita-

414 1898 435 1920 »
470 1879 580 1923 veris
601 1878 647 1921 in
669 1893 738 1933 ea,
765 1887 808 1922 et
838 1877 975 1922 dices:
1000 1877 1273 1922 Constituam
1301 1892 1430 1937 super
1457 1892 1527 1921 me
1553 1877 1792 1937 principes,

416 1969 437 1992 »
472 1951 585 1994 sicut
620 1959 663 1994 et
700 1958 867 1994 caeterae
901 1959 1070 2009 gentes,
1108 1964 1207 2008 quae
1239 1949 1352 1993 circa
1382 1963 1450 1992 me
1482 1957 1610 2007 sunt,
1635 1950 1797 1993 consti-

416 2040 437 2063 »
473 2020 639 2064 tuendo
667 2021 901 2065 constitues
934 2035 1062 2079 super
1088 2029 1131 2063 te
1163 2019 1426 2078 principem,
1460 2033 1590 2078 quem
1623 2017 1797 2077 elegerit

418 2110 438 2132 »
473 2091 684 2136 Dominus
707 2094 820 2135 Deus
841 2100 942 2135 tuus
963 2090 1132 2149 ipsum3
1157 2105 1207 2132 ex
1230 2088 1436 2132 fratribus
1458 2089 1542 2132 tuis
1560 2090 1796 2135 constitues

418 2180 439 2203 >›
474 2177 604 2221 super
631 2171 674 2205 te
701 2162 968 2221 principem,
994 2175 1083 2204 non
1115 2159 1275 2219 poteris
1303 2159 1564 2203 constituere
1597 2175 1725 2219 super
1754 2168 1797 2203 te

419 2251 439 2274 >›
474 2232 697 2276 hominem
727 2230 937 2285 alienum,
955 2231 1057 2291 quia
1080 2246 1168 2274 non
1191 2239 1254 2273 est
1275 2227 1407 2273 frater
1434 2232 1575 2273 tuus2.
1606 2248 1625 2270 »
1652 2230 1797 2283 Quaeri

416 2312 559 2363 potest
575 2318 653 2347 cur
672 2301 939 2362 displicuerit
959 2301 1148 2361 populus
1170 2304 1282 2355 Deo,
1308 2300 1483 2360 quando
1512 2315 1654 2358 regem
1685 2299 1797 2344 desi-

418 2373 633 2427 deravit3,
659 2388 761 2416 cum
783 2373 854 2416 hic
880 2372 1123 2416 inveniatur
1154 2386 1242 2415 esse
1276 2371 1519 2430 permissus.
1549 2369 1632 2414 Sed
1663 2370 1796 2428 magis

418 2444 520 2486 binc
543 2441 876 2501 intelligendum
894 2451 977 2493 est,
1003 2441 1158 2485 merito
1181 2456 1270 2484 non
1302 2439 1431 2484 fuisse
1454 2439 1692 2484 secundum
1716 2455 1796 2483 vo-

471 2529 587 2558 ¹Deut.
616 2538 682 2567 Χνι,
708 2538 803 2568 9·¹¹·
829 2544 865 2549 —
887 2526 1061 2567 21‹1.x·vn,
1085 2526 1136 2567 τά,
1157 2525 1206 2556 15.
1224 2542 1265 2547 —-
1283 2521 1297 2546 3
1322 2535 1331 2555 ι
1357 2527 1431 2564 neg.
1456 2534 1520 2565 vni,
1538 2535 1567 2564 ς.

462 1043 502 1078 tc
532 1036 742 1079 Dominus
774 1039 886 1080 Deus
909 1046 1036 1080 tuus:
1063 1045 1107 1080 et
1138 1035 1382 1095 epulaberis
1417 1044 1518 1079 ante
1553 1036 1785 1079 Dominum
1830 1062 1831 1067 =
1866 1082 1868 1095 A
