1872 3267
368 217 453 257 454
800 228 833 256 s.
869 230 1097 258 aucus‘mm
1129 230 1309 257 Emscom

370 297 480 341 Nam
493 310 582 338 non
603 294 743 340 solum
761 304 1024 340 sacramenta
1038 294 1203 340 diversa
1220 303 1335 350 sunt,
1353 295 1633 340 verumetiam
1652 309 1750 354 pro-

372 365 512 410 missa.
540 364 608 410 Ibi
624 363 829 410 videntur
854 365 1106 424 temporalia
1138 366 1343 425 proponi,
1373 365 1533 425 quibus
1560 364 1748 424 spiritale

374 436 605 497 praemium
636 434 806 479 occulte
833 435 1099 494 significetur
1126 437 1224 481 :hic
1239 445 1383 480 autem
1406 434 1749 479 manifestissime

371 506 576 566 spiritalia
608 505 948 566 promittuntur,
981 515 1023 550 et
1046 516 1220 550 aeterna.
1254 505 1575 565 Temporalium
1603 513 1749 549 autem

369 577 588 622 bonorum
622 587 751 637 atque
774 576 1034 631 carnalium,
1062 586 1104 620 ct
1127 577 1381 636 spiritalium
1409 585 1538 637 atque
1565 585 1752 620 aeterno-

375 664 471 692 rum
490 683 500 703 ,
526 664 625 708 quae
650 647 805 692 clarior
826 647 1070 707 certiorque
1092 647 1313 692 distinctio
1333 656 1396 691 est
1413 683 1423 702 ,
1451 662 1583 707 quam
1607 646 1751 691 Passio

373 719 547 763 Domini
565 716 699 762 nostri
719 720 821 762 Jesu
842 717 1026 762 Christi?
1040 717 1085 760 in
1109 718 1230 778 cujus
1254 727 1393 762 morte
1415 718 1515 761 satis
1533 716 1748 772 constitit,

371 805 461 837 non
482 789 607 838 istam
627 797 842 833 terrenam
862 788 1238 848 transitoriamque
1254 786 1507 832 felicitatem
1521 804 1543 833 a
1567 787 1752 832 Domino

370 863 460 906 Deo
473 875 551 919 pro
565 873 721 917 magno
734 873 915 903 munere
937 857 1194 919 sperandam
1216 867 1259 903 et
1271 857 1506 918 optandam
1527 877 1534 903 :
1552 857 1753 918 quando-

372 931 549 993 quidem
573 931 618 975 in
635 930 858 989 unigenito
882 929 993 974 Filio
1021 946 1120 985 suo,
1167 946 1297 990 quem
1334 939 1454 974 tanta
1482 929 1554 973 illa
1586 929 1754 989 perpeti

371 1003 533 1059 voluit,
558 1002 688 1062 longe
709 1001 830 1047 aliud
847 1019 868 1046 a
892 1018 936 1046 se
961 1002 1050 1062 peti
1074 1002 1377 1062 expectarique
1404 1010 1603 1061 oportere
1632 1016 1756 1060 aper-

371 1074 533 1120 tissima
555 1073 829 1122 distinctione
850 1072 1098 1117 declaravit.
1125 1072 1391 1132 Hancigitur
1407 1072 1649 1132 passionem
1671 1074 1755 1115 Do-

373 1144 481 1192 mini
520 1143 654 1188 nostri
689 1146 792 1188 Jesu
834 1143 1017 1198 Christi,
1055 1142 1177 1188 velut
1211 1143 1534 1187 distinctionem
1567 1142 1756 1186 duorum

375 1218 773 1269 Testamentorum,
798 1214 882 1258 hoc
903 1213 1025 1274 quod
1053 1213 1108 1258 de
1127 1216 1328 1275 juvencae
1359 1213 1469 1259 rufae
1496 1213 1757 1259 mactatione

374 1296 574 1332 narratur
589 1321 600 1341 ,
626 1286 725 1330 satis
747 1300 939 1343 congrue
961 1285 1225 1344 praefigurat.

433 1360 491 1401 II.
530 1376 551 1400 «
576 1359 767 1401 Locutus
790 1365 853 1399 est
882 1355 1092 1399 Dominus
1122 1355 1178 1399 ad
1208 1357 1391 1413 Moysen
1418 1364 1462 1398 et
1490 1357 1656 1409 Aaron,
1688 1353 1757 1398 di-

376 1446 398 1471 »
433 1443 533 1473 cens
555 1443 563 1469 :
588 1430 673 1471 Ista
698 1426 917 1471 distinctio
941 1426 1065 1484 Legis
1092 1440 1383 1486 quaecumque
1414 1425 1637 1469 constituit
1669 1428 1758 1469 Do-

376 1517 397 1541 »
433 1500 575 1544 minus
603 1519 611 1544 ;
640 1516 659 1540 »
686 1514 734 1542 ac
763 1497 922 1541 deinde
945 1497 1150 1541 mandare
1171 1497 1322 1556 incipit
1343 1497 1436 1540 haec
1455 1495 1694 1556 adjungens
1717 1504 1760 1540 et

373 1570 521 1615 dicens
545 1589 553 1613 :
587 1572 825 1629 «Loquere
853 1568 950 1611 filiis
973 1568 1118 1612 Israel.
1149 1585 1168 1608 »
1196 1571 1342 1611 Potest
1366 1567 1494 1611 etiam
1522 1567 1581 1610 ita
1604 1565 1760 1610 distin-

376 1642 465 1700 gui,
486 1661 506 1683 «
525 1644 582 1685 Et
596 1638 768 1684 locutus
790 1648 853 1683 cst
870 1639 1080 1683 Dominus
1099 1637 1154 1682 ad
1166 1641 1347 1696 Moysen
1366 1647 1409 1681 et
1425 1641 1569 1681 Aaron
1587 1636 1756 1681 dicens:

377 1731 398 1755 »
435 1716 519 1757 Ista
549 1711 767 1756 distinctio
797 1711 921 1769 Legis
949 1725 1237 1770 quaecumque
1266 1708 1490 1753 constituit
1522 1708 1757 1762 Dominus,

379 1802 400 1826 »
435 1783 583 1828 dicens
604 1802 612 1827 :
641 1801 661 1824 »
682 1784 779 1827 Non
801 1796 1090 1841 quaecumque
1107 1780 1331 1824 constituit
1354 1780 1564 1823 Dominus
1586 1794 1758 1833 creans,

376 1855 488 1900 sicut
499 1853 659 1898 coelum
673 1862 716 1896 et
728 1862 901 1906 terram,
919 1860 961 1894 ct
981 1850 1123 1894 omnia
1143 1866 1242 1910 quae
1264 1851 1308 1893 in
1326 1849 1384 1894 eis
1407 1859 1508 1894 sunt
1525 1869 1532 1894 :
1551 1849 1626 1893 sed
1644 1864 1761 1909 quae.-

377 1939 566 1984 cumque
589 1923 813 1967 constituit
833 1921 1042 1966 Dominus
1058 1956 1068 1975 ,
1095 1920 1240 1964 dicens
1255 1955 1265 1974 ,
1298 1920 1343 1963 in
1365 1919 1538 1964 dnobus
1559 1918 1761 1964 Videlicet

381 1994 691 2052 Testamentis3
717 2002 766 2037 ut
788 1991 945 2036 deinde
966 2001 1172 2052 sequatur
1192 2008 1199 2032 :
1227 2011 1246 2033 «
1267 1994 1464 2051 Loquere
1487 1991 1582 2035 filiis
1607 1989 1758 2046 Israel,

383 2087 403 2110 »
439 2076 482 2112 et
499 2066 710 2126 accipiant
722 2065 777 2109 ad
795 2075 836 2109 te
856 2066 1088 2125 juvcncam
1106 2061 1246 2107 rusam
1264 2065 1354 2107 sine
1368 2062 1513 2108 vitio1.
1530 2081 1549 2104 »
1569 2065 1762 2107 Juvenca

381 2136 478 2183 rufa
492 2152 666 2180 carnem
681 2135 838 2180 Christi
852 2134 1077 2192 significat.
1102 2136 1233 2178 Sexus
1250 2132 1481 2177 foemineus
1495 2142 1571 2186 est,
1587 2141 1763 2191 propter

382 2208 678 2252 infirmitatem
700 2204 914 2249 carnalem
934 2225 944 2261 3
966 2203 1059 2247 rufa
1083 2213 1160 2258 est,
1186 2213 1362 2263 propter
1379 2203 1515 2262 ipsam
1539 2212 1761 2246 cruentam

383 2279 639 2340 passionem.
665 2276 795 2330 Quod
823 2285 968 2320 autem
991 2275 1072 2319 ait:
1105 2294 1123 2316 «
1149 2275 1375 2334 Accipiant
1401 2275 1456 2319 ad
1474 2284 1515 2318 te
1531 2310 1541 2328 ,
1564 2292 1583 2315 »
1605 2275 1648 2318 in
1670 2274 1763 2333 ipso

382 2354 533 2408 Moyse
551 2350 734 2408 figuram
756 2347 877 2404 Legis
894 2346 1082 2390 ostendit
1100 2362 1107 2387 :
1136 2346 1343 2406 quoniam
1361 2346 1600 2390 secundum
1622 2345 1763 2403 legem

383 2421 465 2465 sibi
484 2420 564 2465 visi
586 2428 687 2463 sunt
709 2418 903 2462 occidere
927 2417 1163 2472 Christum,
1184 2417 1285 2476 quia
1307 2416 1500 2461 solvebat
1522 2414 1763 2459 secundum

383 2493 496 2552 ipsos
518 2490 765 2545 sabbatum,
783 2499 826 2534 et
847 2489 961 2533 sicut
979 2489 1194 2548 putabant
1208 2487 1528 2532 observationes
1547 2485 1761 2545 legitimas

437 2584 444 2599 ¹
465 2578 557 2609 Num.
577 2586 643 2613 xix,
660 2583 691 2607 2.
