1872 3267
440 170 518 208 128
866 179 899 204 s.
935 176 1020 205 Auo
1029 178 1166 205 USTINI
1198 177 1378 205 Enscom

427 252 538 305 quot
553 241 630 286 filii
652 241 742 285 nati
763 249 880 296 sunt,
904 241 949 285 id
966 251 1043 297 est,
1066 242 1314 287 universum
1327 254 1474 285 semen
1495 240 1601 299 ejus,
1621 239 1676 283 ad
1691 238 1809 282 illam

429 312 728 358 haereditatem
750 311 974 371 pertinuit.
1004 312 1070 356 Sic
1093 327 1195 371 ergo
1217 311 1453 356 collocatus
1484 318 1527 353 et
1555 309 1812 354 constitutus
1852 349 1854 357 ,

432 386 476 428 in
497 384 570 428 illa
592 392 706 427 terra
729 383 973 438 Abraham,
999 383 1205 442 quoniam
1231 382 1335 427 vixit
1363 396 1502 441 usque
1530 379 1584 424 ad
1607 380 1811 424 nativita-

437 465 520 499 tem
536 455 688 510 Jacob,
706 455 739 498 si
753 452 1146 512 recteintelligiturg
1158 453 1296 498 soluta
1308 452 1490 513 quaestio
1503 451 1814 496 estsecundum
1852 478 1853 482 =

434 524 837 585 recapitulationem
855 545 866 582 3
901 525 1095 584 quamvis
1134 534 1177 569 et
1212 523 1306 568 aliae
1339 523 1573 569 solutiones
1610 538 1699 567 non
1732 522 1817 567 sint

434 596 784 642 contemnendae.

929 705 1166 754 QUAESTIO
1197 707 1336 745 XXVI.

514 829 534 851 «
573 811 683 853 Enrr
709 823 812 867 ergo
845 822 947 853 cum
977 817 1017 852 te
1038 807 1227 853 viderint
1258 808 1479 868 AEgyptii,
1505 806 1681 864 dicent,
1718 808 1819 868 quia

442 898 462 921 »
498 895 606 924 uxor
634 878 750 923 illius
780 880 888 923 haec.
928 881 1109 923 Factum
1144 888 1207 922 est
1228 888 1372 923 autem
1392 878 1536 922 statim
1561 887 1613 922 ut
1647 878 1822 922 intravit

443 970 461 991 »
498 950 718 995 Abraham
748 949 794 992 in
829 952 1096 1009 AEgyptum,
1132 948 1327 994 videntes
1361 949 1559 1009 AEgyptii
1596 948 1822 993 mulierem

439 1038 460 1061 n
496 1019 599 1080 quia
632 1019 823 1080 speciosa
865 1029 956 1063 erat
989 1019 1116 1065 valde
1134 1021 1164 1063 1.
1210 1039 1227 1061 »
1276 1020 1508 1073 Quomodo
1558 1019 1793 1079 accipiatur
1809 1054 1820 1074 ,

437 1091 560 1151 quod
584 1090 805 1135 Abraham
838 1090 1012 1135 veniens
1044 1090 1090 1133 in
1118 1092 1361 1150 AEgyptum
1382 1090 1521 1135 celare
1547 1090 1688 1136 voluit
1712 1106 1824 1134 uxo-

440 1177 531 1206 rem
553 1178 676 1206 suam
697 1177 786 1206 esse
818 1165 989 1217 Saram,
1025 1162 1266 1206 secundum
1301 1163 1445 1207 omnia
1474 1178 1573 1223 quae
1595 1161 1650 1206 de
1672 1162 1753 1206 hac
1781 1177 1824 1205 re

440 1233 598 1292 scripta
627 1242 753 1288 sunt,
783 1242 934 1277 utrum
955 1233 1039 1277 hoc
1068 1233 1319 1278 convenerit
1341 1242 1428 1277 tam
1449 1243 1598 1278 sancto
1625 1233 1738 1286 vim,
1770 1247 1825 1276 an

441 1302 714 1347 subdefectio
736 1301 838 1346 fidei
856 1304 946 1363 ejus
972 1302 1255 1361 intelligatur,
1281 1303 1392 1347 sicut
1410 1302 1611 1348 nonnulli
1630 1301 1844 1361 arbitrati,

441 1383 543 1418 sunt
565 1393 573 1418 :
595 1375 686 1433 jam
709 1373 886 1433 quidem
908 1382 951 1417 et
980 1383 1129 1418 contra
1150 1377 1361 1418 Faustum
1397 1374 1451 1417 de
1479 1375 1561 1418 hac
1596 1388 1642 1417 re
1678 1364 1843 1431 dispu-i

446 1444 559 1489 tavi‘2
587 1463 595 1488 ε
627 1453 670 1487 et
691 1444 943 1502 diligentius
965 1459 987 1487 a
1011 1444 1264 1503 presbytero
1292 1445 1560 1501 Hieronymo
1585 1443 1824 1502 expositum

444 1524 524 1570 est,
549 1530 683 1575 quare
700 1530 789 1558 non
811 1516 865 1558 sit
885 1530 1174 1575 consequens,
1205 1524 1256 1559 ut
1283 1531 1384 1560 cum
1414 1515 1580 1575 aliquot
1601 1514 1689 1558 dies
1712 1512 1829 1573 apud

447 1600 592 1644 regem
608 1585 787 1644 AEgypti
810 1587 911 1629 Sara
925 1584 1093 1640 fecerit,
1114 1585 1243 1629 etiam
1265 1586 1356 1645 ejus
1374 1585 1611 1630 concubitu
1628 1584 1830 1629 credatur

444 1672 533 1700 esse
556 1655 723 1715 polluta
751 1675 759 1700 :
790 1656 996 1716 quoniam
1023 1671 1116 1699 mos
1133 1665 1225 1699 erat
1245 1656 1410 1714 regius,
1427 1655 1594 1700 vicibus
1613 1654 1668 1699 ad
1689 1670 1732 1698 se
1750 1654 1829 1698 ad-

446 1726 617 1769 mittere
639 1725 841 1769 mulieres
869 1741 987 1780 suas,
1019 1735 1062 1769 et
1094 1726 1175 1769 nisi
1194 1725 1395 1770 lomentis
1417 1735 1460 1769 et
1496 1725 1730 1784 unguentis
1752 1724 1833 1768 diu,

446 1797 564 1855 prius
603 1806 804 1840 accurato
843 1812 1044 1856 corpore,
1076 1796 1195 1839 nulla
1229 1796 1419 1840 intrabat
1448 1796 1503 1840 ad
1526 1811 1686 1853 regem.
1723 1798 1832 1848 Quae

445 1866 553 1910 dum
570 1868 738 1922 fierent,
764 1867 948 1911 afflictus
971 1875 1034 1910 est
1053 1866 1219 1910 Pharao
1238 1882 1371 1909 manu
1388 1866 1482 1921 Dei,
1508 1874 1557 1909 ut
1573 1866 1666 1911 viro
1684 1865 1831 1909 redhi-

447 1937 569 1980 beret
601 1937 829 1992 intactam,
857 1952 987 1996 quam
1016 1936 1097 1995 ipsi
1119 1939 1209 1981 Deo
1237 1937 1418 1980 maritus
1444 1936 1738 1990 commiserat,
1766 1944 1831 1979 ta-

447 2024 548 2052 cens
563 2007 683 2068 quod
702 2024 808 2052 uxor
826 2017 949 2063 esset,
976 2007 1051 2052 sed
1069 2024 1158 2052 non
1179 2008 1392 2052 mentiens
1415 2008 1536 2068 quod
1553 2023 1674 2052 soror
1695 2016 1825 2052 esset:

448 2087 497 2122 ut
519 2088 689 2122 caveret
717 2077 838 2139 quod
869 2087 1040 2138 poterat
1072 2088 1287 2138 quantum
1314 2079 1445 2123 homo
1468 2087 1651 2138 poterat,
1675 2087 1718 2122 et
1741 2081 1829 2122 Deo

449 2149 773 2193 commendaret
795 2149 914 2209 quod
936 2164 1086 2193 cavere
1109 2166 1198 2193 non
1219 2158 1404 2208 poterat,
1430 2165 1484 2193 ne
1517 2149 1551 2193 si
1575 2158 1619 2193 et
1640 2148 1712 2192 illa
1731 2164 1830 2208 quae

449 2236 600 2265 cavere
622 2230 792 2280 poterat
813 2224 903 2265 Deo
927 2230 1098 2264 tantum
1121 2220 1374 2276 dimitteret,
1398 2236 1485 2266 non
1512 2221 1557 2265 in
1577 2224 1717 2265 Deum
1738 2234 1829 2264 cre-

450 2291 567 2348 dere,
592 2291 668 2336 sed
683 2295 821 2336 Deum
838 2301 1005 2336 tentare
1027 2292 1168 2351 potius
1191 2293 1472 2337 inveniretur.

498 2395 506 2410 ¹
525 2391 602 2420 Gen.
624 2399 679 2429 xu,
698 2398 749 2429 12,
769 2387 819 2430 14.
837 2406 878 2411 —
892 2395 904 2412 2
924 2389 991 2421 Lib.
1013 2399 1090 2429 λῖς-ιι,
1110 2399 1180 2431 cap.
1204 2388 1244 2420 33
1262 2392 1294 2421 et
1313 2387 1366 2431 35...
1382 2388 1459 2421 Vide
1481 2389 1610 2432 insuper
1627 2388 1757 2422 Hieron.
1771 2388 1826 2420 lib.

451 2445 676 2487 Quaestionum
693 2444 727 2476 in
745 2445 838 2477 δρψ,
