1872 3267
273 215 546 255 omns-rmum.
577 214 627 245 nv
654 214 1062 255 nzmznouomum,
1096 215 1180 244 Lm.
1215 216 1258 245 v.
1353 200 1435 243 507

542 296 779 349 QUAESTIO
809 298 933 337 xxx.

107 394 129 419 α
153 377 362 431 QuomAM
392 377 608 422 Dominus
636 379 752 421 Deus
770 384 934 431 vester,
962 377 1038 437 qui
1060 373 1270 436 praecedit
1290 374 1437 421 vobis-

48 466 69 499 »
103 463 205 492 cum
226 464 278 493 ex
296 464 361 493 ea.
383 447 520 493 Simul
540 446 780 493 debellabit
797 447 1023 493 vobiscum
1043 447 1242 499 inimicos
1253 456 1435 502 vestroe,

48 536 69 561 »
104 528 148 563 et
169 518 307 564 salvos
331 518 458 564 faciet
478 535 554 564 vos
570 520 599 563 1.
627 538 647 560 »
670 522 783 564 Eece
805 518 1180 579 quemadmodum
1210 527 1255 563 et
1283 518 1330 562 in
1351 518 1440 578 spi-

47 589 246 635 ritali'bus
269 591 546 636 conflictibus
564 590 830 651 sperandum
850 600 893 635 et
916 589 1155 651 petendum
1180 599 1244 633 est
1266 588 1440 650 adjuto-

45 662 158 706 rium
180 662 273 716 Dei,
296 677 384 706 non
407 671 457 706 ut
479 678 556 706 nos
583 661 692 705 nihil
713 662 938 716 faciainus,
955 660 1030 705 sed
1052 670 1102 705 ut
1119 660 1255 721 adjuti
1276 675 1438 720 coope-

45 745 204 776 remur.
228 731 296 777 Sic
319 731 434 776 enim
452 732 537 776 ait:
563 751 582 774 «
602 731 849 776 Debellabit
874 750 894 772 »
929 731 1175 787 vobiscum,
1190 749 1212 773 »
1239 740 1289 776 ut
1307 730 1438 776 etiam

44 803 155 864 ipsos
172 812 343 849 acturos
366 803 488 864 quod
504 802 725 864 agendum
749 812 860 848 esset
875 801 1137 848 ostenderet.

534 901 772 952 QUAESTIO
804 903 944 940 xxxl.

106 1014 128 1038 «
151 997 215 1040 ΕΤ
236 994 476 1056 loquentur
496 995 657 1041 Scribae
678 996 733 1039 ad
755 993 971 1055 populum
988 993 1181 1039 dicentes
1206 1008 1215 1035 :
1241 992 1351 1047 Quis
1375 1001 1440 1038 est

0 1109 3 1117 ,
49 1086 70 1111 »
103 1067 238 1113 homo
253 1103 264 1122 ‚
290 1068 366 1129 qui
389 1068 623 1113 aedificavit
644 1067 825 1112 domum
847 1081 1028 1120 novam,
1050 1074 1093 1110 et
1114 1080 1204 1109 non
1222 1063 1440 1109 dedicavit

0 1181 3 1188 ,
46 1156 69 1181 u
102 1140 228 1184 eam?
250 1138 392 1183 vadat
409 1174 419 1194 ‚
443 1148 486 1183 et
503 1147 745 1182 revertatur
766 1138 810 1182 in
832 1136 1014 1182 domum
1028 1151 1149 1180 suam
1167 1171 1177 1189 ,
1204 1151 1259 1180 nc
1276 1134 1439 1179 moria-

46 1227 68 1252 »
102 1218 175 1254 tur
195 1209 241 1253 in
258 1209 390 1264 bello,
411 1221 454 1254 et
470 1211 603 1254 homo
620 1208 728 1253 alius
746 1207 918 1252 dedicet
931 1223 995 1252 ea.
1017 1209 1075 1251 Et
1091 1206 1188 1267 quis
1203 1216 1267 1251 est
1285 1206 1436 1262 homo,

46 1299 69 1323 n
102 1280 178 1341 qui
192 1280 425 1340 pastinavit
443 1280 628 1334 vineam,
648 1288 692 1324 et
712 1294 802 1323 non
817 1288 881 1323 est
894 1278 1095 1338 epulatus
1114 1294 1163 1322 ex
1180 1293 1229 1322 ea
1245 1280 1262 1322 P
1277 1277 1436 1333 vadat,

48 1371 69 1395 »
103 1362 146 1397 et
163 1361 404 1396 revertatur
425 1351 471 1396 in
489 1351 671 1396 domum
691 1367 830 1406 suam,
852 1367 908 1396 ne
930 1350 1143 1395 moriatur
1163 1351 1211 1394 in
1232 1349 1371 1405 bello,
1397 1359 1441 1394 et

0 1465 3 1473 ,
48 1441 70 1465 »
102 1424 237 1468 homo
279 1422 390 1467 alius
429 1422 633 1483 epuletur
668 1438 721 1466 ex
749 1438 813 1466 ea.
847 1425 904 1466 Et
940 1422 1037 1482 quis
1072 1430 1135 1465 est
1166 1421 1322 1476 homo,
1363 1422 1440 1481 qui

0 1527 4 1553 Ε
50 1512 71 1536 »
106 1494 326 1554 sponsavit
348 1509 527 1538 uxorem
545 1529 555 1548 ‚
590 1502 633 1537 et
658 1509 748 1537 non
770 1492 938 1552 accepit
969 1493 1090 1535 eam?
1111 1491 1275 1546 Vadat,
1301 1501 1344 1536 et
1368 1507 1440 1536 re-

0 1567 23 1607 ,’
48 1581 69 1607 »
104 1565 207 1609 deat
248 1565 293 1608 in
336 1565 517 1609 domum
563 1579 685 1608 suam
711 1599 721 1618 ,
770 1579 824 1607 ne
867 1563 1080 1607 moriatur
1116 1563 1163 1606 in
1199 1561 1317 1607 bello
1339 1598 1349 1617 ‚
1398 1571 1442 1607 ct

48 1652 70 1677 n
103 1636 237 1680 homo
259 1634 368 1680 alius
391 1635 574 1694 accipiat
591 1637 727 1678 eam².
752 1652 772 1674 n
796 1637 982 1678 Possunt
1005 1649 1182 1678 movere
1202 1634 1299 1689 ista,
1318 1634 1437 1695 quasi

0 1787 203 1830 verunt
234 1777 416 1822 aedificia
452 1792 555 1832 sua,
580 1777 761 1836 jamque
798 1776 963 1836 epulati
998 1785 1100 1821 sunt
1139 1777 1195 1820 de
1226 1775 1436 1832 novellis,

42 1849 219 1910 jamque
241 1847 461 1893 duxerunt
478 1863 655 1907 sponsas
678 1862 797 1902 suas,
819 1862 950 1907 quarn
975 1847 1004 1890 ii
1021 1847 1094 1907 qui
1115 1846 1331 1891 nondum.
1356 1847 1441 1892 Sed

0 1965 6 1973 ,
47 1920 251 1981 quoniam
286 1920 352 1963 his
383 1919 514 1963 rebus
545 1927 722 1962 tenetur
752 1918 971 1962 humanus
996 1917 1197 1972 affectus,
1223 1927 1267 1962 et
1294 1918 1441 1976 magni

0 2038 6 2044 ,
47 1991 314 2036 aestimantur
335 1991 429 2035 haec
452 1990 506 2034 ab
528 1989 803 2051 hominihus,
826 1988 1164 2049 intelligendum
1189 1999 1254 2034 est
1279 1988 1334 2033 ad
1356 1989 1441 2034 hoc

1 2071 25 2105 ,“
47 2061 123 2106 ista
147 2062 231 2106 dici
260 2061 304 2105 in
326 2060 494 2105 bellurn
518 2059 855 2119 procedentibus
874 2096 884 2114 ‚
916 2069 966 2104 ut
988 2060 1183 2121 quisquis
1207 2059 1352 2104 animo
1374 2061 1441 2105 his

46 2139 234 2187 tenetur,
266 2141 471 2192 appareat
504 2146 604 2175 cum
628 2131 876 2189 revertitur3
902 2146 956 2175 ne
987 2141 1166 2192 propter
1187 2131 1271 2175 hoc
1295 2130 1441 2175 minus

0 2225 26 2269 3»
47 2201 216 2247 fortiter
238 2212 357 2261 agat,
379 2202 487 2247 dum
505 2202 629 2246 timet
645 2217 700 2245 ne
725 2212 825 2247 ante
847 2203 1074 2257 moriatur,
1100 2218 1234 2263 quam
1256 2201 1435 2246 domurn

18 2266 340 2328 ldedicaverst,
385 2282 461 2317 aut
492 2272 547 2316 de
582 2271 751 2316 novella
796 2288 872 2317 sua
903 2273 1090 2328 biberit,
1129 2282 1203 2317 aut
1237 2287 1440 2332 sponsam

18 2364 21 2384 ι
47 2359 167 2389 suam
184 2344 373 2389 duxerit.
390 2348 499 2390 Nam
514 2344 667 2404 utique
680 2354 895 2404 quantum
913 2345 969 2389 ad
987 2344 1215 2389 foeminam
1230 2345 1436 2405 pertinet,

19 2430 26 2456 ι
48 2415 199 2459 melius
214 2415 338 2459 alteri
359 2415 489 2459 nubit
509 2415 670 2459 intacta
688 2431 819 2475 quam
840 2415 972 2460 vidua
993 2436 1001 2460 :
1025 2414 1099 2459 sed
1116 2416 1233 2470 haec,
1255 2425 1304 2460 ut
1322 2414 1407 2459 dixi
1425 2451 1436 2470 ‚

19 2497 27 2526 3.
48 2485 241 2531 instituta
257 2495 358 2530 sunt
374 2495 556 2546 propter
577 2486 768 2530 virorum
794 2487 958 2531 animos
977 2485 1280 2546 explorandos,

20 2587 22 2602 ³
97 2589 104 2604 ¹
127 2585 218 2614 Dent.
237 2594 288 2621 xx,
309 2582 339 2625 i.
375 2601 408 2606 —
436 2590 447 2605 ²
467 2583 546 2614 thid.
576 2581 654 2626 5-7.
