1872 3267
219 224 485 258 Quffisuonsss
517 224 561 250 nv
595 223 999 259 DEL‘TERONOMsUM,
1036 223 1117 248 Lm.
1156 223 1195 248 v.
1312 209 1390 247 531

15 303 36 326 υ
55 301 187 346 quam
206 285 429 331 mandavit
441 287 564 332 nobis
577 289 773 344 Moyses?
790 306 807 328 »
825 287 1039 332 Nimirum
1055 301 1157 344 ergo
1169 285 1397 345 prophetia

11 365 75 400 est
89 391 100 411 ,
121 365 171 400 ut
183 355 367 401 diximus
384 393 394 412 ,
418 356 631 417 populum
655 373 818 401 novum
836 357 994 402 Christi
1013 357 1145 415 gratia
1160 356 1399 400 sanctifica*-

12 435 106 470 tum
121 428 420 486 praenuntians
437 463 447 482 ,
474 427 572 472 ideo
594 428 676 471 sub
700 429 875 472 nomine
905 427 1095 472 filiorum
1118 425 1272 481 Isra'e'l,
1295 426 1398 486 quia

11 512 160 542 semen
188 507 252 542 est
273 498 491 543 Abraham
507 534 517 554 ,
543 499 627 543 hoc
651 508 716 543 est
732 535 742 554 ,
774 498 851 542 filii
882 509 983 543 sunt
1003 497 1319 557 promissionis,
1354 505 1398 540 et

13 568 312 629 interpretatio
335 572 426 630 ejus
448 579 533 625 est,
554 570 704 615 videns
726 574 880 615 Deum.
902 571 1111 615 Dominus
1130 585 1232 628 ergo
1255 568 1330 629 qui
1348 584 1400 611 ex

15 640 116 684 Sina
133 641 252 685 venit
266 676 276 695 ,
302 641 500 685 Christus
522 640 832 699 intelligendus
854 651 940 698 est,
962 641 1170 702 quoniam
1197 640 1294 684 Sina
1329 639 1401 681 in-

12 719 297 770 terpretatur,
332 711 527 755 tentatio.
561 714 691 755 Venit
715 728 817 771 ergo
847 729 898 756 ex
929 712 1170 756 tentatione
1193 709 1401 769 passionis

13 781 152 825 crucis
176 782 340 825 mortis.
366 796 384 821 «
412 784 469 825 Et
503 780 657 826 alluxit
686 798 735 825 ex
767 786 875 827 Scir.
914 801 934 824 ³>
969 785 1062 827 Sei'r
1091 783 1402 840 interpretatur

13 851 190 913 pilosus,
212 851 333 912 quod
354 852 567 911 significat
590 862 862 912 peccatorem
884 873 892 896 ι
919 853 978 897 sic
1000 853 1116 896 enim
1134 861 1262 895 natus
1284 851 1402 895 Esaii

15 922 116 967 odio
138 923 337 967 habitus¹
365 943 373 967 :
395 922 470 967 sed
501 924 707 983 quoniam
731 925 807 984 qui
834 923 1044 968 sedebant
1066 924 1112 967 in
1140 922 1331 966 tenebris
1361 930 1405 966 et

15 993 60 1038 in
82 993 236 1037 umbra
258 993 428 1046 mortis,
455 993 530 1037 lux
559 1004 652 1038 orta
686 1005 749 1039 est
779 995 866 1038 eis²
882 1030 892 1050 ,
918 993 1016 1039 ideo
1042 993 1193 1038 alluxit
1215 1009 1265 1037 ex
1291 995 1400 1037 Se'l'r.

19 1065 156 1112 Simul
178 1067 308 1110 etiam
326 1083 415 1111 non
443 1068 630 1112 absurde
652 1068 910 1126 intelligitur
939 1083 1027 1111 esse
1048 1066 1330 1126 praedictum,
1357 1082 1408 1110 ex

17 1137 219 1195 gentibus
252 1154 351 1198 quae
375 1138 674 1198 significantur
695 1155 774 1198 per
803 1155 964 1183 nomen
1001 1142 1120 1194 Sei'r,
1151 1139 1254 1199 quia
1283 1153 1407 1182 mons·

17 1220 81 1254 est
111 1210 331 1269 ‘pertinens
352 1210 407 1255 ad
430 1213 566 1266 Esau,
591 1220 822 1256 Venturam
851 1212 1033 1271 gratiam
1061 1212 1219 1256 Christi
1242 1212 1408 1271 populo

19 1280 163 1324 Israel.
192 1282 317 1325 Unde
339 1281 445 1326 dicit
467 1282 726 1341 Apostolus,
754 1303 772 1324 «
800 1286 864 1326 Ita
882 1283 988 1326 ethi
1011 1299 1128 1327 nunc
1152 1299 1242 1327 non
1264 1282 1407 1327 credi-

22 1368 43 1392 »
67 1350 227 1395 derunt
250 1351 297 1395 in
323 1361 464 1396 vestra
486 1352 801 1409 misericordia,
823 1359 874 1397 ut
902 1362 945 1397 et
967 1354 1044 1410 ipsi
1068 1353 1407 1398 misericordiam

19 1441 40 1464 »
61 1426 424 1483 consequantur3.
444 1443 464 1465 >›
488 1424 574 1484 Ipsi
596 1440 699 1483 ergo
717 1424 871 1469 dicunt
894 1446 902 1469 2
925 1445 946 1467 «
961 1425 1126 1470 Alluxit
1143 1441 1192 1469 ex
1214 1428 1307 1471 Se'1'r
1324 1442 1408 1470 no-

19 1511 40 1536 »
64 1494 151 1549 bis,
177 1504 220 1538 et
250 1493 466 1539 festinavit
488 1511 539 1538 ex
566 1504 716 1539 monte
739 1497 935 1552 Pharan,
964 1515 984 1537 n
1010 1496 1056 1541 id
1077 1507 1161 1553 est,
1187 1513 1236 1541 ex
1258 1508 1408 1542 monte

15 1563 244 1610 fructifero
270 1585 278 1609 ;
304 1564 349 1609 id
373 1565 489 1609 enim
512 1566 822 1626 interpretatur
846 1588 865 1611 ‹<
889 1569 1060 1612 Pharan
1075 1604 1085 1624 ,
1116 1588 1135 1610 ))
1164 1584 1252 1630 quo
1275 1569 1409 1627 signi-

15 1635 172 1680 ficatur
193 1634 398 1679 Ecclesia.
424 1637 537 1680 Cum
555 1635 701 1681 multis
718 1637 912 1683 millibus
936 1638 1089 1684 Gades.
1121 1659 1138 1681 »
1160 1642 1218 1683 Et
1240 1648 1408 1684 mutata

15 1707 326 1766 interpretatur
352 1725 372 1748 ‹<
397 1706 561 1762 Cades,
591 1727 610 1749 »
633 1718 675 1752 et
692 1709 954 1754 sanctitudo.
980 1713 1147 1756 Mutata
1179 1721 1281 1755 sunt
1304 1726 1404 1770 ergo

18 1777 156 1822 multa
173 1777 322 1833 millia,
339 1787 382 1821 et
399 1779 663 1824 sanctificata
684 1796 761 1838 per
779 1781 976 1839 gratiam,
996 1796 1097 1825 cum
1111 1782 1271 1842 quibus
1288 1783 1409 1827 venit

19 1849 215 1894 Christus
238 1848 294 1892 ad
313 1849 523 1893 Israelitas
537 1859 685 1910 postea
699 1850 981 1910 colligendos.
1007 1853 1212 1912 Sequitur
1229 1863 1272 1896 et
1283 1852 1403 1908 dicit,

25 1938 44 1961 ι(
64 1920 133 1976 Α(1Ι
162 1919 381 1963 dexteram
414 1921 506 1979 ejus
533 1920 689 1979 Angeli
717 1938 816 1965 cum
839 1938 905 1966 eo.
936 1942 954 1963 »
994 1927 1086 1968 Hoc
1120 1940 1210 1968 non
1242 1923 1408 1981 indiget

21 1990 301 2050 expositione.
327 2010 347 2032 «
373 1993 430 2034 Et
447 1993 660 2050 pepercit,
695 1992 839 2053 inquit
867 1993 1031 2053 populo
1049 2010 1128 2039 suo
1155 2014 1164 2040 :
1198 2013 1218 2036 »
1240 1995 1406 2039 donans

22 2063 315 2106 remissionem
349 2072 641 2121 peccatorum.
671 2065 780 2108 Inde
812 2065 867 2108 ad
898 2065 1039 2125 ipsum
1071 2067 1286 2112 convertit
1317 2083 1408 2112 ser-

22 2149 194 2178 monem
212 2142 341 2193 atque
359 2134 441 2178 ait:
468 2153 488 2176 «
508 2137 566 2178 Et
583 2150 731 2179 omnes
745 2137 998 2181 sanctificati
1016 2137 1097 2181 sub
1116 2153 1270 2182 manus
1292 2148 1404 2194 tuas,

0 2253 1 2267 χ
26 2221 45 2244 »
65 2213 107 2247 et
129 2203 174 2247 hi
196 2203 276 2247 sub
300 2212 341 2247 te
363 2213 465 2248 sunt
491 2220 498 2245 ;
529 2223 548 2245 »
575 2220 664 2248 non
685 2206 839 2267 utique
861 2207 1159 2266 superbientes
1180 2244 1190 2263 ,
1226 2217 1269 2252 et
1285 2224 1409 2253 suam

17 2275 229 2334 justitiam
260 2273 453 2318 volentes
475 2275 773 2331 constituere,¹
796 2277 872 2321 sed
889 2288 1169 2337 agnoscentes
1200 2280 1404 2337 gratiam,

23 2353 73 2388 ut
88 2344 266 2404 justitiae
284 2345 361 2388 Dei
378 2344 665 2405 subjiciantur
679 2347 707 2390 4.
725 2349 812 2391 «Et
826 2349 1005 2408 accepit,
1021 2348 1179 2408 inquit,
1197 2348 1251 2392 de
1268 2349 1410 2394 verbis

29 2433 48 2456 »
73 2415 204 2474 ipsius
228 2418 385 2473 Legem
410 2433 458 2459 :>›
494 2416 682 2475 populus
704 2418 857 2477 utique
879 2417 934 2462 de
965 2435 1053 2480 quo
1082 2419 1161 2474 ait,
1198 2439 1217 2461 «
1242 2422 1299 2464 Et
1330 2435 1411 2478 pe-

30 2504 50 2527 »
84 2487 221 2546 percit
235 2486 399 2546 populo
422 2503 514 2531 suo.
540 2507 559 2528 n
581 2489 761 2548 Accepit
782 2504 882 2547 ergo
899 2491 953 2534 de
965 2490 1106 2535 verbis
1124 2491 1255 2550 ipsius
1282 2510 1301 2532 «
1324 2494 1408 2534 Lc-

75 2578 81 2593 ¹
101 2574 178 2603 (ivn.
203 2581 281 2611 xxv,
296 2571 349 2603 52.
368 2588 407 2593 ——
426 2574 706 2614 ²lsa‘1'.ix‚2.—-
730 2571 977 2616 31t0m.x1,31.
1000 2593 1040 2598 —
1059 2566 1136 2608 41tl.
1158 2587 1192 2618 x,
1208 2575 1240 2617 4.

1209 2630 1276 2671 34.
