1872 3267
326 192 617 231 omiss-nomas
648 194 694 222 nv
726 194 950 231 nummos,
987 194 1068 220 Lm.
1105 193 1166 220 ιν.
1369 179 1452 220 473

63 275 166 305 cens
183 280 192 306 :
215 279 235 302 «
253 260 413 320 Accipe
428 259 560 305 duces
577 259 747 320 populi,
769 268 812 304 et
829 268 996 304 ostenta
1011 274 1083 303 eos
1102 258 1288 303 Domino
1301 267 1452 303 contra

67 349 86 372 »
111 329 246 375 solem
262 365 273 385 ,
294 339 339 375 et
359 339 577 374 avertetur
597 330 658 375 ira
682 330 956 374 animationis
978 328 1151 374 Domini
1167 328 1223 373 ab
1243 327 1403 372 Israel?
1428 347 1448 370 »

0 421 8 431 ·
65 402 108 448 Si
130 417 232 460 ergo
254 401 419 447 factum
441 411 532 446 erat
550 437 561 457 ,
593 401 689 462 quis
712 401 885 446 dubitet
911 402 1020 445 iram
1053 400 1227 446 Domini
1260 416 1454 444 aversam

56 473 193 518 fuisse
211 473 266 517 ab
290 473 451 518 Isra'e'l?
472 473 588 527 Quid
604 474 752 534 itaque
767 490 875 534 opus
899 483 991 517 erat
1006 508 1016 528 ,
1037 481 1087 516 ut
1104 471 1248 516 adhuc
1269 472 1453 516 Phinees

61 543 116 589 ad
126 543 391 604 placandum
405 548 542 589 Deum
554 545 612 590 sic
627 546 673 589 in
688 544 908 590 adulteros
923 543 1178 598 vindicaret,
1196 543 1323 603 eique
1339 543 1454 587 testi-

60 615 257 660 monium
290 615 511 675 Scriptura
533 616 808 675 perhiberet,
841 615 961 676 quod
988 630 1039 659 eo
1066 614 1199 659 modo
1219 613 1453 673 placaverit

59 686 322 732 Dominum?
344 686 430 731 Nisi
455 685 567 731 forte
586 687 903 745 intelligamus,
934 702 1035 731 cum
1052 685 1164 730 illud
1187 685 1241 729 de
1263 684 1450 729 ducibus

59 758 211 819 populi
232 761 425 816 Moyses,
457 758 578 819 quod
606 768 873 819 praeceperat
895 758 1104 803 Dominus
1120 792 1130 812 ,
1156 756 1337 816 implere
1362 755 1453 800 dis-

59 838 262 890 poneret,
284 844 384 873 eum
398 829 585 874 voluisse
603 831 731 874 etiam
750 829 990 875 secundum
1006 833 1164 887 Legem
1181 827 1283 872 talia
1295 827 1452 887 punire

0 918 5 927 ·
59 899 234 957 flagitia,
251 909 294 943 et
305 900 555 959 sacrilegam
569 899 812 956 audaciam,
831 910 881 945 ut
892 901 1068 961 juberet
1085 914 1305 960 quemque
1322 899 1451 942 inter-

0 990 5 998 ·
57 971 185 1015 ficere
216 971 463 1031 proximum
488 987 615 1016 suum
641 972 721 1016 diis
754 972 903 1017 alienis
931 971 1096 1016 nefarie
1124 980 1448 1025 consecratum,

0 1052 4 1061 “
58 1051 188 1102 atque
210 1043 373 1087 interea
395 1043 526 1087 etiam
547 1043 659 1088 illud
682 1044 866 1089 Phinees
895 1043 1082 1098 faceret,
1114 1059 1162 1087 ac
1195 1043 1253 1087 sic
1280 1043 1341 1087 ira
1364 1046 1452 1087 Do-

0 1128 3 1152 ῑ
58 1114 264 1174 minijam
285 1113 477 1174 placata,
503 1131 593 1160 non
615 1132 724 1175 opus
748 1116 879 1160 fuisse
901 1115 1033 1160 duces
1055 1114 1208 1175 populi
1236 1116 1445 1174 crucifigi.

0 1178 3 1185 ’
58 1188 161 1230 Haec
184 1201 286 1229 sane
308 1186 509 1231 severitas
533 1186 594 1230 illi
614 1188 797 1246 tempori
817 1203 1027 1246 congrua,
1049 1196 1265 1247 quantum
1283 1186 1450 1232 malum

0 1264 4 1292 ἔ
56 1256 110 1300 sit
129 1255 429 1301 fornicationis
451 1268 494 1302 et
510 1257 787 1313 idololotriae,
812 1257 1096 1318 prudentium
1123 1257 1224 1302 fidei
1248 1258 1348 1302 satis
1364 1258 1449 1303 evi-

0 1342 2 1357 =
57 1325 210 1371 denter
231 1326 439 1372 ostendit.

587 1461 824 1510 QUAEsrlo
856 1462 955 1500 Lm.

115 1588 216 1629 EAM
238 1602 412 1631 causam
434 1587 586 1632 mortis
607 1588 748 1645 Moysi
771 1586 878 1632 dicit
892 1587 1125 1642 Dominus,
1153 1602 1286 1647 quam
1315 1588 1445 1632 etiam

54 1655 197 1701 fratris
227 1658 360 1717 ejus¹.
385 1657 614 1702 Ambobus
643 1658 757 1701 enim
780 1657 910 1701 etiam
932 1658 1016 1702 hoc
1044 1666 1143 1701 ante
1162 1656 1443 1717 praedixerat,

0 1717 2 1783 J
53 1726 176 1786 quod
205 1725 304 1771 ideo
330 1743 420 1772 non
446 1728 660 1772 intrarent
683 1744 784 1772 cum
810 1727 974 1788 populo
998 1729 1075 1772 Dei
1096 1729 1141 1772 in
1168 1737 1326 1773 terram
1343 1745 1446 1789 pro-

54 1797 288 1853 missionis,
309 1798 413 1858 quia
445 1814 535 1843 non
564 1814 664 1843 eum
699 1800 1081 1844 sanctificaverunt
1104 1815 1249 1844 coram
1280 1800 1446 1860 populo

55 1866 109 1910 ad
129 1883 289 1927 aquam
317 1868 713 1924 contradictioniffi,
737 1869 783 1913 id
809 1879 894 1924 est,
916 1870 1018 1930 quia
1053 1868 1369 1915 dubitaverunt
1390 1871 1446 1916 de

55 1936 171 1983 dono
187 1939 278 1998 ejus
295 1959 305 1995 3
325 1937 446 1999 quod
468 1949 613 1998 posset
634 1956 746 2001 aqua
767 1940 822 1984 de
839 1950 961 2000 petra
978 1940 1218 2000 profluere,
1237 1942 1349 1986 sicut
1370 1957 1444 1986 ex·
1488 1967 1497 1974 ·

55 2009 276 2069 posuimus
311 2010 357 2054 in
388 2025 440 2054 eo
473 2010 564 2069 ipso
601 2011 835 2071 Scripturae
862 2010 1000 2056 loco³.
1027 2013 1166 2073 Hujus
1201 2022 1347 2057 autem
1382 2015 1443 2058 rei

55 2081 311 2139 mysterium
346 2080 475 2126 datur
504 2081 710 2141 intelligi,
750 2084 851 2143 quia
886 2099 966 2127 nec
999 2083 1288 2129 sacerdotium
1322 2087 1443 2146 quod

55 2151 172 2210 pm'us
194 2151 445 2196 institutum
468 2162 552 2207 est,
579 2153 700 2212 cujus
724 2169 951 2213 personam
977 2154 1154 2211 gerebat
1172 2158 1338 2211 Aaron,
1365 2171 1445 2200 nee

55 2221 144 2282 ipsa
177 2225 264 2266 Lex
302 2224 425 2282 cujus
460 2239 692 2283 personam
723 2224 902 2283 gerebat
932 2228 1125 2283 Moyses,
1155 2225 1444 2272 introducunt

55 2291 268 2352 populum
288 2293 365 2337 Dei
385 2294 429 2337 in
447 2302 606 2338 terram
628 2294 890 2339 haereditatis
911 2305 1085 2339 :cternae
1103 2317 1112 2350 3
1134 2295 1208 2339 sed
1226 2298 1371 2353 Jesus,
1396 2298 1441 2342 in

8 2419 9 2422 Ἴ
55 2379 143 2423 quo
170 2373 300 2423 typus
333 2373 424 2408 erat
457 2364 632 2409 Domini
663 2368 767 2409 Jesu
806 2366 986 2421 Christi,
1012 2365 1057 2410 id
1089 2375 1174 2422 est,
1203 2367 1337 2425 gratia
1365 2383 1442 2427 per

1 2355 23 2599 λι
55 2433 201 2477 fidem.
221 2437 279 2478 Et
294 2437 440 2480 Aaron
465 2435 646 2496 quidem
669 2444 768 2480 ante
796 2435 1026 2481 defunctus
1045 2446 1130 2492 est,
1156 2453 1286 2497 quam
1307 2438 1439 2483 Israel.

100 2542 191 2574 Num.
214 2553 310 2583 xxvii,
334 2542 386 2583 13,
410 2542 460 2585 14.
483 2559 524 2565 —-
545 2548 558 2566 ἰ
573 2544 664 2575 Νιυη.
687 2555 739 2585 xx,
759 2553 809 2576 1¹2.
829 2562 870 2567 —
919 2545 997 2576 Vide
1012 2556 1105 2587 supra
1122 2550 1236 2588 quaest·
1255 2557 1316 2578 xix.

2 2489 5 2537 l

0 2576 22 2635 31

0 2641 21 2822 1}
