1872 3267
375 211 457 250 232
806 225 839 251 s.
875 223 1105 253 Aneus‘rim
1137 225 1316 253 Enseom

879 315 1113 365 QUAESTIO
1143 317 1242 356 XLV
1250 346 1260 356 .

433 419 453 446 «
484 406 599 449 F1L11
638 413 784 449 autem
817 405 949 451 Israel
977 406 1177 453 fecerunt
1214 406 1339 452 sicuti
1368 400 1633 467 ¹praeceperat
1667 406 1752 453 illis

373 493 394 516 »
428 478 599 532 Moyses
617 510 628 530 ,
654 484 695 519 et
717 475 938 534 petierunt
960 477 1013 520 ab
1032 477 1247 537 AEgyptiis
1264 493 1362 522 vasa
1391 493 1518 522 aurea
1539 488 1582 522 et
1601 493 1753 536 argen-
1812 537 1815 541 λ

373 565 393 587 »
429 556 517 601 tea,
544 556 587 590 et
608 555 770 591 vestem
785 582 796 601 ,
823 556 865 591 et
887 548 1096 592 Dominus
1134 548 1255 593 dedit
1278 549 1456 608 gratiam
1478 549 1643 609 populo
1674 565 1754 595 suo

374 635 394 657 »
430 632 575 660 coram
608 617 843 676 AEgyptiis,
870 626 913 661 et
946 618 1336 663 commodaverunt
1357 617 1466 673 illis,
1508 628 1551 663 et
1571 618 1754 679 praedati

375 707 395 729 η
431 698 533 733 sunt
555 684 825 748 AEgyptios1.
850 707 870 730 »
901 688 997 733 Jam
1019 690 1101 734 hoc
1121 689 1285 735 sactum
1311 689 1453 734 fuerat
1477 699 1576 734 ante
1593 700 1754 734 mortes
1812 731 1813 735 ,
1852 682 1858 688 ’

371 759 760 818 primogenitorum
784 760 1094 819 AEgyptiorum
1116 779 1124 805 :
1156 760 1232 805 sed
1252 775 1370 805 nunc
1397 776 1474 820 per
1495 760 1755 820 recapitula-

375 829 534 873 tionem
558 829 782 888 repetitur.
807 832 917 875 Nam
940 839 1162 875 narratum
1191 840 1255 876 est
1285 830 1461 892 quando
1483 830 1648 876 factum
1671 840 1748 875 est.

371 899 505 944 Modo
523 900 639 943 enim
657 899 750 943 fieri
770 900 994 961 quomodo
1005 910 1162 961 posset,
1179 903 1285 946 utin
1298 911 1420 946 tanto
1433 902 1558 947 luctu
1575 917 1626 946 ex
1637 917 1753 946 mor·
1811 921 1814 930 ⁴
1852 903 1855 917 ¹

372 970 487 1015 tibus
517 986 694 1015 suorum
717 969 1096 1016 accommodarent
1121 973 1199 1017 ista
1220 972 1319 1017 filiis
1344 972 1502 1017 Israel?
1532 973 1620 1019 Nisi
1642 970 1755 1016 forte

370 1040 467 1101 quis
490 1039 605 1085 dicat
626 1041 757 1085 etiam
772 1041 851 1087 ista
873 1041 999 1102 plaga
1017 1058 1107 1087 non
1124 1042 1256 1088 fuisse
1272 1043 1751 1103 percussosAEgyptios,
1811 1043 1819 1103 ἦ

370 1111 446 1174 qui
464 1127 564 1157 cum
582 1111 776 1158 Hebraeis
797 1113 1103 1158 inhabitabant
1122 1123 1282 1159 terram
1304 1114 1481 1159 Gessen.

874 1210 1110 1259 QUAESTIO
1142 1211 1275 1250 XLVI.

430 1302 546 1353 an
570 1309 634 1343 est
657 1297 779 1359 quod
795 1298 856 1343 ait
876 1317 885 1344 :
914 1317 935 1342 «
958 1299 1189 1358 Accipietis
1211 1308 1355 1343 autem
1377 1297 1630 1343 fasciculum
1647 1298 1756 1357 hys-
1811 1283 1813 1313 ἶ
1854 1302 1859 1324 ³

375 1390 395 1414 »
431 1372 524 1431 sopi
541 1407 551 1426 ,
578 1382 621 1416 et
648 1371 896 1430 tinguentes
928 1386 980 1414 ex
1011 1371 1220 1428 sanguine
1241 1370 1317 1430 qui
1339 1379 1402 1414 est
1418 1371 1542 1430 juxta
1568 1370 1726 1415 ostium
1742 1406 1753 1427 ,
1811 1363 1823 1394 ²·

374 1459 396 1483 »
431 1441 589 1486 linietis
611 1456 740 1501 super
757 1441 891 1485 limen
912 1450 955 1485 et
977 1456 1106 1501 super
1124 1441 1274 1485 ambos
1295 1450 1438 1500 postes
1448 1445 1480 1484 2.
1501 1442 1758 1494 »Quaeritur

372 1512 488 1555 enim
506 1527 636 1572 quem
655 1511 909 1570 sanguinem
931 1510 1046 1555 dicat
1059 1511 1181 1571 juxta
1199 1511 1382 1566 ostium,
1403 1525 1504 1555 cum
1519 1509 1635 1555 illius
1657 1511 1757 1570 agni
1810 1543 1813 1559 .

372 1583 524 1643 utique
560 1582 664 1628 velit
694 1581 879 1640 intelligi
911 1582 1192 1640 sanguinem,
1228 1583 1350 1643 cujus
1381 1582 1678 1627 immolatione
1708 1583 1758 1626 fit
1810 1637 1812 1642 Ι

373 1655 536 1698 Pascha
559 1673 568 1698 :
595 1670 649 1697 an
671 1669 722 1697 eo
743 1653 874 1697 modo
893 1662 1209 1713 consequenter
1231 1653 1440 1713 praecipit,
1461 1654 1658 1714 quamvis
1673 1654 1758 1698 hoc

377 1724 571 1778 tacuerit,
588 1733 636 1767 ut
653 1723 769 1767 idem
792 1738 929 1781 agnus
941 1724 1063 1783 juxta
1084 1723 1243 1767 ostium
1264 1723 1611 1779 occidaturPAn,
1637 1723 1758 1783 quod
1810 1767 1812 1782 s

373 1803 438 1838 est
458 1792 727 1848 credibilius,
752 1792 852 1836 ideo
889 1792 999 1837 dixit
1028 1812 1037 1837 z
1067 1812 1086 1835 «
1111 1796 1176 1837 Ex
1195 1794 1402 1851 sanguine
1436 1794 1513 1854 qui
1545 1802 1610 1838 est
1632 1795 1757 1852 juxta
1810 1817 1811 1842 ι

376 1883 397 1906 »
433 1864 589 1910 ostium
605 1899 615 1918 ,
645 1882 665 1905 »
686 1863 788 1923 quia
805 1863 956 1923 utique
978 1863 1051 1907 ille
1074 1865 1150 1924 qui
1170 1862 1375 1908 liniturus
1399 1874 1607 1924 estsuper
1624 1863 1757 1908 limen

374 1945 417 1979 et
438 1944 581 1995 postes
598 1969 609 1989 ,
629 1949 703 1979 vas
726 1934 868 1993 ipsum
887 1934 933 1977 in
950 1949 1039 1994 quo
1061 1935 1315 1992 sanguinem
1336 1935 1524 1994 excepit,
1543 1936 1666 1995 juxta
1688 1950 1758 1980 os-
1810 1963 1811 1985 i

376 2006 485 2050 tium
507 2004 726 2065 positurus
746 2013 823 2060 est,
849 2014 899 2048 ut
921 2003 976 2049 ad
999 2019 1179 2048 manum
1201 2005 1361 2050 habeat
1381 2005 1559 2066 quando
1580 2005 1753 2064 tinguit.
1809 2010 1811 2068 f
1860 2022 1861 2030 ¹

876 2101 1111 2151 QUAESTIO
1142 2103 1299 2141 xtvn,

437 2183 473 2225 I.
513 2200 533 2222 «
554 2182 861 2225 SUSTULERUNT
880 2189 1026 2225 autem
1048 2179 1125 2224 filii
1143 2178 1276 2224 Israel
1293 2178 1347 2223 de
1368 2181 1570 2225 Ramesse
1586 2181 1632 2224 in
1651 2182 1757 2226 Soc·
1809 2178 1811 2181 ’

379 2270 399 2292 n
435 2251 567 2295 choth
584 2286 594 2306 ,
619 2251 664 2294 in
681 2259 880 2294 sexcenta
899 2249 1033 2294 millia
1047 2248 1243 2310 peditum
1264 2248 1369 2305 viri,
1390 2259 1546 2309 praeter
1567 2251 1755 2296 instruc·
1808 2251 1809 2256 ’
1859 2287 1861 2294 ⁴

379 2339 399 2362 »
436 2322 576 2375 tumss,
601 2339 620 2361 »
646 2319 716 2365 vel
749 2335 983 2365 «censum.
1014 2339 1032 2361 >›
1063 2320 1105 2365 Si
1127 2320 1207 2363 isto
1229 2318 1360 2364 modo
1384 2329 1526 2379 potest
1552 2330 1667 2365 recte
1689 2321 1756 2365 in-

374 2392 599 2451 terpretari
632 2391 752 2452 quod
787 2406 951 2449 graecus
987 2390 1118 2435 habet
1151 2398 1337 2437 αποσκευὴν,
1374 2406 1463 2451 quo
1495 2392 1631 2436 verbo
1665 2407 1755 2435 non
1807 2398 1809 2449 ζ

373 2461 514 2506 solum
550 2461 748 2516 mobilia,
778 2462 1062 2506 verumetiam
1085 2462 1302 2507 moventia
1331 2461 1563 2520 significari
1591 2461 1753 2507 indicat
1806 2454 1809 2498 ἶ
1865 2518 1868 2531 Α

424 2564 431 2580 ¹
456 2558 552 2590 itm-l.
573 2568 626 2598 zu,
649 2557 703 2598 35,
720 2557 773 2589 36.
799 2575 833 2581 --
855 2564 866 2579 ²
886 2557 962 2589 ibid.
986 2566 1039 2588 τευ..
1062 2573 1101 2579 -—-
1123 2555 1134 2578 ³
1155 2557 1236 2590 ibid.
1262 2557 1313 2599 37.
