1872 3267
267 247 525 275 Locn'noivns
555 247 610 274 DE
641 245 1005 283 nizo-runouomlo,
1039 246 1122 272 Lm.
1157 246 1200 272 v.
1370 233 1421 272 91

7 337 10 385 Ι
45 315 134 360 sive
160 314 282 374 quod
303 330 327 358 a
360 312 566 370 singulari
595 313 652 357 ad
683 310 895 372 pluralem
923 311 1098 366 transit,
1122 311 1211 356 sive
1231 309 1353 371 quod
1382 311 1428 355 in

7 393 10 444 Ι
45 382 162 430 malo
183 383 323 429 voluit
337 383 520 441 intelligi
545 381 807 438 «dilatetur,
827 400 848 424 »
874 382 951 427 ubi
976 381 1151 427 noxiam
1165 383 1429 441 prosperita-

0 445 10 520 ἰῇ
45 464 135 500 tem
156 454 428 514 significavit.

103 539 310 582 XXXIV.
341 555 361 578 «
380 538 438 581 Et
461 536 629 580 flumen
651 550 861 595 magnum
882 535 1048 579 flumen
1063 534 1336 594 Euphratem
1350 537 1384 579 ¹.
1407 552 1430 576 »

7 531 10 556 Ι

0 560 11 652 :i
47 608 342 668 Repetitiones
371 607 462 651 istae
489 607 659 652 usitatae
682 615 784 651 sunt
815 606 861 650 in
892 605 1149 666 Scripturis‚
1175 613 1220 650 et
1239 619 1332 649 rem
1355 604 1434 650 de-

0 700 3 717 ι
45 686 194 724 center
213 675 538 722 commendant.

103 760 287 804 XXXV.
308 777 328 800 «
345 758 563 802 Timorem
576 766 769 803 vestrum
787 766 830 802 et
844 766 1077 802 tremorem
1092 765 1286 802 vestrum
1297 756 1436 816 impo-

50 849 71 874 »
96 839 172 875 net
183 829 392 874 Dominus
402 831 517 874 Deus
529 838 670 874 vester
682 844 811 889 super
824 828 980 874 faciem
996 828 1209 874 universae
1221 831 1373 873 terrae²
1389 847 1397 873 :
1411 846 1432 870 »

48 918 138 948 non
156 902 356 946 timorem
375 910 417 945 et
433 910 666 946 tremorem
686 917 775 962 quo
792 901 874 961 ipsi
892 901 1049 945 timent
1062 909 1106 945 et
1120 909 1340 956 tremunt,
1361 898 1437 944 sed

48 989 137 1036 quo
161 974 368 1017 timentur
387 981 430 1017 et
452 971 556 1016 alios
569 981 753 1016 tremere
774 970 957 1016 faciunt.

105 1057 312 1100 XXXVI.
343 1057 482 1100 «Non
503 1055 664 1115 poteris
696 1051 964 1098 manducare
985 1052 1032 1096 in
1067 1045 1315 1097 civitatibus
1351 1051 1439 1096 tuis

52 1145 74 1169 >›
99 1125 431 1171 decimationem
460 1124 670 1170 frumenti
701 1124 766 1169 tui
781 1125 796 1150 3
828 1143 836 1168 :
866 1143 883 1165 »
914 1139 995 1184 pro
1017 1138 1068 1168 eo
1091 1121 1212 1184 quod
1233 1132 1298 1167 est
1313 1157 1324 1179 ‚
1349 1137 1439 1167 non

49 1195 245 1241 debebis.

108 1279 338 1322 XXXVII.
369 1295 389 1318 «
416 1279 473 1320 Et
493 1276 698 1320 incendes
717 1275 935 1321 civitatem
955 1275 1000 1320 in
1026 1274 1144 1335 igni⁴
1174 1293 1183 1320 z
1208 1293 1227 1316 »
1248 1289 1328 1320 nos
1349 1274 1440 1318 usi-

50 1349 182 1394 tatius
205 1348 445 1392 diceremus
471 1367 490 1389 «
515 1347 606 1406 igni
627 1365 666 1391 ».

106 1434 360 1477 XXXVIII.
381 1450 402 1473 «
421 1431 463 1476 Si
485 1439 633 1475 autem
646 1430 777 1489 longe
790 1428 922 1474 fuerit
938 1429 1007 1475 via
1021 1446 1044 1474 a
1061 1432 1127 1473 te⁵
1146 1449 1155 1474 ;
1176 1448 1195 1471 »
1216 1444 1265 1473 ac
1279 1429 1314 1473 si
1327 1428 1442 1473 diee-

50 1512 115 1547 ret
141 1523 149 1547 ;
180 1522 199 1544 «
216 1505 363 1559 Longa
385 1501 453 1546 via
476 1499 630 1558 suerit3
657 1519 678 1542 »
700 1500 958 1546 adverbium
985 1501 1130 1559 posuit
1146 1515 1226 1559 pro
1243 1499 1437 1544 nomine.

108 1586 317 1629 XXXIX.
328 1603 348 1625 «
359 1587 417 1627 Et
428 1583 665 1628 foenerabis
680 1592 829 1642 gentes
845 1582 1005 1628 multas
1015 1583 1046 1626 ⁶.
1058 1602 1076 1624 »
1089 1582 1441 1626 Foenerationem

52 1655 273 1714 Scriptura
310 1653 416 1697 dicit
450 1662 606 1698 mutuo
641 1653 788 1697 datam
815 1653 1070 1712 pecuniam,
1107 1653 1273 1697 etiamsi
1298 1669 1443 1697 usurae

50 1741 141 1770 non
163 1724 428 1783 accipiantur
453 1743 462 1768 2
494 1722 613 1767 unde
634 1732 698 1767 est
727 1731 770 1766 et
791 1721 903 1766 illud
937 1722 983 1766 in'
1015 1722 1185 1767 Psalmo
1208 1742 1216 1766 :
1246 1726 1442 1769 «Beatus

55 1815 76 1837 n
94 1797 170 1856 qui
192 1796 439 1849 miseretur,
473 1804 516 1838 et
549 1792 838 1838 eominodat7.
865 1812 884 1834 »
912 1795 1006 1838 Hoc
1039 1793 1155 1837 enim
1191 1793 1443 1838 maluerunt

13 1907 16 1920 ‚
52 1866 326 1925 interpretari
347 1865 511 1921 nostri,
536 1865 613 1925 qui
634 1864 894 1908 sententiam
911 1865 1057 1924 potius
1069 1880 1204 1925 quam
1219 1865 1351 1909 verba
1372 1881 1442 1909 se-

53 1936 227 1998 quenda
262 1945 563 1995 putaverunt:
594 1951 696 1980 nam
728 1936 775 1980 in
816 1952 957 1995 graeco
994 1936 1128 1981 habet
1149 1942 1299 1985 δανεὶζει,
1321 1937 1443 1997 quod

14 2016 17 2039 ³
55 2016 142 2063 est,
162 2007 419 2051 foeneratur.

112 2091 204 2134 XL.
234 2109 254 2132 «
282 2093 338 2134 Et
358 2089 670 2150 principaberis
691 2089 888 2148 gentium
908 2089 1177 2146 multarum‚
1203 2091 1267 2135 tui
1295 2099 1442 2135 autem

59 2179 80 2203 »
103 2176 191 2205 non
208 2160 620 2221 principabuntur82
642 2170 851 2222 tanquam
871 2160 1035 2204 diceret
1061 2180 1071 2206 ε
1097 2181 1118 2204 «
1140 2162 1236 2205 Tibi
1254 2177 1343 2206 non
1363 2161 1444 2206 do-

57 2232 340 2276 minabuntur
355 2268 365 2287 ,
390 2233 473 2276 hoc
497 2241 584 2286 est,
614 2241 791 2291 gentes3
816 2252 833 2273 »
864 2231 1078 2290 genitivus
1101 2233 1218 2276 enim
1240 2248 1362 2276 casus
1380 2241 1444 2277 est

57 2302 282 2360 singularis
309 2303 437 2363 hujus
468 2302 736 2362 pronominis
769 2301 890 2362 quod
923 2303 981 2346 ait
1006 2322 1026 2345 «
1052 2303 1116 2348 tui
1132 2339 1143 2359 ‚
1172 2321 1191 2344 »
1218 2305 1339 2364 cujus
1363 2303 1442 2348 da-

59 2372 168 2416 tivus
196 2382 259 2416 est
288 2373 391 2432 tihi3
416 2389 505 2418 non
536 2371 714 2433 pluralis
742 2373 1057 2430 nominativus,
1082 2376 1207 2435 eujus
1230 2375 1443 2434 genitivus

60 2451 122 2486 est
143 2452 332 2487 tuorum.

107 2534 115 2550 ¹
133 2521 226 2559 Dent.
246 2540 278 2559 xi
293 2553 301 2569 ,
319 2527 373 2570 24.
392 2546 434 2551 —
451 2529 569 2561 21bid.
592 2528 703 2561 25.—·
719 2527 877 2571 31d.x11‚
902 2540 954 2571 17.
976 2546 1018 2552 —-
1036 2528 1114 2561 [ald.
1132 2541 1205 2572 xm,
1235 2530 1285 2563 16.
1303 2546 1346 2553 —
1360 2528 1374 2552 5
1393 2529 1439 2562 Id.

61 2593 125 2623 xiv,
145 2581 198 2624 24.
219 2600 260 2605 —
274 2581 289 2605 (J
307 2583 354 2615 Id.
373 2594 428 2624 xv,
443 2585 477 2615 (3.
496 2602 536 2606 —
555 2592 568 2617 7
588 2584 668 2618 Psal.
689 2596 751 2628 cm,
776 2585 806 2619 5.
828 2602 869 2608 —
888 2583 902 2607 8
920 2588 1014 2618 Deut.
1036 2596 1090 2628 xv,
1106 2585 1138 2618 6.
