1872 3267
346 209 614 247 Quffis'noNEs
647 209 692 236 nv
724 208 914 236 GENESIM
934 225 945 247 ‚
980 210 1063 236 Lm.
1102 210 1130 234 1.
1347 196 1430 235 159

481 312 719 363 QUAESTIO
751 314 995 353 LXXXVIII.

99 415 226 467 Quon
240 414 450 473 scriptum
468 422 547 468 est,
566 431 587 455 «
599 415 657 457 Et
677 413 854 457 servivit
873 412 1011 457 Jacob
1027 427 1106 472 pro
1128 412 1294 456 Rachel
1314 411 1435 456 annis

44 504 64 527 »
100 495 288 546 sept01n3
309 495 352 530 et
377 495 502 530 erant
520 487 565 529 in
592 495 826 545 conspectu
845 487 935 545 ejus
957 484 1079 530 velut
1102 485 1229 544 pauci
1253 483 1358 537 dies,
1385 499 1437 528 eo

44 574 65 597 »
100 555 220 616 quod
243 555 452 614 diligebat
473 555 644 611 11131111,
674 574 693 597 »
720 555 1010 616 quaerendum
1027 554 1251 615 quomodo
1269 554 1437 598 dictum

0 660 1 682 ³
41 626 115 681 sit,
147 642 249 671 cum
279 627 412 683 magis
440 627 569 670 etiam
602 626 735 672 breve
765 636 937 686 tempus
969 625 1153 685 longum
1185 641 1275 669 esse
1303 624 1440 669 soleat

42 696 302 741 amantibus.
326 696 501 740 Dictum
531 705 596 740 est
617 711 718 754 ergo
742 706 920 756 propter
955 695 1152 741 laborem
1192 694 1433 750 servitutis,

42 781 174 828 quem
196 765 371 811 facilem
392 776 435 811 et
456 766 599 812 levem
621 783 743 812 amor
765 767 967 812 faciebat.

497 876 736 926 QUAESTIO
768 878 976 916 LXXXIX.

107 980 153 1023 S1
170 993 326 1038 parum
349 979 601 1023 advertatur
619 980 680 1023 rei
700 981 828 1040 hujus
846 980 1053 1034 narratio,
1075 979 1302 1039 putabitur
1323 980 1445 1040 quod

43 1059 325 1111 posteaquam
360 1050 480 1094 [13111
512 1051 649 1096 Jacob
686 1046 810 1095 duxit
839 1067 1043 1106 uxorem,
1080 1050 1239 1095 deinde
1269 1052 1444 1096 servivit

0 1150 1 1167 ;
43 1119 147 1165 alios
167 1130 332 1181 septem
355 1137 490 1166 annos
513 1138 592 1182 pro
621 1121 785 1166 Rachel
804 1132 847 1166 et
866 1131 972 1166 tunc
995 1137 1090 1166 eam
1115 1122 1255 1166 duxit.
1279 1125 1445 1167 Verum

0 1182 1 1186 ¹
44 1202 190 1237 autem
228 1208 317 1237 non
351 1192 410 1237 ita
441 1202 531 1248 est,
571 1193 647 1237 sed
678 1193 827 1237 Laban
861 1193 900 1236 ei
932 1193 1043 1236 dixit
1074 1213 1082 1238 :
1120 1212 1140 1236 «
1176 1196 1444 1238 Consumma

0 1288 3 1323 ς
48 1281 68 1304 1)
103 1263 250 1322 itaque
284 1263 571 1322 septimanam
607 1263 755 1318 istius,
792 1272 835 1307 et
870 1263 986 1308 dabo
1028 1264 1104 1308 tibi
1138 1274 1182 1308 et
1215 1265 1329 1308 hanc
1363 1279 1443 1324 pro

0 1345 4 1368 ι
48 1351 70 1374 1)
104 1348 234 1392 opere
262 1332 383 1394 quod
412 1332 659 1392 operaberis
688 1333 808 1393 apud
836 1349 905 1377 me
934 1334 1078 1378 adhuc
1107 1344 1273 1394 septem
1309 1349 1446 1379 annos

4 1433 5 1436 ,
52 1423 70 1446 »
105 1403 251 1449 alios·2.
292 1422 312 1445 »
349 1403 480 1458 Quod
507 1405 655 1465 itaque
688 1405 767 1461 311,
813 1425 832 1447 «
860 1407 1128 1450 Consumma
1160 1406 1448 1466 septimanam

0 1508 1 1536 3
52 1494 70 1516 »
104 1475 250 1530 istius,
287 1493 306 1516 »
341 1475 396 1519 ad
430 1476 683 1535 nuptiarum
722 1475 1064 1521 celebrationem
1097 1477 1309 1537 pertinet,
1348 1493 1448 1537 quae

0 1562 4 1591 3
46 1555 212 1606 septem
233 1544 387 1590 diebus
410 1545 620 1590 celebrari
652 1546 808 1591 solent.
837 1549 931 1592 Hoc
961 1548 1109 1608 itaque
1138 1548 1197 1592 ait
1223 1567 1231 1592 ;
1262 1567 1282 1590 «
1308 1547 1450 1607 Imple

48 1616 137 1661 dies
170 1617 425 1677 nuptiarum
459 1627 627 1678 septem
655 1618 925 1678 pertinentes
949 1619 1005 1662 ad
1025 1620 1177 1674 istam,
1209 1634 1342 1679 quam
1365 1619 1452 1662 du-

2 1690 5 1728 }
47 1688 168 1743 xisti,
201 1697 244 1732 et
270 1687 385 1732 dabo
417 1688 496 1732 tibi
525 1697 568 1732 et
595 1689 708 1732 hanc
730 1704 810 1748 pro
843 1704 894 1733 eo
917 1687 1038 1749 quod
1061 1689 1309 1748 operaberis
1334 1688 1453 1749 apud

4 1782 5 1785 ¹
49 1774 118 1804 me
141 1758 284 1805 adhuc
306 1769 472 1820 septem
489 1776 624 1804 annos
643 1759 762 1804 alios.
793 1779 813 1801 »
839 1760 1007 1804 Deinde
1029 1761 1242 1820 sequitur,
1276 1779 1297 1803 «
1332 1760 1455 1805 Fecit

17 1871 19 1882 ,
53 1847 73 1871 1)
108 1840 255 1874 31110111
287 1832 424 1874 Jacob
452 1832 533 1883 sic,
559 1841 602 1872 et
638 1831 837 1888 implevit
859 1832 1148 1891 septimanam
1167 1834 1281 1892 ejm,
1303 1832 1348 1876 id
1371 1841 1450 1888 est,

0 1880 21 1978 {l
57 1919 76 1942 n
111 1910 278 1961 septem
301 1900 394 1945 dies
413 1900 667 1959 nuptiarum
690 1899 795 1954 Liae,
823 1908 866 1942 et
888 1899 1011 1943 dedit
1033 1902 1095 1943 illi
1119 1904 1269 1948 Laban
1291 1902 1456 1947 Rachel

18 1968 22 2054 ι
57 1990 78 2014 11
112 1973 248 2017 filiam
285 1988 406 2017 suam
446 1972 527 2031 ipsi
563 1987 758 2016 uxorem.
789 1969 920 2015 Dedit
941 1980 1088 2014 autem
1118 1971 1268 2016 Laban
1291 1973 1457 2017 Rachel

0 2020 6 2095 ⁵.
57 2060 79 2085 »
113 2043 213 2087 filiae
244 2059 334 2087 suae
360 2042 527 2087 Ballam
554 2041 756 2087 ancillam
782 2057 904 2085 suam
921 2041 960 2085 ei
977 2040 1203 2097 ancillam,
1222 2052 1265 2086 et
1280 2043 1459 2088 intravit

0 2155 7 2189 ss
59 2130 79 2154 »
114 2113 170 2156 ad
191 2112 371 2157 Rachel.
400 2112 558 2156 Dilexit
577 2121 722 2156 autem
746 2109 914 2156 Rachel
933 2111 1069 2170 magis
1092 2128 1225 2172 quam
1244 2113 1388 2168 Liam‚
1415 2122 1460 2157 et

0 2205 25 2267 Ι
59 2200 79 2224 »
113 2184 285 2227 servivit
305 2183 366 2226 illi
391 2192 557 2242 septem
580 2198 715 2227 annos
730 2182 879 2226 311053.
910 2201 929 2223 1)
958 2183 1118 2243 Utique
1140 2193 1341 2244 apparet⁷
1357 2185 1458 2245 quia

0 2253 8 2261 ”
56 2263 337 2314 posteaquam
380 2254 504 2298 duxit
549 2253 739 2309 Rachel,
770 2263 873 2297 tunc
902 2252 1078 2298 servivit
1105 2269 1186 2313 pro
1215 2270 1264 2299 ea
1294 2264 1460 2315 septem

58 2341 190 2370 annos
207 2325 327 2370 alios.
348 2325 485 2371 Nimis
509 2325 626 2368 enim
647 2324 809 2369 durum
830 2334 874 2369 et
894 2323 1022 2370 valde
1044 2325 1247 2386 iniquum
1271 2325 1371 2381 fuit,
1403 2335 1456 2370 ut

25 2412 28 2460 !
60 2395 290 2456 deceptum
312 2395 456 2441 adhuc
473 2395 671 2440 differret
689 2395 794 2440 alios
812 2411 949 2440 annos
966 2405 1148 2455 septem,
1171 2405 1215 2441 et
1235 2406 1339 2441 tunc
1361 2412 1457 2441 eam

26 2462 30 2546 1
61 2466 263 2523 traderet,
279 2482 414 2528 quam
430 2467 570 2527 primo
593 2465 763 2511 debuit.
788 2469 964 2527 Septem
985 2476 1132 2512 autem
1150 2467 1304 2513 diebus
1321 2467 1459 2513 solere

28 2565 31 2618 1
111 2569 120 2586 ¹
145 2566 225 2597 Gen.
244 2575 332 2605 xxix,
347 2573 402 2597 20,
423 2581 464 2588 -
491 2570 504 2587 ²
524 2563 605 2597 lbid.
625 2572 679 2606 27.
708 2580 749 2587 -
764 2561 778 2587 3
793 2563 875 2597 Ibid.
894 2564 946 2596 30.

30 2621 31 2646 1

31 2687 33 2708 1
