1872 3267
337 273 421 314 250
767 287 802 314 s.
837 283 1066 314 Auens'nm
1097 287 1278 314 Emscon

335 352 406 397 hic
428 350 558 395 etiam
578 348 833 394 humilitatis
861 350 1129 410 exemplum,
1155 350 1275 410 quod
1295 352 1488 407 Moyses,
1513 364 1612 394 cum
1629 366 1718 411 quo

337 419 599 480 loquebatur
621 422 756 474 Deus,
787 435 877 463 non
898 419 1106 465 fastidivit
1122 455 1133 476 ‚
1161 435 1304 479 neque
1331 420 1590 478 contempsit
1612 418 1717 464 alie-

338 506 515 549 negenae
548 490 684 534 soceri
706 490 772 533 sui
790 488 1031 534 consilium.
1071 493 1332 551 Quanquam
1359 499 1402 533 et
1423 490 1513 549 ipse
1535 490 1716 545 Jothor‚

337 577 439 606 cum
462 560 654 605 Israelita
670 576 758 605 non
782 559 955 615 fuisset,
981 570 1131 605 utrum
1148 562 1259 605 inter
1275 561 1388 605 viros
1411 564 1550 605 Deum
1566 576 1719 605 verum

338 630 529 677 colentes
553 630 837 691 religioseque
859 631 1070 690 sapientes
1091 631 1319 676 habendus
1340 631 1415 688 sit,
1435 632 1721 692 quemadmo-

338 702 445 747 dum
462 712 506 746 et
524 705 547 747 J
552 702 625 757 ob,
647 718 746 746 cum
763 716 813 745 ex
828 701 922 761 ipso
940 702 1104 761 populo
1122 719 1211 747 non
1229 702 1394 758 fuisset,
1419 703 1574 747 merito
1595 719 1720 762 quae-

340 774 449 818 ritur
475 793 484 817 :
517 774 602 817 imo
626 772 876 817 credibilius
898 773 1100 817 habetur.
1138 774 1355 831 Ambigue
1389 774 1552 834 quippe
1585 774 1722 833 posita

341 853 444 889 sunt
464 844 596 888 verba
612 878 624 899 ‚
649 842 721 889 vel
743 852 891 887 utrum
914 844 1215 889 sacrificaverit
1238 848 1329 889 Deo
1356 859 1459 888 vero
1490 844 1536 887 in
1558 843 1722 904 populo

339 917 430 977 ejus
447 950 458 971 ‚
481 915 659 976 quando
679 914 789 960 vidit
812 930 1021 974 generum
1043 931 1191 971 suum,
1222 916 1293 960 vel
1325 925 1475 960 utrum
1494 930 1596 959 eum
1616 916 1724 960 ado-

338 986 496 1031 raverit
526 986 617 1046 ipse
638 988 810 1043 Moyses
843 1005 852 1030 2
889 1001 1143 1046 quanquam
1168 986 1222 1030 de
1254 985 1504 1031 adoratione
1525 986 1657 1030 etiam
1690 987 1723 1030 si

340 1071 536 1118 expresse
556 1057 748 1118 positum
770 1065 900 1112 esset,
925 1057 1066 1102 honor
1088 1056 1309 1102 videretur
1330 1073 1479 1102 socero
1500 1056 1696 1101 redditus
1709 1092 1720 1112 ‚

339 1142 390 1172 eo
413 1126 545 1172 modo
567 1143 657 1187 quo
678 1127 787 1172 solet
808 1127 1059 1172 hominibus
1090 1128 1432 1172 honorificentiae
1454 1143 1581 1172 causa
1603 1128 1725 1171 exhi-

339 1198 431 1241 beri
464 1213 487 1241 a
521 1197 744 1254 Patribus3
767 1197 877 1241 sicut
912 1196 966 1240 de
989 1197 1209 1240 Abraham
1232 1198 1440 1256 scriptum
1479 1207 1563 1251 est⁷
1603 1197 1725 1257 quod

339 1267 581 1312 adoraverit
603 1267 714 1310 filios
732 1267 844 1311 Chet
859 1269 889 1309 ¹.
916 1269 1033 1320 Quos
1064 1276 1209 1311 autem
1232 1267 1348 1311 dicat
1368 1276 1724 1320 γραμματωισαγωγεῖς

342 1346 436 1397 post
452 1336 727 1391 decuriones,
752 1352 842 1380 non
858 1335 984 1380 facile
1005 1336 1101 1380 sciri
1122 1346 1264 1396 potest
1284 1356 1293 1381 :
1319 1337 1529 1397 quoniam
1546 1338 1628 1381 hoc
1647 1352 1724 1381 no-

340 1422 440 1453 men
467 1406 637 1451 innullo
660 1422 742 1450 usu
763 1406 997 1460 habemus,
1028 1405 1098 1450 vel
1126 1407 1370 1451 officiorum
1385 1441 1395 1460 ‚
1431 1406 1502 1450 vel
1524 1406 1726 1464 magiste-

341 1478 518 1521 riorum.
544 1479 652 1521 Nam
675 1476 855 1535 quidam
880 1495 902 1518 ‹<
938 1475 1136 1520 doctores
1169 1494 1188 1516 »
1228 1477 1497 1535 interpretati
1527 1486 1652 1531 sunt,
1677 1486 1726 1520 ut

340 1547 640 1606 intelligantur
661 1548 814 1607 utique
834 1546 1106 1603 litterarum,
1132 1547 1209 1607 qui
1226 1548 1510 1591 introducant
1531 1548 1577 1590 in
1608 1547 1726 1591 litte-

341 1635 406 1663 ras
424 1654 435 1673 ,
471 1618 582 1662 sicut
615 1627 787 1662 resonat
815 1632 1006 1676 graecum
1029 1616 1310 1661 vocabulum.
1338 1617 1419 1661 Hic
1441 1632 1543 1661 sane
1564 1617 1727 1675 signifi-

340 1698 465 1734 catur
481 1689 601 1749 quod
623 1699 722 1733 ante
736 1692 897 1746 Legem
919 1688 1065 1733 datam
1081 1688 1318 1732 habuerint
1333 1688 1506 1731 Hebraei
1527 1686 1692 1732 litteras
1714 1708 1722 1732 :

340 1775 440 1819 quae
462 1758 639 1819 quando
655 1760 869 1818 coeperint
887 1774 975 1802 esse
991 1793 1002 1811 ‚
1023 1758 1165 1802 nescio
1182 1767 1332 1802 utrum
1352 1756 1495 1801 valeat
1510 1758 1721 1815 indagari.

341 1829 571 1877 Nonnullis
601 1830 718 1873 enim
738 1829 913 1874 videtur
937 1845 959 1872 a
981 1829 1130 1888 primis
1151 1828 1401 1873 hominibus
1422 1843 1492 1871 eas
1519 1828 1722 1887 coepisse,

338 1910 382 1944 et
405 1899 636 1959 perductas
659 1915 749 1943 esse
773 1898 827 1944 ad
841 1902 948 1953 No'e',
966 1908 1095 1957 atque
1112 1898 1214 1942 inde
1229 1897 1284 1942 ad
1305 1907 1504 1956 parentes
1518 1898 1723 1951 Abrahae,

339 1980 382 2014 et
410 1970 511 2014 inde
541 1970 596 2014 ad
623 1970 837 2028 populum
861 1968 992 2012 Israel
1019 1987 1027 2012 ε
1054 1968 1129 2013 sed
1152 1967 1270 2012 unde
1296 1968 1380 2013 hoc
1396 1968 1572 2027 probari
1592 1969 1725 2027 possit

340 2043 507 2099 ignoro.

839 2136 1075 2186 QUAEsTio
1107 2138 1221 2176 Lxx.

398 2258 418 2280 «
440 2241 602 2282 Mmsts
645 2245 792 2280 autem
824 2236 935 2279 tertii
968 2237 1105 2280 exitus
1130 2235 1320 2281 filiorum
1358 2236 1490 2280 Israel
1524 2235 1578 2281 de
1611 2247 1724 2282 terra

339 2328 358 2350 >›
379 2309 557 2367 AEgypti
586 2308 666 2351 hac
689 2307 758 2350 (lie
780 2317 996 2351 venerunt
1016 2308 1061 2350 in
1082 2323 1275 2351 eremum
1308 2309 1427 2362 Sina,
1464 2317 1507 2352 ct
1536 2308 1723 2367 proiecti

340 2399 358 2419 »
379 2388 480 2422 sunt
502 2393 551 2421 ex
570 2376 826 2436 Raphidim,
853 2386 896 2420 et
917 2386 1132 2421 venerunt
1154 2377 1199 2420 in
1217 2393 1411 2421 eremum
1436 2378 1559 2432 Sina,
1577 2387 1620 2421 et
1641 2393 1722 2436 ap-

339 2468 359 2490 »
384 2449 536 2509 plicuit
560 2447 689 2492 Israel
712 2447 772 2491 ibi
794 2457 943 2491 contra
964 2457 1181 2503 montem,
1207 2457 1250 2491 et
1272 2451 1442 2505 Moyses
1461 2448 1655 2492 ascendit
1676 2449 1721 2491 in

339 2539 358 2561 »
383 2528 578 2564 montem
594 2519 688 2574 Dei,
709 2528 752 2562 et
772 2519 941 2563 vocavit
958 2533 1058 2562 eum
1081 2518 1287 2563 Dominus
1305 2517 1359 2562 de
1382 2528 1529 2563 monte
1550 2517 1715 2573 dicens,

386 2622 394 2637 ¹
416 2617 496 2648 Gen.
512 2625 597 2655 xxiii,
616 2625 647 2657 7.
664 2630 705 2637 —-
730 2620 741 2637 ²
758 2614 854 2646 Exod.
876 2624 941 2653 xix,
962 2613 1034 2644 1-3.

1858 1488 1872 1530 di
