1872 3267
390 279 653 315 QL'AEs‘rionEs
687 280 731 305 m
764 279 956 314 JLDntES,
995 279 1074 303 11113.
1113 278 1188 302 wi.
1404 264 1485 301 595

581 414 820 463 QUAESTIO
852 414 1004 452 XLVII.

168 559 188 582 «
210 542 275 584 ET
293 539 477 583 surrexit
499 547 597 598 post
611 538 885 593 Abimelecb,
904 539 979 598 qui
1000 537 1165 582 salvum
1183 537 1345 580 faceret
1363 534 1495 580 Israel

108 629 128 652 »
166 609 302 654 Thola
321 609 434 653 filius
448 609 586 663 Phua,
602 607 714 653 filius
726 609 856 668 patris
867 609 1010 652 fratris
1024 608 1131 667 ejus,
1144 607 1208 650 vir
1226 607 1452 650 Issacliar1.
1469 624 1490 647 »

106 681 266 727 Filium
286 680 430 741 patrui
448 682 561 741 ejus,
589 680 710 736 dixit,
733 700 752 721 «
771 680 930 724 Filium
953 680 1085 740 patris
1108 678 1249 723 fratris
1271 679 1378 738 ejus,
1396 693 1498 722 cum

107 752 346 798 ordinatius
383 761 426 796 et
457 751 656 795 usitatius
703 762 833 812 atque
866 752 1056 812 apertius
1089 750 1321 805 diceretur,
1356 748 1496 793 filiu-m

107 824 250 870 fratris
274 823 405 884 patris
428 823 518 884 ejus
544 843 552 867 z
578 822 691 866 filius
715 823 831 867 enim
855 832 946 867 crat
967 823 1110 883 patrui
1133 824 1246 883 ejus⁷
1271 822 1384 866 sicut
1404 820 1497 865 evi-

109 895 282 941 dentius
304 895 349 940 in
369 911 418 939 ea
435 895 813 954 interpretatione,
834 911 933 955 quae
951 911 1000 938 ex
1017 895 1195 939 hebraeo
1217 903 1302 949 est,
1327 893 1500 937 inveni-

109 978 196 1013 tur.
222 970 321 1012 Non
343 982 444 1025 ergo
467 967 588 1027 quod
620 966 785 1010 dictum
810 976 899 1021 est,
929 986 949 1009 «
976 966 1110 1010 Patris
1133 964 1275 1010 fratris
1291 999 1302 1019 ,
1326 983 1345 1005 »
1368 964 1422 1008 ab
1444 978 1496 1007 eo

109 1039 377 1084 declinatum
396 1048 460 1082 est
486 1036 607 1098 quod
633 1047 696 1082 est
726 1038 771 1081 in
793 1037 1061 1081 nominativo
1084 1046 1207 1096 pater
1235 1035 1398 1089 fratris,
1424 1033 1501 1078 sed

110 1111 166 1156 ab
198 1127 250 1155 eo
272 1109 393 1171 quod
419 1119 482 1154 est
504 1110 636 1170 patris
658 1109 806 1164 frater,
831 1110 915 1154 hoc
944 1119 1007 1152 est
1028 1108 1143 1152 enim
1168 1117 1364 1168 patruus.
1393 1109 1505 1151 Nam

110 1182 200 1226 sive
222 1191 411 1241 ponatur
425 1181 471 1224 in
489 1181 772 1236 nominativo,
794 1181 865 1225 hic
887 1189 1010 1240 pater
1028 1178 1184 1234 fratris,
1206 1180 1294 1224 sive
1313 1187 1502 1238 ponatur

110 1254 182 1298 hic
205 1254 336 1314 patris
357 1252 506 1308 frater,
538 1253 776 1311 genitivum
800 1251 903 1297 facit
923 1253 1054 1313 hujus
1077 1251 1209 1311 patris
1234 1250 1390 1294 [ratris.
1417 1252 1505 1293 Ve0

113 1340 211 1368 rum
235 1323 367 1368 altera
392 1324 529 1368 oritur
557 1324 741 1383 quaestio
757 1359 768 1377 ,
794 1323 1018 1383 quomodo
1042 1321 1174 1366 fuerit
1195 1332 1375 1382 patruus
1399 1320 1507 1365 Abi-

112 1395 279 1439 melecb
304 1414 323 1437 «
347 1395 423 1439 Vir
441 1395 650 1448 Issachar,
670 1413 689 1434 »
712 1392 758 1437 id
780 1403 858 1448 est,
878 1393 943 1437 vir
965 1393 1019 1437 de
1042 1394 1159 1437 tribu
1180 1393 1389 1447 Issachar⁷
1406 1408 1508 1436 cum

112 1465 369 1511 Abimelech
391 1475 560 1525 patrem
577 1464 781 1508 habuerit
798 1465 993 1519 cheon,
1019 1465 1094 1524 qui
1112 1463 1291 1508 Gedeon
1312 1463 1366 1508 de
1389 1463 1510 1507 tribu

113 1537 200 1582 suit
220 1540 431 1582 Manasse.
453 1534 685 1590 Quomodo
703 1552 805 1595 ergo
828 1537 950 1580 Phua
973 1546 1016 1580 et
1033 1535 1214 1581 Gedeon
1235 1534 1388 1580 fratres
1411 1534 1509 1579 fue-

114 1618 234 1664 runt,
259 1618 308 1652 ut
330 1608 462 1668 possit
481 1623 570 1652 esse
588 1608 710 1651 Phua
728 1617 907 1667 patruus
930 1606 1200 1662 Abimelech,
1222 1608 1344 1667 cujus
1362 1606 1509 1666 patrui

115 1679 230 1724 filius
249 1678 385 1723 Tliola
402 1678 669 1733 succederet,
687 1678 925 1723 secundum
949 1679 1075 1722 istam
1098 1679 1408 1732 narrationem,
1430 1676 1511 1736 ipsi

115 1749 404 1796 AbimelechP
424 1753 668 1794 Potuerunt
686 1765 788 1809 ergo
804 1749 983 1794 Gedeon
1000 1759 1042 1793 et
1061 1750 1182 1794 Phua
1202 1764 1334 1793 unam
1353 1748 1515 1792 habere

116 1832 325 1877 matrem,
351 1837 403 1865 ex
424 1837 510 1882 qua
546 1820 722 1865 diversis
750 1820 947 1880 patribus
969 1830 1266 1875 nascerentur,
1292 1829 1337 1863 et
1358 1818 1513 1863 fratres

118 1903 260 1938 essent
280 1893 410 1937 unius
432 1893 579 1937 matris
602 1892 701 1948 filii,
728 1909 817 1937 non
841 1893 970 1937 unius
988 1893 1136 1953 patris.
1164 1892 1374 1937 Solebant
1391 1891 1510 1935 enim

119 1965 286 2010 nubere
309 1962 502 2007 foeminae
525 1962 579 2006 de
602 1963 693 2006 aliis
720 1964 921 2008 tribubus
946 1965 989 2008 in
1015 1964 1118 2008 alias
1143 1964 1296 2008 tribus.
1325 1962 1450 2007 Unde
1472 1971 1516 2006 et

123 2034 225 2081 Saiil
248 2050 349 2079 cum
372 2043 481 2078 esset
499 2033 553 2077 de
575 2033 693 2077 tribu
711 2036 936 2095 Benjamin
951 2071 962 2090 ,
983 2034 1103 2079 dedit
1126 2035 1261 2079 filiam
1283 2049 1405 2078 suam
1424 2037 1510 2078 Da-

120 2105 194 2152 vid
212 2105 378 2150 homini
393 2105 448 2149 de
462 2105 582 2149 tribu
597 2107 620 2148 J
627 2104 725 2148 uda.
742 2108 796 2149 Et
809 2105 1007 2150 sacerdos
1024 2109 1047 2150 J
1053 2105 1197 2160 o'i'ade,
1209 2106 1362 2166 utique
1380 2105 1513 2148 homo

123 2177 177 2222 de
201 2178 318 2221 tribu
342 2177 467 2231 Levi,
495 2176 619 2220 duxit
638 2175 770 2220 filiam
788 2180 936 2222 Joram
954 2179 1079 2237 regis,
1106 2178 1293 2222 hominis
1316 2177 1371 2220 de
1394 2176 1514 2220 tribu

124 2249 280 2293 Juda‘2,
308 2248 421 2292 Hinc
450 2247 614 2292 factum
634 2255 718 2302 est,
739 2257 788 2291 ut
805 2248 1027 2293 Elisabeth
1047 2258 1090 2292 et
1107 2248 1291 2293 Mariam
1309 2256 1515 2306 cognatas

126 2319 171 2363 in
200 2318 436 2376 Evangelio
464 2317 680 2377 legamus,
715 2334 812 2362 cum
847 2318 979 2364 fuerit
1004 2320 1227 2364 Elisabeth
1261 2318 1315 2362 de
1344 2318 1519 2362 filiabus

126 2391 312 2435 Aaron-⁹³.
336 2393 399 2434 Ex
416 2405 504 2449 quo
521 2387 778 2447 intelligitur
793 2389 848 2432 de
866 2390 983 2434 tribu
1001 2391 1106 2435 Levi
1124 2399 1166 2434 et
1183 2390 1356 2434 filiabus
1373 2393 1520 2434 Aaron

127 2460 317 2522 aliquam
344 2460 539 2520 nupsisse
571 2459 617 2504 in
646 2459 811 2503 tribum
843 2463 867 2504 J
874 2459 982 2517 uda,
1016 2460 1136 2505 unde
1162 2461 1222 2505 ita
1255 2461 1379 2505 fieret
1408 2460 1522 2505 inter

371 2540 389 2549 a

179 2577 187 2593 ¹
219 2570 323 2603 Judic.
356 2581 395 2610 x,
427 2581 455 2600 1.
487 2585 530 2591 —-
559 2575 571 2590 ²
609 2580 621 2600 1
653 2571 730 2610 Reg.
769 2579 873 2610 xvm,
903 2579 1022 2611 ¹7·213
1051 2574 1085 2602 et
1113 2581 1131 2603 2
1158 2570 1259 2603 Paral.
1285 2582 1371 2613 xxii,
1410 2585 1459 2607 ιι.
1485 2581 1517 2607 ct

129 2635 218 2668 seqq.
236 2643 275 2648 ——
291 2624 304 2648 3
323 2627 398 2657 Luc.
414 2637 436 2666 1,
457 2624 509 2655 35.

1321 2683 1385 2722 38.
