1872 3267
397 218 482 264 ³2:30
746 242 747 246 =
816 228 850 264 s.
888 229 1117 266 incusam}
1151 230 1333 264 nmscoffi

394 301 504 345 Ovis·
520 294 635 343 enim
660 298 879 343 transferri
905 299 1080 356 debuit,
1112 300 1214 361 quia
1242 311 1406 359 graecus
1435 307 1589 354 npo'eam
1609 301 1742 346 habet
1758 335 1770 357 ‚

393 370 470 416 sed
491 378 645 425 aptam-2
666 371 712 414 in
736 379 874 429 graeca
906 370 1052 429 lingua
1079 372 1246 431 generis
1278 372 1421 415 neutri
1442 379 1529 426 est,
1554 380 1597 416 et
1618 379 1775 432 petuo-a

395 447 500 487 runt
521 449 621 503 quae
646 443 1057 502 sequuntur-omnia
1083 443 1341 497 convenire,
1367 451 1576 502 tanquam
1598 437 1632 487 si
1653 442 1775 488 dice-

396 522 463 558 ret
481 529 489 554 ε
514 531 534 555 «
553 515 689 557 Pecus
706 511 948 572 perfectum
969 513 1210 558 masculum
1228 511 1481 557 anniculum
1498 512 1579 557 erit
1593 512 1731 557 vohis.
1750 531 1773 554 n

395 573 543 629 Potuit
565 582 681 627 enim
701 582 835 626 latine
856 581 940 626 dici
965 592 975 623 ἐ
999 583 1240 628 Masculum
1273 597 1433 643 pecus3
1457 582 1678 643 quomodo
1707 581 1778 627 dias

394 662 556 706 cuntur
569 653 757 698 mascula
772 654 915 710 thura,
933 647 1088 713 genere
1101 663 1280 712 neutro3
1299 655 1388 699 ovis
1403 660 1547 699 autem
1559 653 1780 699 masculus

395 726 481 771 dici
497 741 587 770 non
607 732 772 785 posset,
792 725 893 785 quia
918 724 1135 769 foeminini
1157 726 1322 784 generis
1342 733 1407 769 est
1423 725 1528 770 ovis.
1556 728 1666 769 Item
1686 725 1776 770 ovis

395 795 585 842 mascula
600 795 633 840 si
655 794 888 851 diceretur,
911 804 1020 839 esset
1042 795 1284 841 absurdius⁵
1305 799 1442 841 Pecus
1458 808 1561 840 vero
1582 796 1616 839 si
1635 809 1793 856 pone-N

395 877 530 923 retur,
565 867 695 910 etiam
729 865 850 910 aliud
882 865 1221 925 intelligeretur3
1245 880 1326 911 nec
1361 871 1602 911 servaretur
1633 878 1778 911 sacra-

395 947 610 993 mentum,
629 936 751 998 quod
766 951 867 981 cum
886 937 1106 997 Scriptura
1122 936 1176 982 de
1193 953 1272 983 ove
1287 937 1507 998 loquatur,
1527 947 1625 997 post
1645 936 1772 982 dicit:
1818 939 1822 989 ξ

400 1029 421 1051 «
455 1009 524 1054 Ab
540 1008 659 1068 agnis
676 1017 719 1052 et
739 1005 882 1052 hoedis
899 1007 1116 1067 accipietis
1137 1006 1289 1052 illud¹.
1309 1027 1328 1050 »
1353 1010 1450 1061 Qua
1464 1008 1509 1052 in
1523 1023 1568 1052 re
1582 1008 1778 1053 Christus
1817 991 1821 1083 J

395 1076 626 1141 significari
653 1079 808 1123 merito
840 1079 1064 1139 accipitur.
1097 1080 1216 1133 Quid
1241 1080 1359 1124 enim
1389 1095 1499 1140 opus
1529 1088 1621 1124 erat
1652 1095 1778 1125 ovem

394 1151 464 1197 vel
491 1165 653 1210 agnum
686 1150 741 1194 ab
769 1150 889 1209 agnis
914 1158 966 1212 et
985 1150 1125 1194 hoedis
1154 1150 1455 1210 accipiendum
1477 1151 1667 1206 moneri,
1697 1151 1779 1195 nisi
1822 1202 1825 1206 ᾗ

395 1223 672 1281 figuraretur,
698 1223 821 1282 cujus
843 1233 942 1266 caro
972 1233 1061 1265 non
1083 1220 1224 1266 solum
1241 1234 1291 1265 ex
1306 1221 1431 1283 justis
1449 1257 1460 1277 ‚
1492 1223 1778 1268 verumetiam
1814 1223 1818 1289 j
1860 1238 1864 1250 ¹

394 1304 445 1338 ex
465 1289 765 1352 peccatoribus
786 1298 1021 1352 propagata
1043 1294 1135 1336 est?
1163 1295 1427 1352 Quanquam
1448 1300 1663 1336 conentur
1697 1295 1781 1336 Jua
1813 1297 1822 1358 ξ

395 1364 479 1409 daei
491 1363 621 1407 etiam
632 1361 815 1406 hoedum
832 1361 1072 1420 intelligere
1084 1361 1384 1421 accipiendum
1401 1362 1456 1406 ad
1468 1357 1781 1407 celebrandurn

395 1434 559 1480 Pascha
576 1469 586 1489 ‚
611 1436 655 1477 et
677 1433 760 1477 hoc
783 1441 872 1476 esse
895 1431 1062 1477 dictu-m
1083 1438 1267 1492 putant:
1297 1451 1318 1474 «
1336 1432 1404 1476 Ab
1425 1432 1545 1492 agnis
1567 1441 1610 1477 et
1636 1428 1783 1478 hoedis
1811 1447 1815 1494 Ι

398 1523 420 1547 »
454 1505 647 1564 accipere
663 1539 673 1559 ‚
700 1521 721 1545 »
746 1513 955 1564 tanquam
978 1503 1163 1559 diceret,
1188 1502 1258 1547 vel
1279 1503 1334 1547 ab
1357 1503 1476 1562 agnis
1498 1514 1684 1563 agnum,
1709 1503 1780 1549 vel
1816 1505 1818 1508 ’

396 1576 451 1620 ab
472 1575 614 1620 hoedis
636 1574 841 1630 hoedum,
870 1575 903 1618 si
925 1573 1037 1618 illud
1057 1573 1194 1630 desit,
1217 1574 1329 1618 sumi
1352 1583 1551 1633 oportere
1569 1595 1577 1618 :
1600 1584 1780 1634 apparet

395 1655 543 1690 tamen
562 1646 608 1688 in
628 1645 801 1691 Christo
821 1645 951 1689 rebus
973 1643 1160 1704 impletis
1180 1643 1287 1704 quid
1310 1643 1384 1689 illo
1401 1653 1620 1705 praecepto
1643 1644 1778 1690 fuerit
1808 1653 1815 1711 j

397 1717 648 1775 figuratum.
699 1722 701 1724 '
1807 1730 1809 1734 ⁴

888 1807 1123 1860 QUAESTIO
1154 1811 1288 1851 XLIII.

456 1917 583 1967 Quoi)
602 1913 813 1973 scriptum
834 1921 899 1956 est
923 1931 932 1957 ε
963 1930 983 1954 κ
1006 1915 1064 1956 Et
1086 1910 1248 1956 facietis
1269 1910 1387 1956 diem
1412 1912 1532 1957 hunc
1554 1912 1601 1956 in
1622 1927 1785 1972 proge-:

399 1999 420 2027 >s
455 1985 547 2029 nies
563 1993 723 2029 vestras
738 1983 983 2042 legitimum
997 1986 1253 2037 aeternum2‚
1276 2000 1296 2024 »
1317 1984 1402 2038 vel,
1426 2001 1448 2026 «
1466 1982 1734 2039 aeternalem,
1754 2002 1780 2026 »τ
1803 1999 1827 2019 ν

396 2055 518 2118 quod
545 2070 683 2114 graece
706 2054 864 2099 dicitur
885 2061 1026 2109 αἰώνιον,
1048 2068 1138 2098 non
1159 2054 1217 2098 sic
1240 2053 1544 2113 accipiendum
1565 2063 1655 2110 est,
1687 2064 1781 2100 tan·
1802 2066 1824 2088 ἱ»

396 2143 529 2188 quam
554 2127 685 2187 possit
706 2127 887 2170 istorum
909 2126 1266 2185 praetereuntium
1288 2125 1378 2169 dies
1400 2140 1490 2169 esse
1505 2125 1622 2170 ull-us
1650 2136 1781 2171 aeter-

396 2214 478 2243 nus
507 2218 515 2242 :
541 2197 615 2241 sed
646 2197 755 2241 illud
784 2206 997 2241 aeternum
1027 2206 1112 2252 est,
1153 2196 1274 2257 quod
1304 2197 1383 2241 iste
1411 2197 1623 2256 significat
1650 2197 1740 2242 dies
1766 2217 1775 2242 :
1800 2223 1827 2258 ;⁷

397 2267 519 2313 velut
534 2283 635 2311 cum
651 2267 832 2311 dicimus
848 2267 990 2326 ipsum
1008 2270 1146 2311 Deum
1164 2277 1391 2322 aeternum,
1407 2283 1496 2311 non
1512 2267 1664 2328 utique
1680 2267 1779 2311 istas
1798 2326 1801 2335 ¹
1824 2284 1827 2296 ³

396 2339 504 2383 duas
520 2337 706 2396 syllabas
719 2347 899 2381 aeternas
917 2337 1116 2394 dicimus,
1134 2338 1208 2382 sed
1220 2338 1340 2398 quod
1357 2337 1614 2396 significant.
1632 2340 1778 2391 Quan-

396 2415 530 2471 quam
564 2407 794 2467 diligenter
842 2409 1127 2453 scrutandum
1170 2409 1223 2453 sit
1240 2445 1251 2464 ‚
1290 2408 1516 2469 quomodo
1558 2406 1776 2468 appellare¹
1796 2390 1800 2444 ‚¹

401 2480 621 2540 Scriptura
641 2478 775 2523 soleat
803 2487 1036 2535 aeternum,
1062 2495 1117 2524 ne
1137 2479 1250 2525 forte
1272 2479 1330 2524 ita
1351 2479 1506 2524 dixerit
1526 2478 1776 2525 solemniter
1795 2520 1797 2525 ,

451 2582 459 2598 ¹
482 2576 578 2608 Exod.
606 2586 660 2615 xn,
681 2575 711 2607 5,
734 2592 775 2597 —
795 2581 808 2597 ²
827 2575 907 2607 Ibid.
934 2574 984 2617 14.
