1872 3267
354 294 619 335 QUAEsTioNEs
653 299 696 325 m
728 295 944 334 GENEsiM,
981 297 1062 324 mn.
1102 298 1130 323 1.
1349 285 1430 323 177

50 379 166 424 reges
188 365 328 409 Edom
351 371 717 409 commemoratur
748 361 874 406 Balac
904 361 1017 406 filius
1040 364 1150 406 Beor
1166 364 1197 416 ¹,
1233 369 1276 406 et
1297 360 1352 406 de
1374 361 1433 406 si·-

1 455 3 459 ·
49 434 292 481 militudine
308 436 493 481 nominis
510 435 722 479 existimet
740 433 866 478 illum
882 449 970 478 csse
992 432 1119 478 Balac
1133 436 1166 487 ²,
1183 433 1260 493 qui
1279 433 1435 478 restitit

2 495 3 503 ἵ
52 507 188 565 Moysi
211 505 390 551 ducenti
414 505 626 566 populum
651 503 806 550 Israel:
833 505 938 550 sciat
959 503 1084 548 illum
1106 502 1235 548 Balac
1266 504 1438 549 Moabi-

55 588 138 624 tam
156 576 309 632 fuisse,
334 593 422 621 non
447 576 690 621 Idumaeum
707 611 717 631 ,
741 591 930 637 eumque
944 575 1073 619 fuisse
1094 574 1233 618 filium
1252 576 1434 634 Sephor,

54 665 141 694 non
163 647 298 692 filium
332 651 439 692 Bcor
467 668 474 693 :
506 647 583 692 sed
605 648 736 692 fuisse
768 647 897 692 etiam
927 647 988 690 ibi
1018 655 1123 690 tunc
1156 645 1296 690 filium
1330 649 1441 690 Beor

54 719 240 774 Balaam,
260 735 349 764 non
367 718 518 772 Balac,
539 734 671 780 quem
689 717 862 762 Balaam
885 716 1153 763 conduxerat
1169 716 1288 760 idem
1310 716 1439 762 Balac

55 789 109 836 ad
128 789 474 835 maledicendum
496 790 712 851 populum
731 788 877 834 Isra'cl.

539 897 776 949 QUAEs'rlo
808 900 962 939 cxxii.

114 1006 331 1056 Quomono
356 1000 545 1061 potuerit
565 1016 680 1045 mors
705 1003 822 1045 Isaac
840 1035 850 1055 ‚
877 999 1028 1043 decem
1052 1010 1095 1043 et
1116 1009 1279 1059 septem
1305 1015 1444 1044 anno—

60 1087 154 1116 rum
170 1071 364 1116 invenire
388 1071 548 1131 Joseph
570 1072 661 1131 ejus
684 1079 889 1130 nepotem
907 1070 1019 1114 sicut
1041 1069 1215 1114 videtur
1237 1079 1445 1130 tanquam

59 1159 109 1187 ex
126 1142 278 1187 ordine
300 1142 520 1202 Scriptura
539 1157 712 1185 narrare
722 1145 753 1196 ²⁵,
771 1156 1052 1201 quocumque
1068 1156 1111 1183 se
1129 1140 1315 1201 quisque
1338 1156 1446 1185 con-

61 1223 196 1258 vertat
215 1249 225 1268 ‚
249 1213 442 1258 invenire
469 1212 646 1257 difficile
669 1221 745 1256 est.
778 1211 888 1257 Nolo
905 1211 1021 1255 enim
1045 1209 1187 1256 dicere
1216 1228 1305 1256 non
1327 1228 1449 1272 posse

62 1284 258 1338 inveniri,
278 1300 332 1327 ne
354 1282 468 1328 forte
483 1298 553 1326 me
572 1282 712 1341 fugiat
727 1280 848 1342 quod
866 1280 999 1326 alium
1018 1297 1108 1326 non
1121 1281 1249 1341 fugit,
1274 1282 1315 1327 Si
1334 1283 1450 1326 enim

62 1364 158 1415 post
176 1363 357 1399 mortem
380 1354 526 1399 avisui
550 1357 665 1397 Isaac
680 1388 691 1408 ,
713 1353 864 1397 decem
881 1362 924 1397 et
941 1362 1107 1413 septem
1130 1369 1345 1398 annorum
1368 1353 1453 1398 fuit

12 1437 13 1462 1
64 1426 222 1485 Joseph
257 1422 435 1486 quando
473 1439 572 1468 eum
601 1423 753 1468 fratres
787 1423 831 1467 in
860 1427 1103 1484 AEgyptum
1133 1423 1449 1480 vendiderunt,

64 1496 214 1556 procul
243 1495 380 1540 dubio
414 1505 458 1540 ct
485 1504 608 1555 pater
638 1497 729 1556 ejus
761 1495 897 1540 Jacob
926 1495 1306 1554 septimo—decimo
1334 1512 1449 1541 anno

64 1567 140 1612 filii
158 1567 223 1612 sui
246 1567 406 1626 Joseph
424 1566 782 1624 centum-viginti
800 1582 1015 1610 annorum
1035 1566 1133 1610 fuit.
1159 1568 1321 1611 Genuit
1335 1568 1453 1612 enim

15 1663 16 1669 =
66 1653 138 1682 eos
158 1641 274 1681 Isaac
287 1651 388 1681 cum
405 1646 514 1680 esset
529 1652 745 1686 annorum
758 1637 994 1694 sexaginta,
1007 1637 1119 1682 sicut
1135 1638 1345 1697 scriptum
1366 1647 1452 1683 est:

67 1708 170 1752 vixit
199 1723 299 1766 ergo
332 1710 449 1751 Isaac
481 1716 628 1767 postea
657 1709 1039 1766 centum-viginti,
1077 1710 1181 1770 quia
1202 1710 1458 1754 centesimo-

70 1777 331 1837 octogesimo
360 1786 558 1821 mortuus
588 1778 675 1822 est⁴
707 1798 714 1822 2
749 1777 911 1822 idcirco
935 1777 1097 1823 dimisit
1124 1779 1232 1823 filios
1254 1789 1458 1824 centum-

71 1849 219 1908 viginti
243 1864 377 1892 annos
399 1849 609 1893 habentes
627 1858 669 1893 et
688 1852 710 1893 J
716 1850 849 1909 osepb
869 1849 1018 1893 decem
1034 1859 1077 1894 et
1094 1860 1275 1909 septem.
1298 1853 1460 1911 Joseph

74 1932 216 1965 autem
238 1919 446 1980 quoniam
470 1920 648 1979 triginta
671 1936 887 1964 annorum
910 1919 994 1964 fuit
1009 1956 1019 1976 ‚
1052 1921 1230 1981 quando
1259 1923 1461 1982 apparuit

75 1991 118 2034 in
146 1999 381 2050 conspectu
409 1991 643 2035 Pharaonis
661 2026 671 2046 ‚
698 1991 835 2035 secuti
861 2001 963 2036 sunt
994 2000 1139 2036 autem
1171 2002 1336 2052 septem
1358 1992 1463 2036 anni

76 2061 283 2106 ubertatis
301 2070 344 2105 et
365 2061 455 2106 duo
478 2060 624 2117 famis,
651 2061 791 2108 donec
805 2061 861 2107 ad
883 2078 982 2106 eum
999 2072 1122 2122 pater
1133 2078 1234 2107 cum
1255 2063 1463 2108 fratribus

77 2132 209 2186 venit,
223 2132 579 2191 triginta—novem
592 2132 788 2192 profecto
797 2149 933 2178 annos
946 2134 1101 2193 agebat
1109 2137 1132 2178 J
1137 2135 1269 2194 oseph
1285 2135 1464 2195 quando

79 2203 211 2247 Jacob
238 2203 416 2247 intravit
442 2203 486 2247 in
516 2206 800 2264 AEgyptum5.
834 2207 957 2249 Tunc
979 2214 1126 2249 autem
1156 2204 1272 2249 idem
1299 2206 1462 2261 Jacob,

81 2274 199 2334 quod
222 2290 294 2318 ore
316 2290 395 2319 suo
418 2275 633 2319 Pharaoni
665 2275 791 2330 dicit,
817 2276 1105 2320 centesimum
1133 2286 1177 2321 et
1199 2277 1467 2335 trigesimum

83 2360 244 2389 annum
278 2345 431 2404 agebat
463 2346 629 2403 aetatis3
664 2355 842 2390 centum
874 2355 1021 2391 autem
1044 2356 1087 2391 et
1114 2347 1267 2407 viginti
1297 2349 1464 2403 Jacob,

85 2415 256 2475 quando
277 2425 370 2460 erat
391 2415 542 2461 decem
575 2425 618 2461 ct
643 2427 808 2477 septem
834 2419 996 2478 Joseph
1019 2438 1026 2463 :
1052 2419 1172 2479 quod
1199 2435 1352 2464 verum
1380 2436 1469 2464 esse

86 2484 205 2530 nullo
232 2487 364 2531 modo
392 2497 548 2547 potest.
589 2487 632 2533 Si
665 2488 781 2532 enim
808 2488 1188 2548 septimo-decimo
1219 2506 1334 2534 anno
1369 2490 1469 2535 vitae

135 2588 142 2604 ¹
160 2584 238 2615 Gen.
261 2593 353 2615 xxxvi
370 2608 378 2624 ‚
399 2582 451 2616 3¹2.
476 2601 518 2607 --
542 2591 554 2606 ²
570 2584 667 2617 Num.
688 2596 772 2627 xxii,
793 2594 824 2617 2.
847 2602 889 2608 —
905 2583 918 2608 3
937 2587 1015 2619 Gen.
1038 2597 1140 2628 xxxv,
1157 2587 1221 2628 28,
1238 2592 1272 2619 ct
1290 2599 1415 2629 xxxvii,
1435 2599 1468 2622 2.

92 2635 225 2670 —41d.
248 2648 322 2678 xxv,
339 2637 395 2671 ¹26.
415 2656 456 2662 -—-
470 2637 485 2662 5
505 2640 551 2673 m.
579 2651 681 2681 nvn,
705 2651 737 2683 9.

279 2702 402 2733 exui.
1270 2698 1315 2737 1⁹

1293 2726 1315 2738 A
