1872 3267
414 336 498 376 390
855 348 888 376 ε.
925 348 1155 378 ΑυθυεΤῙΝῙ
1188 351 1371 378 EPISCOPI

409 431 430 454 »
465 420 631 456 tactum
647 421 812 472 septem
829 412 943 458 dies:
962 423 1005 458 et
1024 413 1190 459 videbit
1207 414 1406 459 sacerdos
1425 423 1592 460 tactum
1609 414 1681 460 die
1695 431 1794 476 sep-

408 501 429 524 »
463 483 613 538 tim01‚
632 501 652 524 »
673 481 720 527 id
741 492 819 539 est,
839 482 958 528 illam
980 485 1196 529 maculam
1215 505 1222 530 ε
1249 504 1268 527 «
1294 488 1352 529 Et
1371 500 1471 530 ecce
1486 494 1626 530 tactus
1646 495 1795 530 manet

406 571 427 595 n
464 562 563 597 ante
580 568 705 611 eum3
725 569 815 598 non
830 564 1122 600 commutatus
1139 565 1203 601 est
1223 565 1365 601 tactus
1386 556 1432 600 in
1453 566 1554 601 cute
1568 592 1579 612 ‚
1601 575 1622 598 »
1642 555 1690 601 id
1710 565 1790 612 est,

404 640 494 668 non
515 633 578 668 est
595 623 780 669 discolor
802 634 845 669 ct
866 624 1082 671 dissimilis
1107 627 1310 672 inventus
1331 643 1354 672 a
1377 636 1493 672 cute.
1525 631 1640 686 Ergo
1666 643 1793 672 sana-

404 704 499 740 tum
527 705 590 739 est
624 696 742 756 quod
776 696 979 740 vitiosum
1015 709 1108 742 erat
1139 717 1148 742 :
1183 699 1259 743 sed
1289 692 1439 743 adhuc'
1461 698 1589 759 jubet
1619 698 1793 758 probari

404 765 602 810 eamdem
623 766 851 810 sanitatem
873 782 951 826 per
982 767 1098 812 alios»
1116 778 1282 828 septem
1312 768 1403 813 dies
1419 804 1430 824 ‚
1462 778 1592 829 atque
1613 768 1711 813 ideo
1731 784 1794 813 se·
1848 787 1852 826 ;

402 837 554 897 quitur
574 845 618 880 et
639 835 766 881 dicit:
787 855 807 878 «
825 839 882 882 Et
899 839 1137 897 segregabit
1157 838 1285 883 illum
1306 839 1503 884 sacerdos
1523 848 1688 899 septem
1702 839 1792 884 dies

405 926 426 950 »
460 908 506 952 in
537 908 751 964 secundo,
778 927 798 950 »
824 908 870 953 id
899 919 983 966 est,
1016 920 1181 970 septem
1209 910 1314 955 alios
1345 910 1436 955 dies
1461 927 1471 953 τ
1500 930 1521 953 «
1544 913 1602 955 Et
1627 909 1792 956 videbit

404 996 425 1020 n
461 978 586 1022 illum
602 978 800 1024 sacerdos
817 980 886 1024 die
904 981 1087 1041 septimo
1103 981 1148 1025 in
1165 980 1357 1027 secundo
1375 1001 1383 1026 :
1406 991 1449 1026 et
1465 997 1564 1026 ecce
1581 981 1792 1026 obscurus
1846 1010 1847 1015 =

404 1068 425 1092 »
462 1060 602 1095 tactus
612 1054 644 1106 2,
674 1069 693 1093 n
726 1051 773 1095 id
800 1061 888 1107 est,
920 1053 1022 1113 quia
1055 1068 1145 1097 non
1174 1052 1300 1097 albus
1334 1062 1377 1097 et
1411 1052 1581 1097 lucidus
1596 1088 1607 1108 ‚
1644 1068 1694 1097 ac
1714 1068 1792 1112 per

400 1122 485 1166 hoc
503 1121 707 1166 concolor
728 1137 831 1166 sano
851 1121 985 1166 colori
1006 1143 1014 1168 z
1044 1142 1063 1165 «
1083 1125 1182 1168 Non
1211 1133 1275 1167 est
1302 1133 1495 1168 mutatus
1516 1132 1677 1178 tactus,
1699 1141 1719 1165 >1
1745 1123 1792 1167 in

400 1201 522 1247 cute,
543 1192 654 1236 sicut
669 1201 712 1235 et
728 1192 860 1251 paulo
880 1202 980 1236 ante
999 1193 1106 1237 dixit
1119 1229 1134 1249 ,
1153 1194 1238 1238 hoc
1260 1203 1324 1238 est
1340 1230 1350 1250 ‚
1375 1210 1466 1238 non
1491 1204 1555 1238 θεῖ
1576 1192 1791 1238 dissimilis

401 1280 425 1308 a
446 1272 599 1308 caetera
622 1273 750 1310 cute;
774 1282 793 1305 «
814 1266 870 1307 Et
888 1264 1094 1322 purgabit
1112 1280 1213 1308 eum
1237 1264 1450 1319 sacerdos,
1470 1283 1490 1306 »
1516 1264 1562 1308 id
1580 1273 1665 1319 est,
1689 1279 1791 1323 pur-

401 1345 547 1395 gatum
563 1334 865 1394 pronuntiabit
878 1351 902 1378 a
915 1335 1157 1394 suspicione
1170 1333 1325 1393 leprae3
1346 1350 1434 1378 non
1453 1333 1574 1394 quod
1589 1334 1790 1378 habuerit

397 1407 586 1466 lepram,
623 1421 756 1466 quam
780 1406 872 1466 jam
899 1421 990 1450 non
1026 1405 1181 1460 habet,
1217 1405 1293 1450 sed
1319 1406 1528 1466 quoniam
1558 1405 1678 1465 lepra
1700 1421 1790 1450 non
1844 1444 1846 1446 .

397 1477 483 1523 fuit
498 1514 508 1533 ‚
534 1476 654 1538 quod
671 1477 717 1520 in
740 1476 816 1521 illo
827 1476 974 1522 lucido
996 1486 1039 1521 et
1052 1476 1152 1522 albo
1170 1477 1315 1522 colore
1331 1486 1494 1532 tactus,
1519 1476 1565 1521 id
1587 1486 1676 1533 est,
1700 1493 1790 1522 ma·
1843 1507 1847 1510 -

398 1549 510 1593 culae
531 1547 646 1592 illius
666 1564 766 1609 quae
789 1557 1069 1608 apparuerat,
1095 1563 1196 1592 cum
1222 1556 1519 1607 expectaretur
1535 1555 1684 1591 utrum
1704 1547 1790 1591 hu-

397 1620 541 1664 milior
564 1619 687 1663 fieret
713 1618 835 1664 locus
852 1655 863 1675 7
889 1629 932 1663 et
955 1618 1067 1680 pilus
1088 1618 1177 1664 illic
1199 1619 1245 1663 in
1271 1617 1420 1663 album
1442 1627 1785 1675 converteretur,

397 1706 486 1735 non
510 1689 718 1749 contigit,
745 1689 820 1733 sed
841 1690 985 1749 potius
1015 1689 1088 1733 ille
1111 1698 1252 1734 tactus
1275 1690 1350 1750 qui
1380 1688 1464 1733 fuit
1489 1696 1590 1733 ante
1615 1688 1787 1733 lucidus
1825 1693 1827 1703 ¹

397 1771 441 1807 et
461 1760 584 1805 albus
601 1797 612 1815 ‚
635 1760 845 1804 obscurus
867 1760 1069 1805 inventus
1091 1769 1175 1815 est,
1195 1759 1241 1804 id
1263 1769 1347 1815 est⁷
1367 1759 1514 1803 similis
1532 1768 1688 1803 caetero
1710 1775 1786 1804 co-
1815 1754 1825 1800 ’.

396 1833 501 1887 lori,
533 1847 622 1875 non
655 1830 827 1874 lucidus
855 1849 863 1874 :
897 1846 986 1874 non
1016 1839 1106 1873 erat
1141 1845 1243 1888 ergo
1280 1829 1422 1888 lepra,
1463 1848 1482 1870 «
1510 1829 1691 1888 Signum
1723 1840 1787 1875 θεῖ

398 1919 419 1945 »
457 1903 599 1957 enim,
627 1919 646 1942 »
674 1916 763 1944 non
786 1900 926 1960 lepra,
953 1899 1073 1960 quod
1097 1899 1155 1943 sic
1178 1899 1427 1959 apparuerit
1454 1919 1463 1944 :
1489 1908 1635 1943 tamen
1655 1900 1784 1945 etiam

395 1983 574 2035 propter
590 1974 674 2017 hoc
690 1981 900 2032 purgatus
923 1988 946 2015 a
970 1971 1214 2030 suspicione
1231 1970 1364 2031 leprae
1380 2007 1390 2024 ,
1419 1990 1438 2012 α
1456 1970 1639 2015 Lavabit
1657 1972 1789 2016 vesti·
1840 2010 1841 2014 ,

399 2062 420 2086 »
454 2052 600 2087 menta
617 2058 692 2086 sua
707 2078 717 2097 ‚
743 2060 763 2083 ³>
789 2042 892 2101 quia
915 2050 958 2085 et
979 2041 1025 2085 in
1048 2041 1122 2086 illo
1144 2042 1266 2100 signo
1293 2041 1459 2102 aliquid
1474 2041 1558 2085 fuit
1575 2077 1586 2096 ‚
1611 2052 1789 2102 propter

394 2113 516 2176 quod
532 2112 717 2159 lavanda
737 2111 912 2158 fuerant
934 2113 1191 2158 vestimenta
1210 2134 1221 2171 3
1249 2131 1269 2155 «
1292 2116 1349 2157 Et
1369 2111 1562 2157 mundus
1585 2113 1679 2158 erit.
1704 2131 1724 2155 »

890 2210 1128 2262 QUAESTIO
1159 2212 1295 2251 XLVI.

456 2331 478 2358 «
502 2315 672 2358 Damna
694 2312 890 2372 sequitur
913 2330 922 2356 ι
952 2330 972 2354 «
1002 2311 1043 2356 Si
1067 2320 1213 2356 autem
1231 2324 1439 2358 conversa
1463 2321 1629 2356 mutata
1652 2311 1785 2356 fuerit

395 2405 418 2429 »
452 2385 708 2444 significatio
730 2384 775 2427 in
797 2393 897 2428 cute
912 2419 922 2438 ‚
943 2392 1227 2443 posteaquam
1246 2383 1356 2428 vidit
1372 2382 1496 2428 illum
1515 2383 1712 2428 sacerdos
1736 2392 1784 2427 ut

396 2475 417 2499 »
452 2465 657 2516 purgaret
678 2454 828 2499 illum³
853 2471 861 2495 :
890 2472 910 2495 »
937 2453 982 2498 id
1015 2462 1099 2508 θεῖ,
1134 2463 1417 2514 posteaquam
1445 2453 1553 2498 vidit
1583 2469 1683 2498 eum
1716 2469 1785 2497 sa-

393 2527 544 2572 cerdos
562 2526 744 2585 septimo
763 2524 833 2569 die
855 2525 973 2583 prius
997 2540 1151 2568 sanum
1167 2560 1177 2579 ,
1202 2534 1254 2568 ut
1273 2534 1477 2583 purgaret
1499 2524 1621 2568 illum
1641 2560 1651 2579 ‚
1682 2540 1782 2568 mu-
1805 2562 1808 2567 .
1867 2546 1868 2549 ¹

392 2607 481 2642 tata
498 2607 561 2641 est
581 2597 652 2641 ina
674 2596 927 2655 significatio
942 2631 952 2651 ‚
975 2595 1019 2639 id
1038 2605 1127 2650 cst,
1153 2595 1264 2639 illud
1281 2596 1455 2655 signum
1472 2596 1516 2639 in
1531 2604 1655 2640 cute:
1681 2613 1700 2637 «
1727 2598 1783 2638 Et

444 2700 453 2715 ¹
475 2693 578 2725 Lovit.
595 2704 649 2734 xil,
670 2692 701 2724 5.
723 2709 765 2715 -—
786 2690 900 2724 ²1bid.
920 2691 952 2724 6.
981 2708 1022 2714 —-
1042 2689 1055 2714 3
1080 2691 1162 2723 Ibid.
1185 2702 1216 2734 7.

1837 937 1844 1116 f

1833 1117 1840 1329 l
