1872 3267
401 295 482 332 192
825 302 859 330 s.
894 301 1123 331 Aucusnm
1156 304 1337 332 Emscom

398 383 517 414 mare
539 368 764 423 nituntur,
801 383 825 412 a
846 369 1098 427 parentibus
1127 369 1256 413 simul
1278 368 1439 412 animas
1462 383 1562 413 cum
1581 369 1775 428 corpori-

398 441 480 485 bus
495 439 738 500 propagari.
752 438 929 484 Animas
942 440 1058 484 enim
1075 440 1208 485 dictas
1225 456 1304 500 pro
1320 439 1571 485 hominibus
1587 461 1598 498 3
1618 457 1641 484 a
1657 449 1778 501 parte

400 520 542 556 totum
570 511 841 570 significante
874 510 1120 568 locutione,
1158 511 1305 556 nullus
1340 511 1533 569 ambigit.
1562 510 1646 556 Sed
1667 527 1779 572 quo—

400 582 532 626 modo
551 581 687 641 ipsam
710 590 877 641 partem
893 615 904 635 ,
929 596 980 624 ex
1006 597 1092 641 qua
1114 591 1254 626 totum
1278 589 1666 626 commemoratum
1687 590 1775 636 est,

401 653 485 697 hoc
508 662 594 707 est,
621 652 833 706 animam,
863 652 986 711 eujus
1013 652 1188 696 nomine
1216 661 1332 698 totus
1364 652 1496 696 horno
1518 651 1781 710 significatus

402 731 465 767 est
482 757 493 778 ‚
521 722 758 766 alienemus
782 720 837 765 ab
860 736 910 765 eo
933 720 1052 781 quod
1074 721 1241 767 dictum
1258 731 1346 767 est:
1367 741 1387 765 «
1412 722 1625 767 Exierunt
1645 722 1699 766 de
1721 721 1782 766 fe-

404 811 424 834 »
461 792 657 837 moribus
671 793 777 852 ejus,
795 810 814 832 »
829 800 877 835 ut
900 806 1049 836 carnes
1066 801 1238 837 tantum
1260 809 1312 838 ex
1332 792 1407 838 illo
1429 802 1566 848 natas,
1585 792 1781 854 quamvis

402 861 504 907 solae
533 863 689 907 animae
710 862 1006 918 nominentur,
1033 863 1294 923 accipiamus
1310 898 1321 920 ,
1346 862 1573 924 quaerendi
1592 871 1694 908 sunt
1713 861 1782 908 lo-

403 934 633 980 cutionum
653 933 774 979 modi
795 934 1035 979 secundum
1062 934 1317 994 Scripturas.
1374 937 1379 942 ’

909 1043 1144 1091 QUAESTIO
1176 1044 1253 1083 CLI
1262 1075 1270 1082 .

467 1164 488 1187 «
514 1146 570 1189 H1
592 1144 669 1188 filii
699 1144 807 1199 Liae,
839 1159 947 1204 quos
968 1144 1136 1204 peperit
1153 1143 1231 1204 ipsi
1252 1143 1387 1189 Jacob
1410 1144 1456 1187 in
1476 1143 1787 1204 Mesopotamia
1843 1132 1844 1137 ¹

408 1233 429 1256 η
468 1215 603 1273 Syriae
630 1224 673 1259 et
701 1215 857 1259 Dinam
880 1214 1013 1258 filiam
1042 1215 1160 1274 ejus,
1187 1230 1335 1259 omnes
1357 1214 1512 1258 animae
1528 1213 1605 1258 filii
1622 1224 1666 1258 et
1686 1214 1787 1259 filiae
1841 1240 1843 1263 21

409 1304 430 1326 »
466 1286 556 1346 ejus
582 1285 761 1344 triginta
786 1287 910 1328 tres¹.
946 1301 966 1325 »
988 1285 1213 1345 Numquid
1239 1286 1330 1330 istae
1348 1301 1495 1331 omnes
1512 1286 1685 1345 triginta
1705 1295 1788 1330 tres
1840 1279 1842 1295 ¹

407 1355 563 1400 animae
588 1371 639 1399 ex
663 1355 736 1398 Lia
759 1354 804 1398 in
826 1356 1132 1414 Mesopotamia
1158 1355 1291 1413 Syriae
1312 1365 1425 1400 natae
1447 1358 1575 1400 sunt?
1599 1359 1679 1401 Sex
1701 1356 1787 1401 uti-
1838 1360 1840 1376 ³

1839 1298 1841 1343 ἓ

407 1444 493 1488 que
531 1427 609 1471 filii
647 1436 690 1470 et
723 1442 808 1470 una
841 1426 956 1481 filia,
995 1443 1045 1470 ex
1083 1427 1241 1487 quibus
1263 1436 1441 1487 nepotes
1463 1427 1789 1472 commemorati
1837 1432 1839 1467 ἓ

409 1502 556 1543 sunt2.
597 1498 638 1542 Si
670 1512 770 1555 ergo
803 1496 858 1540 de
895 1512 985 1541 uno
1006 1498 1231 1557 Benjamin
1268 1497 1449 1558 quaestio
1486 1507 1587 1542 nata
1624 1497 1786 1551 fuerat,

409 1569 585 1630 quando
623 1568 861 1612 numeratis
893 1567 1125 1612 duodecim
1160 1568 1255 1612 filiis
1288 1569 1421 1613 Jacob
1456 1578 1498 1613 et
1534 1569 1790 1613 nominatim

409 1639 755 1685 commemoratis
778 1638 943 1682 dictum
968 1648 1031 1682 est
1053 1658 1061 1683 ;
1092 1658 1112 1680 «
1140 1638 1195 1683 Hi
1216 1639 1293 1682 filii
1315 1639 1451 1684 Jacob
1472 1640 1549 1700 qui
1569 1638 1670 1683 faeti
1691 1647 1792 1684 sunt

411 1729 432 1751 »
468 1709 507 1753 ei
525 1710 571 1754 in
588 1709 900 1769 Mesopotamia
917 1709 1049 1766 Syriae
1064 1710 1079 1735 ³
1097 1728 1105 1752 z
1130 1727 1149 1749 »
1171 1712 1339 1768 quanto*
1352 1710 1489 1769 major
1510 1725 1628 1754 nunc
1646 1725 1791 1770 quaes-

1835 1504 1837 1535 i

1834 1574 1836 1634 i

1832 1640 1835 1715 ᾗ
1863 1658 1866 1699 i

1861 1713 1865 1740 Ι

409 1781 470 1825 tio
492 1789 555 1825 est
570 1815 581 1835 a
620 1780 844 1841 quomodo
876 1780 1048 1838 triginta
1070 1788 1154 1823 tres
1177 1780 1331 1823 animae
1353 1795 1403 1822 ex
1426 1779 1501 1823 Lia
1522 1779 1567 1822 in
1588 1783 1791 1839 Mesopo·
1829 1786 1831 1837 j
1863 1810 1865 1821 s

410 1851 538 1895 tamia
560 1851 694 1908 Syriae
712 1859 825 1894 natae
848 1859 975 1907 sunt3
997 1849 1076 1893 nisi
1098 1849 1201 1909 quia
1222 1848 1294 1893 illa
1310 1849 1473 1894 locutio
1492 1850 1788 1904 confirmatur,
1829 1868 1830 1874 ¹

410 1931 620 1982 tanquam
652 1921 713 1964 ibi
744 1936 892 1965 omnes
925 1919 1007 1964 orti
1035 1929 1160 1975 sunt,
1199 1936 1386 1980 quorum
1408 1929 1605 1979 parentes
1628 1920 1687 1964 ibi
1709 1920 1792 1964 orti

409 2001 524 2036 sunt.
553 1991 722 2035 Deinde
748 2000 790 2034 et
811 1989 921 2033 illud
938 1992 1029 2050 jam
1067 2006 1155 2034 non
1178 1989 1364 2033 dubium
1384 1999 1472 2044 est,
1514 1990 1560 2033 in
1586 2005 1674 2034 una
1707 1990 1793 2035 filia
1825 2042 1827 2051 x

410 2061 519 2107 filias
538 2061 775 2117 nominari,
801 2059 959 2121 plurali
983 2076 1162 2105 numero
1186 2076 1264 2120 pro
1286 2060 1495 2120 singulari
1517 2061 1671 2120 posito.

912 2170 1147 2219 QUAEsrio
1179 2170 1290 2211 CL11.

470 2263 594 2314 Quor)
622 2259 781 2319 legitur
802 2259 1119 2317 sexaginta-sex
1158 2259 1319 2303 animas
1341 2258 1519 2302 intrasse
1537 2274 1637 2303 cum
1658 2258 1790 2304 Jacob

411 2331 457 2375 in
480 2334 744 2390 AEgyptum‚
771 2329 955 2388 exeeptis
993 2328 1196 2373 videlicet
1224 2328 1319 2372 filiis
1347 2330 1534 2388 Joseph‚
1565 2338 1609 2373 et
1635 2328 1792 2374 deinde

412 2400 495 2446 illis
518 2401 811 2445 annumeratis
834 2398 1032 2453 infertur,
1063 2418 1079 2438 «
1110 2399 1608 2460 Septuaginta-quinque
1637 2399 1792 2444 animae

415 2491 436 2514 »
471 2481 622 2528 erant,
647 2486 747 2516 cum
770 2470 929 2531 quibus
953 2469 1087 2513 Jacob
1109 2470 1285 2515 intravit
1308 2469 1352 2513 in
1374 2472 1616 2529 AEgyptum
1633 2471 1665 2525 4,
1692 2492 1708 2512 »
1735 2469 1793 2514 sic

461 2576 468 2591 ¹
498 2572 576 2602 Gen.
597 2580 692 2608 xtv1‚
728 2567 778 2601 15.
807 2584 848 2589 -
876 2575 888 2589 2
908 2567 986 2599 Vide
1003 2578 1096 2609 supra
1113 2571 1222 2610 quaest.
1250 2578 1343 2599 (πίνη.
1360 2583 1402 2589 —-
1429 2565 1442 2589 3
1466 2569 1545 2600 Gen.
1564 2577 1658 2609 xxxv,
1679 2565 1732 2599 26.
1753 2581 1794 2589 --
1814 2560 1815 2571 ¹

415 2622 428 2654 4
448 2624 494 2656 Id.
516 2634 599 2666 val,
616 2621 671 2664 26,
691 2632 744 2665 ²7·
