1872 3267
361 232 626 268 QesesTiousss
660 232 701 258 m
736 231 922 267 uniens„
959 233 1038 257 Lis.
1078 232 1152 257 vii.
1367 219 1450 256 579

69 296 310 342 secundum
332 297 628 356 Septuaginta,
654 294 729 339 scd
747 312 798 339 ex
818 296 991 340 hebraeo
1010 305 1087 352 cst,
1104 296 1163 340 ita
1181 295 1425 340 invenimus
1442 314 1450 340 :

72 387 93 412 «
127 372 231 413 Erat
252 377 399 412 autem
421 368 576 427 Eglom
600 382 763 411 crassus
785 367 912 410 nimis
930 369 959 410 ¹.
988 384 1009 407 »

569 475 806 525 QeAEs'rio
837 477 958 515 xxn.

131 597 152 621 «
175 581 240 623 ΕΤ
258 578 359 622 exiit
376 576 473 622 Aod
497 576 633 633 ieras,
655 586 697 621 et
714 577 883 621 transiit
904 577 1204 631 observantes,
1235 585 1278 620 et
1300 574 1455 620 elausit

72 668 92 692 »
121 650 276 710 januas
311 648 466 693 domus
493 648 724 708 superioris
752 664 881 708 super
904 663 1029 703 eum,
1055 656 1099 692 et
1122 647 1358 692 coarctavit
1370 650 1403 690 ².
1431 665 1452 687 »

71 723 165 766 Hoc
178 719 505 780 recapitulando
526 721 692 765 dietum
710 730 789 775 est,
804 721 924 781 quod
943 718 1084 764 fuerat
1101 719 1453 779 praetermissum.

71 794 178 838 Nam
201 792 321 852 prius
343 793 426 837 hoc
448 791 598 837 fecisse
630 791 964 850 intelligendum
986 800 1049 835 est
1064 826 1075 847 ,
1103 800 1148 836 et
1167 790 1226 836 sic
1249 789 1303 834 de
1325 804 1458 850 supe-

8 923 9 926 *
70 864 158 910 rius
180 864 448 910 descendisse
463 901 474 921 ,
496 875 539 910 et
558 865 774 909 transiisse
792 864 1085 910 observantes.

563 976 800 1025 QUAESTIO
832 977 971 1016 xxm.

130 1082 350 1133 QUOMODO
366 1081 491 1140 pueri
507 1082 616 1139 regis
638 1080 794 1140 Eglom
819 1079 928 1125 clavi
952 1078 1201 1139 aperuerint
1221 1078 1344 1139 quod
1365 1077 1464 1123 Aod

73 1149 183 1195 clavi
214 1168 303 1196 non
336 1151 573 1207 clauserat,
613 1161 754 1211 potest
795 1153 999 1195 movere3
1035 1167 1044 1191 t
1083 1160 1157 1194 aut
1188 1150 1221 1194 si
1253 1149 1326 1193 ille
1355 1149 1466 1193 elavi

73 1221 306 1277 clauserat,
333 1223 556 1283 quomodo
579 1238 725 1266 secum
750 1238 845 1266 eam
865 1238 955 1266 non
978 1220 1188 1276 auferret,
1220 1231 1270 1265 ut
1291 1221 1359 1265 isti
1381 1236 1462 1264 nee

74 1293 183 1340 clavi
206 1295 371 1354 aperire
393 1303 583 1354 possent.
617 1292 804 1337 Proinde
827 1303 903 1337 aut
936 1292 1016 1336 alia
1050 1292 1181 1336 clavis
1209 1291 1337 1335 allata
1370 1301 1433 1335 est
1446 1327 1461 1346 ‚

75 1376 151 1411 aut
173 1366 259 1411 tale
281 1365 493 1410 clausurae
508 1381 642 1425 genus
659 1364 740 1408 fuit
757 1364 878 1425 quod
900 1366 991 1408 sine
1008 1364 1117 1408 elavi
1135 1373 1278 1423 posset
1300 1362 1460 1418 claudi,

75 1452 156 1482 nee
178 1437 268 1481 sine
291 1436 402 1481 clavi
431 1436 600 1496 aperiri.
626 1438 737 1481 Nam
765 1444 868 1478 sunt
904 1434 1108 1495 quaedam
1129 1434 1255 1491 talia,
1277 1434 1389 1479 sicut
1417 1449 1467 1480 ea

77 1525 176 1570 quae
193 1507 414 1553 veruclata
435 1506 656 1552 dicuntur.

570 1614 808 1665 Qui-Esrio
839 1615 979 1655 xxlv.

140 1710 223 1754 SUB
239 1707 388 1769 judice
410 1707 508 1752 Aod
532 1706 753 1763 octoginta
771 1722 906 1750 annos
924 1720 1076 1765 pacem
1096 1705 1251 1750 habuit
1269 1704 1402 1750 Israel
1422 1705 1470 1749 in

80 1789 193 1825 terra
218 1780 511 1840 promissionis
523 1780 555 1834 4,
581 1778 805 1837 duplicato
827 1777 991 1823 scilieet
1012 1788 1206 1838 tempore
1228 1793 1362 1838 quam
1383 1777 1470 1822 fuit

81 1851 363 1897 memorabile
385 1851 467 1896 sub
489 1855 789 1896 Romanorum
808 1865 908 1909 rege
930 1853 1072 1896 Numa
1094 1848 1325 1909 Pompilio.

597 1973 833 2022 QUAESTIO
865 1974 986 2012 XXV.

150 2096 169 2118 «
195 2079 259 2121 ΕΤ
280 2085 377 2136 post
399 2091 500 2120 eum
522 2076 706 2120 surrexit
731 2079 932 2135 Samegar
959 2076 1074 2120 filius
1090 2075 1285 2131 Aneath‚
1316 2085 1359 2120 et
1379 2091 1475 2135 per-

89 2165 109 2188 »
145 2148 278 2192 cussit
310 2147 569 2204 alienigenas
602 2148 648 2190 in
678 2156 899 2191 sexcentos
942 2147 1083 2201 viros⁷
1124 2156 1282 2206 praeter
1313 2146 1474 2190 vitulos

91 2237 111 2259 n
145 2218 304 2276 boum3
330 2228 372 2262 et
389 2217 569 2263 salvavit
584 2217 715 2262 Isra'e'l
730 2220 760 2262 ⁵.
780 2237 799 2260 »
819 2219 1051 2272 Quomodo
1073 2227 1170 2276 post
1186 2217 1284 2261 Aod
1301 2217 1379 2261 iste
1396 2233 1476 2277 pro

90 2289 221 2334 Israel
241 2291 499 2350 pugnaverit
513 2326 523 2345 ‚
547 2299 590 2333 et
612 2289 752 2334 dictus
775 2291 829 2334 sit
845 2291 1026 2335 salvasse
1048 2288 1202 2344 Israel,
1220 2298 1363 2348 potest
1385 2304 1474 2333 esse

91 2362 286 2422 quaestio.
312 2365 410 2407 Non
428 2362 543 2406 enim
561 2378 707 2406 rursus
730 2361 903 2406 fuerant
924 2361 1151 2422 captivati,
1176 2359 1247 2405 vel
1263 2363 1368 2421 jugo
1389 2375 1478 2405 ser-

91 2432 237 2477 vitutis
258 2433 418 2477 innexi.
448 2432 531 2478 Sed
554 2432 888 2493 intelligendum
906 2433 966 2478 ita
984 2433 1167 2488 dictum,
1192 2451 1211 2474 «
1230 2431 1434 2488 Salvavit,
1453 2450 1473 2473 ³>

140 2536 149 2552 ¹
167 2530 214 2561 Sic
231 2529 330 2563 habet
341 2531 473 2573 Vulgata
490 2535 608 2563 nostra.
630 2547 672 2553 —-
692 2537 705 2553 ²
719 2530 823 2562 Judic.
844 2541 879 2562 ιιι
895 2555 904 2572 ,
921 2530 975 2562 23.
989 2548 1031 2552 —
1043 2528 1056 2554 3
1074 2529 1156 2561 Ibid.
1179 2531 1231 2562 25.
1243 2527 1310 2556 -4
1326 2529 1407 2562 Ibid.
1419 2529 1473 2563 30.

95 2601 135 2608 ——
154 2585 169 2609 5
184 2586 266 2619 Ibid.
286 2588 341 2619 31.

1207 2641 1271 2679 37.
