1872 3267
393 282 475 322 304
822 292 855 321 s.
891 294 1119 322 :incusum
1152 293 1330 322 EPISCOPI

391 378 411 400 »
446 372 521 403 vos
548 357 783 418 aliquando
812 373 901 402 non
932 358 1171 404 credidistis
1190 362 1303 414 Deo,
1328 373 1446 403 nunc
1471 368 1617 403 autem
1638 359 1766 404 mise-

391 449 411 471 »
448 428 675 479 ricordiam
698 429 918 474 consecuti
939 430 1038 474 estis
1069 430 1245 475 illorum
1262 428 1573 474 incredulitate
1603 448 1612 474 z
1643 429 1702 475 sie
1725 438 1769 474 et

391 517 413 541 1)
447 500 527 560 ipsi
548 515 666 544 nunc
686 515 774 544 non
796 499 1074 545 crediderunt
1089 500 1136 544 in
1160 509 1301 545 vestra
1321 498 1629 554 misericordia,
1654 508 1706 544 ut
1727 508 1771 544 et

447 571 528 630 ipsi
547 568 881 615 misericordiam
899 578 1236 631 consequantur.
1263 569 1486 615 Conclusit
1513 569 1629 614 enim
1659 573 1771 614 Deus
1802 584 1807 588 ·

390 660 411 682 »
447 657 594 686 omnes
617 641 663 684 in
683 641 986 685 incredulitate
1001 676 1012 696 ,
1036 651 1088 686 ut
1109 643 1303 686 omnium
1321 641 1576 686 misereatur
1589 642 1620 684 1.
1641 659 1660 682 »

448 713 500 754 V.
528 709 692 755 Deinde
711 719 809 770 post
838 710 950 755 hanc
982 726 1069 755 suae
1091 711 1396 756 misericordiae
1424 710 1770 757 commendatio-

389 798 489 828 nem
520 781 754 843 respondet
776 781 830 826 ad
852 781 964 827 illud
981 818 991 838 ,
1024 783 1146 844 quod
1170 784 1209 828 ei
1239 783 1406 828 dictum
1437 782 1580 828 fuerat
1603 802 1613 828 ε
1642 802 1663 826 α
1687 785 1768 828 Os-
1829 775 1831 796 ¹

391 873 412 895 »
448 854 578 898 tende
599 853 707 897 mihi
737 852 917 912 gloriam
938 862 1059 897 tuam
1075 889 1086 909 ,
1115 873 1135 897 «
1159 853 1229 899 vel
1251 853 1372 914 quod
1399 869 1528 914 supra
1558 853 1772 913 petiverat
1827 879 1829 894 .

387 926 579 982 Moyses,
606 923 777 968 dicens:
803 943 822 966 «
842 923 1033 968 Ostende
1053 924 1160 968 mihi
1181 924 1459 984 temetipsum
1475 923 1702 968 manifeste
1722 932 1772 968 ut
1825 975 1827 995 J

390 1013 411 1036 »
445 994 617 1039 videam
640 1004 697 1039 te.
728 997 827 1040 Non
848 995 1007 1055 poteris
1023 1030 1034 1050 ,
1063 995 1207 1055 inquit
1223 1030 1234 1051 ,
1264 994 1412 1040 videre
1434 994 1589 1039 faciem
1610 1010 1766 1039 meam.
1824 1041 1826 1056 y

391 1084 413 1106 »
447 1067 543 1111 Non
564 1065 681 1109 enim
701 1064 868 1109 videbit
885 1066 1017 1110 homo
1035 1063 1189 1109 faciem
1205 1080 1345 1110 meam
1361 1100 1372 1121 ,
1398 1074 1441 1109 et
1458 1065 1605 1110 vivet²
1626 1084 1635 1109 ε
1655 1084 1675 1106 »
1702 1080 1771 1110 os-
1824 1060 1825 1089 J

391 1135 570 1180 tendens
603 1135 704 1179 huic
736 1135 863 1191 vitae,
903 1151 1001 1196 quae
1032 1136 1173 1195 agitur
1207 1135 1254 1180 in
1285 1136 1480 1181 sensibus
1513 1134 1769 1180 mortalibus
1822 1151 1824 1167 ι

387 1205 681 1266 corruptibilis
702 1206 839 1250 carnis
856 1242 865 1260 ,
891 1209 1030 1250 Deum
1054 1206 1181 1250 sicuti
1201 1216 1265 1251 est
1285 1221 1490 1266 apparere
1507 1221 1597 1250 non
1618 1220 1765 1265 posse:
1820 1228 1822 1255 ι

389 1278 434 1321 id
456 1286 519 1321 est
533 1313 543 1332 ,
569 1277 694 1321 sicuti
716 1286 780 1321 est
800 1276 935 1321 videri
956 1277 1000 1320 in
1022 1276 1094 1321 illa
1119 1278 1206 1322 vita
1228 1286 1370 1337 potest
1386 1313 1396 1333 ,
1417 1277 1495 1321 ubi
1512 1285 1562 1322 ut
1581 1276 1766 1332 vivatur,
1820 1306 1821 1325 ι

389 1348 492 1391 huic
513 1347 614 1392 vitzc
636 1347 908 1391 moriendum
925 1356 1002 1391 est.
1818 1399 1819 1402 Ἴ

450 1420 526 1461 VI.
561 1421 670 1461 Item
693 1417 947 1476 interposito
975 1415 1156 1461 articulo
1189 1417 1360 1461 dicente
1390 1417 1640 1477 Scriptura:
1669 1435 1689 1458 «
1713 1419 1769 1461 Et
1816 1406 1819 1475 J

391 1507 411 1530 »
447 1489 507 1533 ait
528 1490 753 1543 Dominus,
775 1506 794 1529 »
817 1488 1011 1548 sequitur
1032 1497 1075 1532 et
1089 1488 1284 1549 loquitur
1302 1508 1309 1533 :
1333 1508 1353 1531 «
1373 1491 1486 1534 Ecce
1505 1489 1623 1533 locus
1637 1504 1769 1548 penes
1860 1497 1864 1511 *¹

392 1579 411 1601 »
447 1561 557 1604 mess.
588 1579 607 1600 n
631 1560 735 1612 Quis
753 1559 867 1602 enim
890 1558 1010 1603 locus
1040 1575 1128 1603 non
1151 1575 1281 1618 penes
1303 1562 1443 1603 Deum
1466 1568 1549 1614 est,
1575 1559 1650 1620 qui
1666 1574 1770 1603 nus-

388 1646 521 1691 quam
544 1639 606 1674 est
623 1630 801 1673 absens?
817 1629 900 1674 Sed
915 1628 1148 1673 Ecclesiam
1167 1629 1378 1688 significat
1391 1629 1576 1674 dicendo
1594 1649 1602 1673 ε
1625 1648 1641 1669 «
1658 1632 1770 1674 Ecce
1812 1624 1815 1692 J

392 1720 411 1742 ³>
447 1701 567 1746 locus
600 1717 731 1760 penes
760 1716 827 1744 ι1ιθ
844 1736 854 1755 ,
882 1720 901 1741 »
929 1709 1137 1760 tanquam
1159 1700 1373 1759 templum
1394 1715 1522 1744 suum
1548 1715 1771 1744 commen-
1812 1702 1813 1750 J

388 1771 511 1816 dans.
542 1790 561 1812 «
586 1774 641 1815 Et
659 1770 788 1815 stabis
804 1805 814 1825 ,
840 1770 1004 1830 inquit,
1031 1785 1160 1829 super
1180 1779 1369 1829 petram:
1390 1771 1491 1830 quia
1510 1785 1638 1830 super
1660 1771 1771 1814 hanc
1810 1780 1812 1830 J

390 1859 410 1882 »
446 1850 613 1901 petram
636 1875 646 1896 ,
692 1840 750 1884 ait
790 1840 997 1884 Dominus
1014 1875 1024 1894 ,
1067 1840 1293 1884 aedificabo
1334 1839 1571 1885 Ecclesiam
1609 1855 1765 1884 meam.
1809 1839 1811 1878 J

391 1930 411 1953 »
450 1911 601 1957 Statim
633 1920 684 1955 ut
704 1911 882 1955 transiet
905 1909 1040 1969 gloria
1061 1910 1186 1954 mea⁴
1215 1930 1223 1954 ;
1252 1929 1271 1951 »
1306 1910 1352 1954 id
1382 1920 1472 1965 est,
1504 1910 1699 1956 «Statim
1721 1917 1771 1954 ut
1807 1899 1810 1963 J
1839 1938 1855 1967 ’Δ

390 2001 410 2024 »
446 1981 623 2027 transiet
659 1981 792 2039 gloria
820 1996 915 2025 mea
935 2017 945 2036 ,
973 1980 1103 2025 stabis
1131 1996 1259 2040 supra
1284 1990 1451 2040 petram
1468 2017 1479 2037 ,
1504 1999 1525 2022 »
1552 1981 1653 2041 quia
1674 1988 1770 2040 post
1806 1970 1809 2040 J
1838 1974 1872 2046 ,J

386 2053 618 2097 transitum
635 2052 809 2106 Christi,
826 2050 871 2095 id
889 2061 967 2107 est,
984 2061 1083 2111 post
1098 2052 1337 2111 passionem
1352 2061 1395 2096 et
1412 2051 1770 2096 resurrectionem
1804 2042 1807 2116 J
1838 2048 1867 2094 {J

388 2122 548 2168 Christi
570 2122 687 2167 stetit
707 2120 895 2182 populus
914 2116 1052 2165 ‘fidelis
1070 2137 1197 2181 supra
1218 2130 1398 2199 petram.
1424 2124 1516 2166 «Et
1533 2137 1691 2181 ponam
1708 2130 1767 2176 te,
1803 2120 1805 2168 J
1851 2136 1863 2158 9

391 2210 412 2235 »
446 2193 616 2254 inquit,
651 2193 696 2237 in
737 2208 854 2238 cavei
852 2209 919 2237 na
948 2203 1082 2252 petire
1113 2212 1121 2236 :
1156 2211 1174 2233 υ
1219 2193 1445 2236 munimen
1478 2192 1770 2237 fiimissimum
1802 2206 1804 2236 ι
1867 2198 1872 2229 ἰ

387 2264 614 2323 significat.
656 2262 739 2307 Alii
762 2273 907 2307 autem
928 2263 1196 2322 interpietati
1221 2273 1346 2319 sunt,
1378 2282 1397 2305 «
1423 2266 1475 2307 In
1496 2263 1668 2323 specula
1691 2278 1768 2323 pe·
1800 2294 1802 2307 s

391 2350 413 2374 1)
449 2336 558 2379 nae⁵
582 2353 591 2378 ε
622 2332 697 2378 sed
731 2348 895 2392 giaecus
916 2333 1051 2377 habet
1074 2340 1174 2377 ἀπὲκ
1200 2334 1283 2378 hoc
1305 2343 1451 2378 autem
1475 2334 1671 2379 foramen
1702 2331 1801 2399 velJ

387 2419 614 2450 cavernam
638 2419 658 2447 1
660 2403 794 2448 ectius
816 2403 904 2448 int(
908 2418 979 2463 lpl
982 2412 1164 2448 etamui.

445 2477 546 2520 VII.
577 2494 598 2518 «
622 2477 679 2520 Et
700 2482 843 2533 tegam
874 2489 1007 2518 manu
1028 2489 1124 2518 inea
1146 2488 1274 2534 super
1297 2483 1338 2519 tc
1362 2474 1501 2519 donec
1527 2483 1766 2520 tianseam:
1794 2430 1860 2569 J

391 590 401 611 )

403 590 411 611 υ

1864 2276 1872 2303 ι

1850 2342 1872 2434 JJ

1849 2474 1872 2518 JJ

439 2572 560 2604 ΙῘὶοιῃ.
580 2582 630 2613 xi,
655 2569 712 2605 30-
715 2571 767 2604 32.
788 2588 830 2593 —
855 2577 867 2594 ²
889 2570 990 2603 Exod.
1017 2581 1134 2613 xxxin,
1158 2582 1209 2613 19,
1229 2579 1283 2604 20.
1300 2568 1472 2604 *³1de
1492 2567 1766 2603 ›1.—-4Mat1h.
1794 2589 1795 2620 J
1857 2585 1859 2589 ·

388 2638 455 2670 xvi,
485 2627 534 2661 18.
555 2624 951 2668 —5Ex0d.xxx1u,22
1793 2626 1795 2649 ι
1854 2625 1861 2648 ,κ

1792 2672 1793 2692 J
