1872 3267
399 258 480 298 438
837 273 870 298 S·
907 269 1135 299 AUGUSTIM
1168 272 1345 298 EPISCOPI

397 337 606 390 statione,
644 345 687 379 ct
718 345 841 380 motu
875 337 1031 396 nubis,
1067 338 1167 398 quia
1197 346 1239 380 et
1271 353 1354 382 vox
1380 337 1599 398 loquentis
1626 337 1782 398 procul

398 406 532 452 dubio
564 406 732 465 signum
765 416 828 451 est
854 406 1104 452 voluntatis.
1142 407 1271 462 Quod
1299 423 1399 467 ergo
1430 409 1490 453 ait
1518 428 1527 454 :
1568 429 1588 451 «
1619 412 1676 454 Et
1704 424 1781 469 per

399 497 419 520 »
456 486 748 538 praeceptum,
776 495 796 518 »
822 478 905 522 hoc
934 477 1050 522 idem
1080 479 1249 537 signum
1283 487 1392 538 puto
1426 479 1776 538 intelligendum.

396 552 656 609 Quanquam
679 557 820 607 posset
841 565 925 593 vox
954 558 997 593 et
1026 559 1291 610 praeceptum
1316 549 1488 594 Domini
1515 549 1628 594 illud
1651 551 1781 595 etiam

396 620 531 680 accipi
553 619 673 681 quod
693 619 864 664 locutus
887 629 965 674 est,
990 630 1041 665 ut
1062 620 1186 676 solet,
1210 621 1265 665 ad
1283 624 1490 680 Moysen,
1511 631 1554 666 et
1574 623 1783 682 praecepit

394 692 479 735 hoc
496 690 603 734 fieri.
629 692 779 750 Neque
801 690 917 734 enim
933 690 1092 734 scirent
1112 690 1174 734 illi
1194 690 1541 750 promovendum
1551 707 1645 735 esse
1662 691 1783 736 nube

396 770 708 822 promovente,
743 770 787 805 et
819 761 1023 806 standum
1056 776 1144 805 esse
1176 761 1295 806 nube
1322 770 1488 817 stante,
1519 761 1599 806 nisi
1619 763 1703 808 hoc
1721 762 1781 807 eis

398 841 498 876 ante
520 831 843 891 praeciperetur.

454 904 508 946 V.
541 904 593 945 In
623 901 689 945 his
722 910 869 945 autem
889 916 999 962 quae
1036 900 1150 946 dicta
1184 910 1285 946 sunt
1317 901 1515 947 nondum
1549 902 1778 963 apparuit,

396 982 546 1017 utrum
567 987 644 1032 per
666 971 782 1016 diem
804 982 977 1017 tantum
1002 972 1315 1028 ambularetur,
1342 989 1397 1017 an
1424 973 1553 1018 etiam
1574 989 1652 1033 per
1673 989 1782 1018 noc-

396 1053 507 1101 tem,
549 1042 792 1088 secundum
827 1043 1003 1102 signum
1037 1042 1159 1104 quod
1190 1044 1328 1088 nubes
1356 1054 1480 1088 motu
1515 1060 1594 1089 suo
1627 1043 1777 1089 dabat.

396 1113 604 1159 Fortassis
635 1114 752 1157 enirn
784 1113 982 1174 quamvis
1014 1113 1159 1173 plures
1189 1113 1343 1158 diesin
1377 1115 1522 1159 castris
1555 1124 1783 1159 manerent

395 1184 516 1228 nube
546 1200 636 1228 non
660 1193 965 1243 promovente,
1001 1184 1143 1243 potuit
1165 1193 1312 1228 tamen
1333 1185 1477 1245 putari
1506 1185 1671 1229 nubem
1693 1200 1783 1230 non

397 1254 534 1300 solere
556 1254 786 1299 ascendere
808 1254 862 1298 de
891 1255 1059 1311 castris,
1082 1264 1124 1299 et
1146 1255 1317 1313 signum
1349 1255 1511 1299 itineris
1541 1255 1670 1310 dare,
1700 1256 1783 1300 nisi

396 1342 474 1387 per
495 1325 626 1370 diem.
667 1326 872 1386 Sequitur
894 1341 997 1386 ergo
1019 1336 1062 1370 et
1083 1326 1189 1371 dicit
1214 1345 1223 1371 :
1253 1345 1273 1368 «
1293 1329 1349 1370 Et
1373 1327 1483 1385 erit,
1513 1342 1615 1371 cum
1648 1327 1782 1372 fuerit

397 1416 418 1440 »
454 1398 594 1441 nubes
610 1414 634 1441 a
650 1413 826 1457 vespera
849 1413 986 1457 usque
1003 1413 1145 1453 mane,
1168 1407 1212 1442 et
1228 1396 1468 1442 ascenderit
1480 1398 1619 1442 nubes
1637 1413 1778 1453 mane,

397 1489 418 1511 »
454 1479 498 1514 et
529 1469 852 1529 promovebunt
883 1468 968 1513 die.
997 1487 1016 1510 »
1044 1470 1123 1513 Hic
1152 1468 1226 1513 illa
1257 1466 1503 1527 copulativa
1531 1469 1782 1530 conjunctio

394 1557 516 1585 more
547 1541 779 1600 Scripturae
807 1540 947 1600 posita
981 1549 1059 1584 est.
1086 1542 1196 1585 Nam
1217 1555 1265 1584 ea
1288 1534 1508 1594 detracta,
1542 1538 1697 1599 plenus
1719 1548 1783 1585 est
1824 1600 1827 1608 .

398 1627 546 1657 sensus
571 1612 655 1656 hoc
678 1611 810 1655 modo
833 1630 841 1655 :
871 1630 891 1652 «
916 1613 973 1654 Et
995 1610 1098 1665 erit,
1121 1625 1220 1654 cum
1244 1607 1376 1654 fuerit
1402 1609 1540 1653 nubes
1563 1625 1587 1653 a
1608 1623 1786 1668 vespera

400 1701 421 1723 »
457 1697 595 1742 usque
617 1697 769 1736 mane,
794 1691 838 1725 et
855 1679 1096 1725 ascenderit
1124 1680 1262 1724 nubes
1285 1695 1435 1734 mane,
1462 1680 1787 1739 promovebunt

403 1773 422 1794 »
458 1752 543 1797 die.
572 1771 592 1794 »
616 1751 783 1796 Deinde
804 1752 906 1811 quia
924 1761 965 1795 et
984 1759 1111 1795 nocte
1134 1751 1168 1795 si
1186 1750 1325 1794 nubes
1349 1750 1786 1809 ascenderet-promo—

397 1824 560 1870 vebant
575 1858 585 1878 ,
611 1832 742 1883 atque
761 1823 841 1866 iter
864 1831 1129 1866 nocturnum
1157 1822 1190 1864 si
1220 1819 1329 1864 illud
1350 1821 1518 1878 signum
1542 1821 1787 1880 acciperent

400 1895 602 1955 agebant,
621 1893 817 1954 adjunxit
834 1902 876 1936 et
892 1893 972 1936 ait:
997 1912 1017 1934 «
1034 1891 1115 1936 Vel
1132 1901 1260 1936 noete
1277 1901 1320 1935 et
1337 1891 1371 1936 si
1391 1891 1631 1936 ascenderit
1647 1891 1787 1935 nubes
1825 1886 1828 1890 ’

401 1984 422 2007 n
458 1965 795 2024 promovebunt.
831 1961 914 2007 Sed
947 1961 1111 2006 locutio
1144 1971 1207 2006 est
1239 1962 1516 2006 inusitatior:
1551 1977 1642 2006 non
1672 1962 1787 2005 enim

400 2045 573 2080 tantum
595 2034 784 2094 positum
816 2042 905 2087 est,
946 2052 966 2075 α
1000 2043 1071 2091 et,
1104 2053 1123 2074 »
1161 2032 1236 2077 sed
1257 2049 1309 2077 eo
1336 2048 1456 2077 more
1486 2033 1678 2092 positum
1698 2041 1784 2087 est,

401 2122 490 2168 quo
518 2122 607 2150 non
642 2103 764 2149 solet.
805 2103 931 2149 Unde
968 2105 1075 2147 mihi
1108 2103 1281 2148 videtur
1309 2112 1642 2164 praeposteratus
1679 2101 1787 2148 ordo

401 2177 652 2231 verborum,
671 2175 782 2219 sicut
804 2190 917 2234 saepe
939 2183 983 2218 et
1002 2174 1046 2217 in
1068 2173 1212 2218 latinis
1234 2174 1528 2219 locutionibus
1549 2172 1642 2217 fieri
1659 2172 1784 2228 solet,

401 2247 522 2308 quod
560 2262 693 2305 genus
722 2246 987 2304 antistrophe
1022 2245 1196 2289 dicitur.
1235 2243 1421 2289 Proinde
1455 2245 1489 2288 si
1518 2245 1577 2288 ita
1599 2244 1784 2299 dicatur,
1824 2242 1827 2253 ⁵

408 2338 428 2360 «
462 2317 543 2362 Vel
565 2326 608 2361 et
630 2325 757 2361 nocte
784 2316 817 2360 si
850 2315 1091 2359 ascenderit
1112 2315 1250 2359 nubes
1278 2315 1627 2374 promovebunt,
1660 2333 1679 2355 η
1713 2323 1789 2358 aut

403 2397 519 2433 certe
543 2388 616 2442 ita,
646 2406 665 2428 «
688 2386 730 2431 Si
752 2395 795 2430 et
813 2394 939 2430 nocte
957 2385 1197 2429 ascenderit
1215 2385 1375 2439 nubes,
1400 2384 1739 2444 promovebunt,
1763 2403 1782 2426 »

405 2457 677 2518 planissimus
700 2472 847 2500 sensus
870 2465 947 2499 est.

464 2532 539 2572 VI.
566 2528 722 2572 Adhuc
746 2537 890 2572 autem
913 2526 1167 2571 occurrebat
1188 2526 1416 2585 cogitanti,
1437 2535 1486 2569 ut
1507 2526 1614 2569 scire
1638 2524 1782 2579 vellet,
1824 2523 1827 2584 ζ

401 2609 546 2642 utrum
573 2598 794 2658 quomodo
812 2598 1032 2653 cognitum
1048 2606 1111 2639 est
1130 2597 1264 2638 solere
1282 2595 1376 2639 illos
1391 2595 1442 2638 ad
1463 2595 1590 2637 nubis
1613 2595 1781 2651 signum
1824 2586 1826 2655 ἰ

1824 958 1828 1034 Ι
1853 1005 1872 1051 i

1824 1148 1872 1206 μή

1824 1208 1828 1239 2
