<?xml version="1.0" encoding="UTF-8"?>
<!DOCTYPE html PUBLIC "-//W3C//DTD XHTML 1.0 Transitional//EN"
    "http://www.w3.org/TR/xhtml1/DTD/xhtml1-transitional.dtd">
<html xmlns="http://www.w3.org/1999/xhtml" xml:lang="en" lang="en">
 <head>
  <title>
</title>
<meta http-equiv="Content-Type" content="text/html;charset=utf-8" />
  <meta name='ocr-system' content='tesseract 3.04.00' />
  <meta name='ocr-capabilities' content='ocr_page ocr_carea ocr_par ocr_line ocrx_word'/>
</head>
<body>
  <div class='ocr_page' id='page_1' title='image "./operaomniaaccura06auguuoft_0557.png"; bbox 0 0 1872 3267; ppageno 0'>
   <div class='ocr_carea' id='block_1_1' title="bbox 355 211 1413 258">
    <p class='ocr_par' dir='ltr' id='par_1_1' title="bbox 355 211 1413 258">
     <span class='ocr_line' id='line_1_1' title="bbox 355 211 1413 258; baseline 0.003 -11"><span class='ocrx_word' id='word_1_1' title='bbox 355 217 621 258; x_wconf 75' lang='lat' dir='ltr'>QUAESTIONES</span> <span class='ocrx_word' id='word_1_2' title='bbox 656 221 700 248; x_wconf 80' lang='grc' dir='ltr'>ιΝ</span> <span class='ocrx_word' id='word_1_3' title='bbox 731 218 880 258; x_wconf 76' lang='lat' dir='ltr'>Josxm,</span> <span class='ocrx_word' id='word_1_4' title='bbox 917 222 998 247; x_wconf 75' lang='lat' dir='ltr'>Lm.</span> <span class='ocrx_word' id='word_1_5' title='bbox 1037 221 1096 247; x_wconf 85' lang='lat' dir='ltr'>v1.</span> <span class='ocrx_word' id='word_1_6' title='bbox 1334 211 1413 250; x_wconf 85' lang='lat'>551</span> 
     </span>
    </p>
   </div>
   <div class='ocr_carea' id='block_1_2' title="bbox 18 286 1426 2556">
    <p class='ocr_par' dir='ltr' id='par_1_2' title="bbox 18 286 1426 2556">
     <span class='ocr_line' id='line_1_2' title="bbox 30 286 1416 348; baseline -0.001 -14"><span class='ocrx_word' id='word_1_7' title='bbox 30 303 152 335; x_wconf 88' lang='lat' dir='ltr'>mum</span> <span class='ocrx_word' id='word_1_8' title='bbox 172 286 413 334; x_wconf 86' lang='lat' dir='ltr'>videndum</span> <span class='ocrx_word' id='word_1_9' title='bbox 431 296 540 348; x_wconf 87' lang='lat' dir='ltr'>quot</span> <span class='ocrx_word' id='word_1_10' title='bbox 563 287 758 344; x_wconf 83' lang='lat' dir='ltr'>gentium</span> <span class='ocrx_word' id='word_1_11' title='bbox 776 295 886 330; x_wconf 85' lang='lat' dir='ltr'>terra</span> <span class='ocrx_word' id='word_1_12' title='bbox 906 287 1111 346; x_wconf 86' lang='lat' dir='ltr'>promissa</span> <span class='ocrx_word' id='word_1_13' title='bbox 1128 286 1182 330; x_wconf 90' lang='lat' dir='ltr'>sit</span> <span class='ocrx_word' id='word_1_14' title='bbox 1196 286 1416 332; x_wconf 71' lang='lat' dir='ltr'>Israelitis.</span> 
     </span>
     <span class='ocr_line' id='line_1_3' title="bbox 31 356 1419 420; baseline -0.002 -14"><span class='ocrx_word' id='word_1_15' title='bbox 31 363 205 420; x_wconf 85' lang='lat' dir='ltr'>Septem</span> <span class='ocrx_word' id='word_1_16' title='bbox 235 359 413 420; x_wconf 83' lang='lat' dir='ltr'>quidem</span> <span class='ocrx_word' id='word_1_17' title='bbox 446 367 594 418; x_wconf 85' lang='lat' dir='ltr'><strong>gentes</strong></span> <span class='ocrx_word' id='word_1_18' title='bbox 627 356 795 402; x_wconf 86' lang='lat' dir='ltr'>assidue</span> <span class='ocrx_word' id='word_1_19' title='bbox 828 356 1033 402; x_wconf 89' lang='lat' dir='ltr'>videntur</span> <span class='ocrx_word' id='word_1_20' title='bbox 1067 360 1419 415; x_wconf 88' lang='lat' dir='ltr'>commemorari,</span> 
     </span>
     <span class='ocr_line' id='line_1_4' title="bbox 30 428 1418 489; baseline -0.001 -12"><span class='ocrx_word' id='word_1_21' title='bbox 30 432 140 477; x_wconf 89' lang='lat' dir='ltr'>sicut</span> <span class='ocrx_word' id='word_1_22' title='bbox 161 432 207 476; x_wconf 89' lang='lat' dir='ltr'>in</span> <span class='ocrx_word' id='word_1_23' title='bbox 229 431 380 476; x_wconf 86' lang='lat' dir='ltr'>Exodo</span> <span class='ocrx_word' id='word_1_24' title='bbox 402 429 585 489; x_wconf 82' lang='lat' dir='ltr'>legitur:</span> <span class='ocrx_word' id='word_1_25' title='bbox 615 448 636 471; x_wconf 89' lang='lat'>«</span> <span class='ocrx_word' id='word_1_26' title='bbox 659 432 717 473; x_wconf 89' lang='lat' dir='ltr'>Et</span> <span class='ocrx_word' id='word_1_27' title='bbox 737 428 845 473; x_wconf 82' lang='lat' dir='ltr'>dixit</span> <span class='ocrx_word' id='word_1_28' title='bbox 877 428 1091 473; x_wconf 85' lang='lat' dir='ltr'>Dominus</span> <span class='ocrx_word' id='word_1_29' title='bbox 1126 428 1182 474; x_wconf 85' lang='lat' dir='ltr'>ad</span> <span class='ocrx_word' id='word_1_30' title='bbox 1213 432 1418 488; x_wconf 85' lang='lat' dir='ltr'>Moysen,</span> 
     </span>
     <span class='ocr_line' id='line_1_5' title="bbox 30 498 1423 560; baseline 0.001 -15"><span class='ocrx_word' id='word_1_31' title='bbox 30 520 52 546; x_wconf 90' lang='lat'>»</span> <span class='ocrx_word' id='word_1_32' title='bbox 88 502 233 559; x_wconf 84' lang='lat' dir='ltr'>Vade,</span> <span class='ocrx_word' id='word_1_33' title='bbox 258 512 301 547; x_wconf 87' lang='lat' dir='ltr'>et</span> <span class='ocrx_word' id='word_1_34' title='bbox 322 500 504 546; x_wconf 82' lang='lat' dir='ltr'>ascende</span> <span class='ocrx_word' id='word_1_35' title='bbox 537 501 639 545; x_wconf 90' lang='lat' dir='ltr'>hinc</span> <span class='ocrx_word' id='word_1_36' title='bbox 668 510 718 545; x_wconf 87' lang='lat' dir='ltr'>tu</span> <span class='ocrx_word' id='word_1_37' title='bbox 748 510 791 544; x_wconf 90' lang='lat' dir='ltr'>ct</span> <span class='ocrx_word' id='word_1_38' title='bbox 813 498 1001 560; x_wconf 89' lang='lat' dir='ltr'>populus</span> <span class='ocrx_word' id='word_1_39' title='bbox 1024 509 1148 555; x_wconf 85' lang='lat' dir='ltr'>tuus,</span> <span class='ocrx_word' id='word_1_40' title='bbox 1179 516 1289 560; x_wconf 91' lang='lat' dir='ltr'>quos</span> <span class='ocrx_word' id='word_1_41' title='bbox 1311 500 1423 546; x_wconf 90' lang='lat' dir='ltr'>edu-</span> 
     </span>
     <span class='ocr_line' id='line_1_6' title="bbox 26 571 1419 633; baseline -0.001 -13"><span class='ocrx_word' id='word_1_42' title='bbox 26 594 48 619; x_wconf 88' lang='lat'>»</span> <span class='ocrx_word' id='word_1_43' title='bbox 82 575 178 620; x_wconf 86' lang='lat' dir='ltr'><strong>xisti</strong></span> <span class='ocrx_word' id='word_1_44' title='bbox 206 575 260 619; x_wconf 89' lang='lat' dir='ltr'>de</span> <span class='ocrx_word' id='word_1_45' title='bbox 283 584 396 619; x_wconf 81' lang='lat' dir='ltr'>terra</span> <span class='ocrx_word' id='word_1_46' title='bbox 417 573 612 633; x_wconf 83' lang='lat' dir='ltr'>AEgypti,</span> <span class='ocrx_word' id='word_1_47' title='bbox 633 573 678 617; x_wconf 88' lang='lat' dir='ltr'>in</span> <span class='ocrx_word' id='word_1_48' title='bbox 701 583 859 617; x_wconf 82' lang='lat' dir='ltr'>terram</span> <span class='ocrx_word' id='word_1_49' title='bbox 877 587 1010 633; x_wconf 87' lang='lat' dir='ltr'>quam</span> <span class='ocrx_word' id='word_1_50' title='bbox 1026 571 1171 632; x_wconf 84' lang='lat' dir='ltr'>juravi</span> <span class='ocrx_word' id='word_1_51' title='bbox 1194 572 1419 618; x_wconf 83' lang='lat' dir='ltr'>Abraham</span> 
     </span>
     <span class='ocr_line' id='line_1_7' title="bbox 28 642 1423 700; baseline 0 -10"><span class='ocrx_word' id='word_1_52' title='bbox 28 665 50 690; x_wconf 89' lang='lat'>»</span> <span class='ocrx_word' id='word_1_53' title='bbox 81 656 124 691; x_wconf 93' lang='lat' dir='ltr'>et</span> <span class='ocrx_word' id='word_1_54' title='bbox 142 649 259 691; x_wconf 84' lang='lat' dir='ltr'>Isaac</span> <span class='ocrx_word' id='word_1_55' title='bbox 282 656 325 690; x_wconf 92' lang='lat' dir='ltr'>et</span> <span class='ocrx_word' id='word_1_56' title='bbox 348 645 507 700; x_wconf 84' lang='lat' dir='ltr'>Jacob,</span> <span class='ocrx_word' id='word_1_57' title='bbox 533 644 704 689; x_wconf 88' lang='lat' dir='ltr'>dicens:</span> <span class='ocrx_word' id='word_1_58' title='bbox 733 644 896 690; x_wconf 83' lang='lat' dir='ltr'>Semini</span> <span class='ocrx_word' id='word_1_59' title='bbox 917 653 1060 689; x_wconf 88' lang='lat' dir='ltr'>vestro</span> <span class='ocrx_word' id='word_1_60' title='bbox 1085 642 1201 687; x_wconf 88' lang='lat' dir='ltr'>dabo</span> <span class='ocrx_word' id='word_1_61' title='bbox 1226 659 1322 688; x_wconf 87' lang='lat' dir='ltr'>eam</span> <span class='ocrx_word' id='word_1_62' title='bbox 1344 662 1353 690; x_wconf 77' lang='grc' dir='ltr'>ι</span> <span class='ocrx_word' id='word_1_63' title='bbox 1379 653 1423 690; x_wconf 90' lang='lat' dir='ltr'>et</span> 
     </span>
     <span class='ocr_line' id='line_1_8' title="bbox 28 713 1423 773; baseline 0 -13"><span class='ocrx_word' id='word_1_64' title='bbox 28 737 50 761; x_wconf 92' lang='lat'>»</span> <span class='ocrx_word' id='word_1_65' title='bbox 85 716 215 762; x_wconf 90' lang='lat' dir='ltr'>simul</span> <span class='ocrx_word' id='word_1_66' title='bbox 248 717 419 760; x_wconf 82' lang='lat' dir='ltr'>mittam</span> <span class='ocrx_word' id='word_1_67' title='bbox 452 725 553 759; x_wconf 87' lang='lat' dir='ltr'>ante</span> <span class='ocrx_word' id='word_1_68' title='bbox 586 714 742 760; x_wconf 81' lang='lat' dir='ltr'>faciem</span> <span class='ocrx_word' id='word_1_69' title='bbox 776 724 898 759; x_wconf 85' lang='lat' dir='ltr'>tuam</span> <span class='ocrx_word' id='word_1_70' title='bbox 935 713 1152 773; x_wconf 83' lang='lat' dir='ltr'>Angelum</span> <span class='ocrx_word' id='word_1_71' title='bbox 1185 729 1356 770; x_wconf 90' lang='lat' dir='ltr'>meum,</span> <span class='ocrx_word' id='word_1_72' title='bbox 1379 724 1423 760; x_wconf 87' lang='lat' dir='ltr'>et</span> 
     </span>
     <span class='ocr_line' id='line_1_9' title="bbox 27 787 1422 848; baseline 0.001 -17"><span class='ocrx_word' id='word_1_73' title='bbox 27 806 49 832; x_wconf 93' lang='lat'>»</span> <span class='ocrx_word' id='word_1_74' title='bbox 84 787 226 848; x_wconf 87' lang='lat' dir='ltr'>ejiciet</span> <span class='ocrx_word' id='word_1_75' title='bbox 262 787 571 832; x_wconf 84' lang='lat' dir='ltr'>Amorrhaeum</span> <span class='ocrx_word' id='word_1_76' title='bbox 609 796 652 831; x_wconf 85' lang='lat' dir='ltr'>et</span> <span class='ocrx_word' id='word_1_77' title='bbox 689 787 939 832; x_wconf 85' lang='lat' dir='ltr'>Cetthaeum</span> <span class='ocrx_word' id='word_1_78' title='bbox 979 795 1022 830; x_wconf 89' lang='lat' dir='ltr'>et</span> <span class='ocrx_word' id='word_1_79' title='bbox 1066 787 1341 831; x_wconf 86' lang='lat' dir='ltr'>Phcresaeum</span> <span class='ocrx_word' id='word_1_80' title='bbox 1379 797 1422 832; x_wconf 90' lang='lat' dir='ltr'>et</span> 
     </span>
     <span class='ocr_line' id='line_1_10' title="bbox 26 857 1417 917; baseline -0.001 -15"><span class='ocrx_word' id='word_1_81' title='bbox 26 876 48 902; x_wconf 62' lang='grc' dir='ltr'>τι</span> <span class='ocrx_word' id='word_1_82' title='bbox 84 860 363 917; x_wconf 80' lang='lat' dir='ltr'>Gergesaeum</span> <span class='ocrx_word' id='word_1_83' title='bbox 383 867 426 902; x_wconf 92' lang='lat' dir='ltr'>et</span> <span class='ocrx_word' id='word_1_84' title='bbox 447 861 628 903; x_wconf 85' lang='lat' dir='ltr'>Evaeum</span> <span class='ocrx_word' id='word_1_85' title='bbox 648 867 691 902; x_wconf 88' lang='lat' dir='ltr'>et</span> <span class='ocrx_word' id='word_1_86' title='bbox 710 857 962 902; x_wconf 85' lang='lat' dir='ltr'>Jebusaeum</span> <span class='ocrx_word' id='word_1_87' title='bbox 979 867 1023 902; x_wconf 87' lang='lat' dir='ltr'>et</span> <span class='ocrx_word' id='word_1_88' title='bbox 1035 858 1376 903; x_wconf 79' lang='lat' dir='ltr'>Chananaeum1.</span> <span class='ocrx_word' id='word_1_89' title='bbox 1396 876 1417 900; x_wconf 92' lang='lat'>»</span> 
     </span>
     <span class='ocr_line' id='line_1_11' title="bbox 24 928 1424 989; baseline -0.001 -14"><span class='ocrx_word' id='word_1_90' title='bbox 24 932 191 976; x_wconf 89' lang='lat' dir='ltr'>Harum</span> <span class='ocrx_word' id='word_1_91' title='bbox 214 944 318 988; x_wconf 84' lang='lat' dir='ltr'>ergo</span> <span class='ocrx_word' id='word_1_92' title='bbox 339 939 506 989; x_wconf 85' lang='lat' dir='ltr'>septem</span> <span class='ocrx_word' id='word_1_93' title='bbox 535 929 732 988; x_wconf 84' lang='lat' dir='ltr'>gentium</span> <span class='ocrx_word' id='word_1_94' title='bbox 754 938 915 973; x_wconf 86' lang='lat' dir='ltr'>terram</span> <span class='ocrx_word' id='word_1_95' title='bbox 940 928 1117 973; x_wconf 87' lang='lat' dir='ltr'>videtur</span> <span class='ocrx_word' id='word_1_96' title='bbox 1143 933 1258 975; x_wconf 92' lang='lat' dir='ltr'>Deus</span> <span class='ocrx_word' id='word_1_97' title='bbox 1281 929 1424 974; x_wconf 87' lang='lat' dir='ltr'>Patri-</span> 
     </span>
     <span class='ocr_line' id='line_1_12' title="bbox 23 1000 1422 1061; baseline -0.001 -15"><span class='ocrx_word' id='word_1_98' title='bbox 23 1001 106 1046; x_wconf 90' lang='lat' dir='ltr'>bus</span> <span class='ocrx_word' id='word_1_99' title='bbox 142 1001 400 1061; x_wconf 85' lang='lat' dir='ltr'>promisisse.</span> <span class='ocrx_word' id='word_1_100' title='bbox 445 1000 666 1060; x_wconf 84' lang='lat' dir='ltr'>Scriptum</span> <span class='ocrx_word' id='word_1_101' title='bbox 720 1009 785 1045; x_wconf 87' lang='lat' dir='ltr'>est</span> <span class='ocrx_word' id='word_1_102' title='bbox 825 1000 954 1045; x_wconf 88' lang='lat' dir='ltr'>etiam</span> <span class='ocrx_word' id='word_1_103' title='bbox 992 1000 1038 1043; x_wconf 89' lang='lat' dir='ltr'>in</span> <span class='ocrx_word' id='word_1_104' title='bbox 1080 1000 1422 1047; x_wconf 84' lang='lat' dir='ltr'>Deuteronomio</span> 
     </span>
     <span class='ocr_line' id='line_1_13' title="bbox 23 1069 1424 1131; baseline -0.001 -15"><span class='ocrx_word' id='word_1_105' title='bbox 23 1071 165 1117; x_wconf 84' lang='lat' dir='ltr'>multo</span> <span class='ocrx_word' id='word_1_106' title='bbox 188 1071 454 1131; x_wconf 86' lang='lat' dir='ltr'>expressius:</span> <span class='ocrx_word' id='word_1_107' title='bbox 484 1091 504 1114; x_wconf 85' lang='lat'>«</span> <span class='ocrx_word' id='word_1_108' title='bbox 530 1072 574 1117; x_wconf 91' lang='lat' dir='ltr'>Si</span> <span class='ocrx_word' id='word_1_109' title='bbox 597 1081 745 1116; x_wconf 87' lang='lat' dir='ltr'>autem</span> <span class='ocrx_word' id='word_1_110' title='bbox 768 1070 993 1116; x_wconf 84' lang='lat' dir='ltr'>accesseris</span> <span class='ocrx_word' id='word_1_111' title='bbox 1016 1069 1072 1114; x_wconf 88' lang='lat' dir='ltr'>ad</span> <span class='ocrx_word' id='word_1_112' title='bbox 1101 1071 1323 1115; x_wconf 85' lang='lat' dir='ltr'>civitatem</span> <span class='ocrx_word' id='word_1_113' title='bbox 1348 1071 1424 1115; x_wconf 77' lang='lat' dir='ltr'>ex-</span> 
     </span>
     <span class='ocr_line' id='line_1_14' title="bbox 25 1139 1424 1203; baseline 0.001 -18"><span class='ocrx_word' id='word_1_114' title='bbox 25 1161 47 1185; x_wconf 91' lang='lat'>»</span> <span class='ocrx_word' id='word_1_115' title='bbox 81 1157 279 1203; x_wconf 83' lang='lat' dir='ltr'>pugnare</span> <span class='ocrx_word' id='word_1_116' title='bbox 308 1157 428 1197; x_wconf 84' lang='lat' dir='ltr'>eam,</span> <span class='ocrx_word' id='word_1_117' title='bbox 459 1151 503 1186; x_wconf 92' lang='lat' dir='ltr'>et</span> <span class='ocrx_word' id='word_1_118' title='bbox 535 1142 779 1186; x_wconf 85' lang='lat' dir='ltr'>evocaveris</span> <span class='ocrx_word' id='word_1_119' title='bbox 810 1157 882 1185; x_wconf 90' lang='lat' dir='ltr'>eos</span> <span class='ocrx_word' id='word_1_120' title='bbox 915 1156 1017 1185; x_wconf 89' lang='lat' dir='ltr'>cum</span> <span class='ocrx_word' id='word_1_121' title='bbox 1051 1157 1180 1201; x_wconf 88' lang='lat' dir='ltr'>pace,</span> <span class='ocrx_word' id='word_1_122' title='bbox 1207 1139 1424 1203; x_wconf 88' lang='lat' dir='ltr'>siquidem</span> 
     </span>
     <span class='ocr_line' id='line_1_15' title="bbox 25 1211 1426 1274; baseline 0 -18"><span class='ocrx_word' id='word_1_123' title='bbox 25 1232 45 1257; x_wconf 92' lang='lat'>»</span> <span class='ocrx_word' id='word_1_124' title='bbox 80 1213 264 1274; x_wconf 84' lang='lat' dir='ltr'>pacifica</span> <span class='ocrx_word' id='word_1_125' title='bbox 310 1211 613 1272; x_wconf 85' lang='lat' dir='ltr'>responderint</span> <span class='ocrx_word' id='word_1_126' title='bbox 648 1211 754 1262; x_wconf 85' lang='lat' dir='ltr'>tibi,</span> <span class='ocrx_word' id='word_1_127' title='bbox 790 1221 834 1256; x_wconf 92' lang='lat' dir='ltr'>et</span> <span class='ocrx_word' id='word_1_128' title='bbox 866 1211 1117 1271; x_wconf 88' lang='lat' dir='ltr'>aperuerint</span> <span class='ocrx_word' id='word_1_129' title='bbox 1161 1212 1237 1256; x_wconf 86' lang='lat' dir='ltr'>tibi</span> <span class='ocrx_word' id='word_1_130' title='bbox 1275 1227 1426 1257; x_wconf 90' lang='lat' dir='ltr'>omnes</span> 
     </span>
     <span class='ocr_line' id='line_1_16' title="bbox 23 1282 1425 1344; baseline 0.001 -17"><span class='ocrx_word' id='word_1_131' title='bbox 23 1302 45 1327; x_wconf 91' lang='lat'>»</span> <span class='ocrx_word' id='word_1_132' title='bbox 80 1283 234 1344; x_wconf 92' lang='lat' dir='ltr'>populi</span> <span class='ocrx_word' id='word_1_133' title='bbox 258 1284 334 1344; x_wconf 88' lang='lat' dir='ltr'>qui</span> <span class='ocrx_word' id='word_1_134' title='bbox 356 1284 522 1329; x_wconf 90' lang='lat' dir='ltr'>inventi</span> <span class='ocrx_word' id='word_1_135' title='bbox 551 1283 717 1327; x_wconf 88' lang='lat' dir='ltr'>fuerint</span> <span class='ocrx_word' id='word_1_136' title='bbox 749 1282 795 1326; x_wconf 92' lang='lat' dir='ltr'>in</span> <span class='ocrx_word' id='word_1_137' title='bbox 828 1283 1002 1327; x_wconf 83' lang='lat' dir='ltr'>civitate</span> <span class='ocrx_word' id='word_1_138' title='bbox 1026 1291 1158 1326; x_wconf 87' lang='lat' dir='ltr'>erunt</span> <span class='ocrx_word' id='word_1_139' title='bbox 1179 1282 1260 1327; x_wconf 85' lang='lat' dir='ltr'>tibi</span> <span class='ocrx_word' id='word_1_140' title='bbox 1283 1283 1425 1328; x_wconf 91' lang='lat' dir='ltr'>tribu-</span> 
     </span>
     <span class='ocr_line' id='line_1_17' title="bbox 23 1353 1424 1410; baseline 0.001 -11"><span class='ocrx_word' id='word_1_141' title='bbox 23 1373 45 1399; x_wconf 90' lang='lat'>»</span> <span class='ocrx_word' id='word_1_142' title='bbox 80 1355 178 1400; x_wconf 90' lang='lat' dir='ltr'>tarii</span> <span class='ocrx_word' id='word_1_143' title='bbox 210 1364 254 1399; x_wconf 91' lang='lat' dir='ltr'>et</span> <span class='ocrx_word' id='word_1_144' title='bbox 282 1353 537 1399; x_wconf 85' lang='lat' dir='ltr'>obedientes</span> <span class='ocrx_word' id='word_1_145' title='bbox 563 1353 632 1399; x_wconf 87' lang='lat' dir='ltr'>:si</span> <span class='ocrx_word' id='word_1_146' title='bbox 665 1363 812 1398; x_wconf 92' lang='lat' dir='ltr'>autem</span> <span class='ocrx_word' id='word_1_147' title='bbox 845 1369 935 1398; x_wconf 88' lang='lat' dir='ltr'>non</span> <span class='ocrx_word' id='word_1_148' title='bbox 972 1353 1218 1398; x_wconf 84' lang='lat' dir='ltr'>obedierint</span> <span class='ocrx_word' id='word_1_149' title='bbox 1250 1354 1354 1410; x_wconf 84' lang='lat' dir='ltr'>tibi,</span> <span class='ocrx_word' id='word_1_150' title='bbox 1381 1365 1424 1400; x_wconf 84' lang='lat' dir='ltr'>et</span> 
     </span>
     <span class='ocr_line' id='line_1_18' title="bbox 23 1423 1425 1480; baseline 0.001 -12"><span class='ocrx_word' id='word_1_151' title='bbox 23 1444 44 1469; x_wconf 92' lang='lat'>»</span> <span class='ocrx_word' id='word_1_152' title='bbox 79 1425 264 1470; x_wconf 85' lang='lat' dir='ltr'>fecerint</span> <span class='ocrx_word' id='word_1_153' title='bbox 286 1424 341 1469; x_wconf 92' lang='lat' dir='ltr'>ad</span> <span class='ocrx_word' id='word_1_154' title='bbox 363 1434 406 1469; x_wconf 87' lang='lat' dir='ltr'>te</span> <span class='ocrx_word' id='word_1_155' title='bbox 428 1424 618 1479; x_wconf 86' lang='lat' dir='ltr'>bellum,</span> <span class='ocrx_word' id='word_1_156' title='bbox 640 1433 684 1468; x_wconf 90' lang='lat' dir='ltr'>et</span> <span class='ocrx_word' id='word_1_157' title='bbox 706 1423 1045 1468; x_wconf 84' lang='lat' dir='ltr'>circumsedebis</span> <span class='ocrx_word' id='word_1_158' title='bbox 1068 1440 1163 1468; x_wconf 88' lang='lat' dir='ltr'>eam</span> <span class='ocrx_word' id='word_1_159' title='bbox 1177 1460 1187 1480; x_wconf 84' lang='lat'>‚</span> <span class='ocrx_word' id='word_1_160' title='bbox 1209 1434 1252 1469; x_wconf 90' lang='lat' dir='ltr'>et</span> <span class='ocrx_word' id='word_1_161' title='bbox 1281 1426 1425 1470; x_wconf 86' lang='lat' dir='ltr'>tradet</span> 
     </span>
     <span class='ocr_line' id='line_1_19' title="bbox 22 1496 1423 1550; baseline 0.001 -10"><span class='ocrx_word' id='word_1_162' title='bbox 22 1515 44 1540; x_wconf 96' lang='lat'>»</span> <span class='ocrx_word' id='word_1_163' title='bbox 80 1512 173 1542; x_wconf 88' lang='lat' dir='ltr'>eam</span> <span class='ocrx_word' id='word_1_164' title='bbox 210 1497 421 1541; x_wconf 90' lang='lat' dir='ltr'>Dominus</span> <span class='ocrx_word' id='word_1_165' title='bbox 451 1499 566 1540; x_wconf 85' lang='lat' dir='ltr'>Deus</span> <span class='ocrx_word' id='word_1_166' title='bbox 600 1504 702 1540; x_wconf 89' lang='lat' dir='ltr'>tuus</span> <span class='ocrx_word' id='word_1_167' title='bbox 723 1496 768 1538; x_wconf 86' lang='lat' dir='ltr'>in</span> <span class='ocrx_word' id='word_1_168' title='bbox 791 1511 946 1540; x_wconf 91' lang='lat' dir='ltr'>manus</span> <span class='ocrx_word' id='word_1_169' title='bbox 976 1505 1095 1550; x_wconf 82' lang='lat' dir='ltr'>tuas,</span> <span class='ocrx_word' id='word_1_170' title='bbox 1118 1505 1162 1540; x_wconf 90' lang='lat' dir='ltr'>ct</span> <span class='ocrx_word' id='word_1_171' title='bbox 1190 1497 1423 1543; x_wconf 84' lang='lat' dir='ltr'>interficies</span> 
     </span>
     <span class='ocr_line' id='line_1_20' title="bbox 21 1566 1422 1627; baseline 0.001 -16"><span class='ocrx_word' id='word_1_172' title='bbox 21 1586 44 1611; x_wconf 88' lang='lat'>»</span> <span class='ocrx_word' id='word_1_173' title='bbox 79 1583 209 1613; x_wconf 88' lang='lat' dir='ltr'>omne</span> <span class='ocrx_word' id='word_1_174' title='bbox 230 1566 521 1611; x_wconf 86' lang='lat' dir='ltr'>masculinum</span> <span class='ocrx_word' id='word_1_175' title='bbox 545 1567 639 1627; x_wconf 87' lang='lat' dir='ltr'>ejus</span> <span class='ocrx_word' id='word_1_176' title='bbox 656 1567 702 1610; x_wconf 89' lang='lat' dir='ltr'>in</span> <span class='ocrx_word' id='word_1_177' title='bbox 722 1582 828 1610; x_wconf 89' lang='lat' dir='ltr'>nece</span> <span class='ocrx_word' id='word_1_178' title='bbox 850 1566 998 1625; x_wconf 78' lang='lat' dir='ltr'>gladii,</span> <span class='ocrx_word' id='word_1_179' title='bbox 1016 1577 1176 1627; x_wconf 82' lang='lat' dir='ltr'>praeter</span> <span class='ocrx_word' id='word_1_180' title='bbox 1193 1568 1422 1626; x_wconf 87' lang='lat' dir='ltr'>mulieres,</span> 
     </span>
     <span class='ocr_line' id='line_1_21' title="bbox 22 1637 1423 1701; baseline 0.001 -19"><span class='ocrx_word' id='word_1_181' title='bbox 22 1657 44 1682; x_wconf 91' lang='lat'>»</span> <span class='ocrx_word' id='word_1_182' title='bbox 79 1649 123 1684; x_wconf 91' lang='lat' dir='ltr'>et</span> <span class='ocrx_word' id='word_1_183' title='bbox 138 1637 486 1698; x_wconf 83' lang='lat' dir='ltr'>suppellectilem</span> <span class='ocrx_word' id='word_1_184' title='bbox 499 1647 542 1682; x_wconf 93' lang='lat' dir='ltr'>et</span> <span class='ocrx_word' id='word_1_185' title='bbox 557 1639 705 1682; x_wconf 84' lang='lat' dir='ltr'>omnia</span> <span class='ocrx_word' id='word_1_186' title='bbox 721 1654 879 1698; x_wconf 83' lang='lat' dir='ltr'>pecora</span> <span class='ocrx_word' id='word_1_187' title='bbox 897 1648 940 1682; x_wconf 89' lang='lat' dir='ltr'>et</span> <span class='ocrx_word' id='word_1_188' title='bbox 958 1639 1104 1683; x_wconf 86' lang='lat' dir='ltr'>omnia</span> <span class='ocrx_word' id='word_1_189' title='bbox 1126 1655 1423 1701; x_wconf 84' lang='lat' dir='ltr'>quaecumque</span> 
     </span>
     <span class='ocr_line' id='line_1_22' title="bbox 21 1708 1424 1769; baseline 0.001 -15"><span class='ocrx_word' id='word_1_190' title='bbox 21 1728 43 1754; x_wconf 88' lang='lat'>»</span> <span class='ocrx_word' id='word_1_191' title='bbox 78 1709 244 1755; x_wconf 86' lang='lat' dir='ltr'>fuerint</span> <span class='ocrx_word' id='word_1_192' title='bbox 266 1710 312 1752; x_wconf 91' lang='lat' dir='ltr'>in</span> <span class='ocrx_word' id='word_1_193' title='bbox 338 1708 512 1752; x_wconf 85' lang='lat' dir='ltr'>civitate</span> <span class='ocrx_word' id='word_1_194' title='bbox 536 1718 580 1752; x_wconf 89' lang='lat' dir='ltr'>et</span> <span class='ocrx_word' id='word_1_195' title='bbox 602 1709 746 1752; x_wconf 84' lang='lat' dir='ltr'>omnia</span> <span class='ocrx_word' id='word_1_196' title='bbox 762 1708 961 1753; x_wconf 89' lang='lat' dir='ltr'>utensilia</span> <span class='ocrx_word' id='word_1_197' title='bbox 978 1709 1243 1769; x_wconf 84' lang='lat' dir='ltr'>praedaberis</span> <span class='ocrx_word' id='word_1_198' title='bbox 1262 1711 1360 1766; x_wconf 85' lang='lat' dir='ltr'>tibi,</span> <span class='ocrx_word' id='word_1_199' title='bbox 1381 1721 1424 1756; x_wconf 88' lang='lat' dir='ltr'>et</span> 
     </span>
     <span class='ocr_line' id='line_1_23' title="bbox 21 1777 1421 1842; baseline 0.001 -18"><span class='ocrx_word' id='word_1_200' title='bbox 21 1799 43 1824; x_wconf 92' lang='lat'>»</span> <span class='ocrx_word' id='word_1_201' title='bbox 79 1780 179 1824; x_wconf 86' lang='lat' dir='ltr'>edes</span> <span class='ocrx_word' id='word_1_202' title='bbox 211 1795 388 1824; x_wconf 91' lang='lat' dir='ltr'>omnem</span> <span class='ocrx_word' id='word_1_203' title='bbox 418 1777 736 1838; x_wconf 78' lang='lat' dir='ltr'>praedationem</span> <span class='ocrx_word' id='word_1_204' title='bbox 771 1779 1049 1824; x_wconf 88' lang='lat' dir='ltr'>inimicorum</span> <span class='ocrx_word' id='word_1_205' title='bbox 1083 1789 1284 1836; x_wconf 86' lang='lat' dir='ltr'>tuorum,</span> <span class='ocrx_word' id='word_1_206' title='bbox 1311 1797 1421 1842; x_wconf 88' lang='lat' dir='ltr'>quos</span> 
     </span>
     <span class='ocr_line' id='line_1_24' title="bbox 20 1848 1422 1897; baseline 0.001 -1"><span class='ocrx_word' id='word_1_207' title='bbox 20 1869 42 1895; x_wconf 94' lang='lat'>»</span> <span class='ocrx_word' id='word_1_208' title='bbox 77 1851 289 1896; x_wconf 89' lang='lat' dir='ltr'>Dominus</span> <span class='ocrx_word' id='word_1_209' title='bbox 312 1853 426 1893; x_wconf 89' lang='lat' dir='ltr'>Deus</span> <span class='ocrx_word' id='word_1_210' title='bbox 451 1859 550 1893; x_wconf 78' lang='lat' dir='ltr'>tuus</span> <span class='ocrx_word' id='word_1_211' title='bbox 577 1848 700 1893; x_wconf 90' lang='lat' dir='ltr'>dabit</span> <span class='ocrx_word' id='word_1_212' title='bbox 726 1849 818 1893; x_wconf 90' lang='lat' dir='ltr'>tibi.</span> <span class='ocrx_word' id='word_1_213' title='bbox 846 1850 913 1894; x_wconf 89' lang='lat' dir='ltr'>Sic</span> <span class='ocrx_word' id='word_1_214' title='bbox 936 1850 1065 1894; x_wconf 87' lang='lat' dir='ltr'>facies</span> <span class='ocrx_word' id='word_1_215' title='bbox 1086 1851 1290 1896; x_wconf 90' lang='lat' dir='ltr'>omnibus</span> <span class='ocrx_word' id='word_1_216' title='bbox 1314 1853 1422 1897; x_wconf 88' lang='lat' dir='ltr'>civi-</span> 
     </span>
     <span class='ocr_line' id='line_1_25' title="bbox 20 1919 1420 1982; baseline 0.002 -17"><span class='ocrx_word' id='word_1_217' title='bbox 20 1939 42 1966; x_wconf 92' lang='lat'>»</span> <span class='ocrx_word' id='word_1_218' title='bbox 78 1922 240 1965; x_wconf 87' lang='lat' dir='ltr'>tatibus</span> <span class='ocrx_word' id='word_1_219' title='bbox 273 1936 373 1980; x_wconf 83' lang='lat' dir='ltr'>quae</span> <span class='ocrx_word' id='word_1_220' title='bbox 404 1919 533 1976; x_wconf 83' lang='lat' dir='ltr'>longe</span> <span class='ocrx_word' id='word_1_221' title='bbox 568 1929 671 1964; x_wconf 80' lang='lat' dir='ltr'>sunt</span> <span class='ocrx_word' id='word_1_222' title='bbox 708 1936 731 1964; x_wconf 87' lang='lat' dir='ltr'>a</span> <span class='ocrx_word' id='word_1_223' title='bbox 766 1929 808 1964; x_wconf 88' lang='lat' dir='ltr'>te</span> <span class='ocrx_word' id='word_1_224' title='bbox 840 1920 991 1976; x_wconf 80' lang='lat' dir='ltr'>valde,</span> <span class='ocrx_word' id='word_1_225' title='bbox 1018 1938 1117 1982; x_wconf 83' lang='lat' dir='ltr'>quae</span> <span class='ocrx_word' id='word_1_226' title='bbox 1149 1938 1239 1966; x_wconf 90' lang='lat' dir='ltr'>non</span> <span class='ocrx_word' id='word_1_227' title='bbox 1271 1932 1375 1968; x_wconf 90' lang='lat' dir='ltr'>sunt</span> <span class='ocrx_word' id='word_1_228' title='bbox 1397 1939 1420 1968; x_wconf 85' lang='lat' dir='ltr'>a</span> 
     </span>
     <span class='ocr_line' id='line_1_26' title="bbox 21 1991 1417 2050; baseline 0.002 -13"><span class='ocrx_word' id='word_1_229' title='bbox 21 2011 42 2037; x_wconf 90' lang='lat'>»</span> <span class='ocrx_word' id='word_1_230' title='bbox 77 1993 325 2037; x_wconf 83' lang='lat' dir='ltr'>civitatibus</span> <span class='ocrx_word' id='word_1_231' title='bbox 349 1991 545 2050; x_wconf 82' lang='lat' dir='ltr'>gentium</span> <span class='ocrx_word' id='word_1_232' title='bbox 568 1991 764 2036; x_wconf 88' lang='lat' dir='ltr'>istarum.</span> <span class='ocrx_word' id='word_1_233' title='bbox 787 1995 900 2037; x_wconf 88' lang='lat' dir='ltr'>Ecce</span> <span class='ocrx_word' id='word_1_234' title='bbox 924 2002 1069 2036; x_wconf 86' lang='lat' dir='ltr'>autem</span> <span class='ocrx_word' id='word_1_235' title='bbox 1092 2009 1143 2037; x_wconf 84' lang='lat' dir='ltr'>ex</span> <span class='ocrx_word' id='word_1_236' title='bbox 1165 1994 1417 2040; x_wconf 86' lang='lat' dir='ltr'>civitatibus</span> 
     </span>
     <span class='ocr_line' id='line_1_27' title="bbox 21 2062 1418 2124; baseline 0.004 -18"><span class='ocrx_word' id='word_1_237' title='bbox 21 2081 43 2106; x_wconf 94' lang='lat'>»</span> <span class='ocrx_word' id='word_1_238' title='bbox 77 2064 182 2117; x_wconf 76' lang='lat' dir='ltr'>istis,</span> <span class='ocrx_word' id='word_1_239' title='bbox 195 2079 302 2124; x_wconf 92' lang='lat' dir='ltr'>quas</span> <span class='ocrx_word' id='word_1_240' title='bbox 316 2062 525 2107; x_wconf 89' lang='lat' dir='ltr'>Dominus</span> <span class='ocrx_word' id='word_1_241' title='bbox 545 2065 657 2106; x_wconf 87' lang='lat' dir='ltr'>Deus</span> <span class='ocrx_word' id='word_1_242' title='bbox 674 2072 774 2106; x_wconf 88' lang='lat' dir='ltr'>tuus</span> <span class='ocrx_word' id='word_1_243' title='bbox 789 2062 864 2107; x_wconf 85' lang='lat' dir='ltr'>dat</span> <span class='ocrx_word' id='word_1_244' title='bbox 882 2064 960 2107; x_wconf 89' lang='lat' dir='ltr'>tibi</span> <span class='ocrx_word' id='word_1_245' title='bbox 976 2064 1236 2110; x_wconf 85' lang='lat' dir='ltr'>haereditare</span> <span class='ocrx_word' id='word_1_246' title='bbox 1256 2075 1418 2111; x_wconf 84' lang='lat' dir='ltr'>terram</span> 
     </span>
     <span class='ocr_line' id='line_1_28' title="bbox 20 2134 1418 2191; baseline 0.004 -13"><span class='ocrx_word' id='word_1_247' title='bbox 20 2154 42 2179; x_wconf 93' lang='lat'>»</span> <span class='ocrx_word' id='word_1_248' title='bbox 78 2151 245 2190; x_wconf 80' lang='lat' dir='ltr'>eorum,</span> <span class='ocrx_word' id='word_1_249' title='bbox 263 2151 353 2180; x_wconf 90' lang='lat' dir='ltr'>non</span> <span class='ocrx_word' id='word_1_250' title='bbox 376 2134 611 2179; x_wconf 83' lang='lat' dir='ltr'>vivificabis</span> <span class='ocrx_word' id='word_1_251' title='bbox 632 2151 806 2180; x_wconf 90' lang='lat' dir='ltr'>omnem</span> <span class='ocrx_word' id='word_1_252' title='bbox 827 2136 998 2191; x_wconf 88' lang='lat' dir='ltr'>vivum,</span> <span class='ocrx_word' id='word_1_253' title='bbox 1020 2136 1096 2182; x_wconf 67' lang='lat' dir='ltr'>sed,</span> <span class='ocrx_word' id='word_1_254' title='bbox 1114 2139 1418 2184; x_wconf 80' lang='lat' dir='ltr'>anathemabis</span> 
     </span>
     <span class='ocr_line' id='line_1_29' title="bbox 18 2208 1415 2261; baseline 0.006 -13"><span class='ocrx_word' id='word_1_255' title='bbox 18 2225 39 2249; x_wconf 91' lang='lat'>»</span> <span class='ocrx_word' id='word_1_256' title='bbox 75 2222 169 2261; x_wconf 88' lang='lat' dir='ltr'>eos,</span> <span class='ocrx_word' id='word_1_257' title='bbox 186 2208 433 2252; x_wconf 84' lang='lat' dir='ltr'>Cetthaeum</span> <span class='ocrx_word' id='word_1_258' title='bbox 451 2216 494 2250; x_wconf 92' lang='lat' dir='ltr'>et</span> <span class='ocrx_word' id='word_1_259' title='bbox 512 2209 815 2252; x_wconf 74' lang='lat' dir='ltr'>Amorrhaeum</span> <span class='ocrx_word' id='word_1_260' title='bbox 840 2219 884 2254; x_wconf 91' lang='lat' dir='ltr'>et</span> <span class='ocrx_word' id='word_1_261' title='bbox 904 2211 1204 2255; x_wconf 77' lang='lat' dir='ltr'>Cliananaeum</span> <span class='ocrx_word' id='word_1_262' title='bbox 1229 2221 1273 2256; x_wconf 88' lang='lat' dir='ltr'>et</span> <span class='ocrx_word' id='word_1_263' title='bbox 1299 2212 1415 2257; x_wconf 78' lang='lat' dir='ltr'>Phe-</span> 
     </span>
     <span class='ocr_line' id='line_1_30' title="bbox 19 2280 1411 2344; baseline 0.006 -23"><span class='ocrx_word' id='word_1_264' title='bbox 19 2296 41 2320; x_wconf 91' lang='lat'>»</span> <span class='ocrx_word' id='word_1_265' title='bbox 76 2294 256 2322; x_wconf 78' lang='lat' dir='ltr'>resaeum</span> <span class='ocrx_word' id='word_1_266' title='bbox 280 2288 321 2323; x_wconf 88' lang='lat' dir='ltr'>et</span> <span class='ocrx_word' id='word_1_267' title='bbox 337 2282 518 2323; x_wconf 83' lang='lat' dir='ltr'>Evaeum</span> <span class='ocrx_word' id='word_1_268' title='bbox 537 2289 579 2323; x_wconf 88' lang='lat' dir='ltr'>et</span> <span class='ocrx_word' id='word_1_269' title='bbox 598 2280 848 2326; x_wconf 86' lang='lat' dir='ltr'>Jebusaeum</span> <span class='ocrx_word' id='word_1_270' title='bbox 864 2292 907 2326; x_wconf 83' lang='lat' dir='ltr'>et</span> <span class='ocrx_word' id='word_1_271' title='bbox 921 2285 1199 2342; x_wconf 79' lang='lat' dir='ltr'>Gergesaeum</span> <span class='ocrx_word' id='word_1_272' title='bbox 1213 2318 1224 2338; x_wconf 91' lang='lat'>‚</span> <span class='ocrx_word' id='word_1_273' title='bbox 1252 2300 1411 2344; x_wconf 84' lang='lat' dir='ltr'>quem-</span> 
     </span>
     <span class='ocr_line' id='line_1_31' title="bbox 21 2348 1417 2401; baseline 0.006 -9"><span class='ocrx_word' id='word_1_274' title='bbox 21 2367 43 2391; x_wconf 94' lang='lat'>»</span> <span class='ocrx_word' id='word_1_275' title='bbox 78 2348 316 2393; x_wconf 87' lang='lat' dir='ltr'>admodum</span> <span class='ocrx_word' id='word_1_276' title='bbox 339 2350 563 2395; x_wconf 83' lang='lat' dir='ltr'>mandavit</span> <span class='ocrx_word' id='word_1_277' title='bbox 586 2351 665 2395; x_wconf 84' lang='lat' dir='ltr'>tibi</span> <span class='ocrx_word' id='word_1_278' title='bbox 684 2354 893 2398; x_wconf 88' lang='lat' dir='ltr'>Dominus</span> <span class='ocrx_word' id='word_1_279' title='bbox 917 2358 1031 2399; x_wconf 84' lang='lat' dir='ltr'>Deus</span> <span class='ocrx_word' id='word_1_280' title='bbox 1055 2358 1199 2399; x_wconf 71' lang='lat' dir='ltr'>tuus².</span> <span class='ocrx_word' id='word_1_281' title='bbox 1226 2373 1246 2396; x_wconf 88' lang='lat'>»</span> <span class='ocrx_word' id='word_1_282' title='bbox 1268 2358 1324 2400; x_wconf 92' lang='lat' dir='ltr'>Et</span> <span class='ocrx_word' id='word_1_283' title='bbox 1345 2356 1417 2401; x_wconf 89' lang='lat' dir='ltr'>hic</span> 
     </span>
     <span class='ocr_line' id='line_1_32' title="bbox 18 2421 1412 2483; baseline 0.006 -19"><span class='ocrx_word' id='word_1_284' title='bbox 18 2421 196 2465; x_wconf 84' lang='lat' dir='ltr'>istarum</span> <span class='ocrx_word' id='word_1_285' title='bbox 211 2431 373 2481; x_wconf 83' lang='lat' dir='ltr'>septem</span> <span class='ocrx_word' id='word_1_286' title='bbox 389 2422 584 2480; x_wconf 82' lang='lat' dir='ltr'>gentium</span> <span class='ocrx_word' id='word_1_287' title='bbox 598 2433 754 2467; x_wconf 86' lang='lat' dir='ltr'>terram</span> <span class='ocrx_word' id='word_1_288' title='bbox 766 2426 1018 2483; x_wconf 81' lang='lat' dir='ltr'>promissam</span> <span class='ocrx_word' id='word_1_289' title='bbox 1030 2427 1074 2470; x_wconf 92' lang='lat' dir='ltr'>in</span> <span class='ocrx_word' id='word_1_290' title='bbox 1090 2426 1412 2483; x_wconf 76' lang='lat' dir='ltr'>haereditatem,</span> 
     </span>
     <span class='ocr_line' id='line_1_33' title="bbox 19 2490 1416 2556; baseline 0.006 -22"><span class='ocrx_word' id='word_1_291' title='bbox 19 2507 151 2551; x_wconf 88' lang='lat' dir='ltr'>quam</span> <span class='ocrx_word' id='word_1_292' title='bbox 173 2490 398 2538; x_wconf 83' lang='lat' dir='ltr'>debellatis</span> <span class='ocrx_word' id='word_1_293' title='bbox 421 2510 558 2553; x_wconf 83' lang='lat' dir='ltr'>usque</span> <span class='ocrx_word' id='word_1_294' title='bbox 585 2493 640 2538; x_wconf 83' lang='lat' dir='ltr'>ad</span> <span class='ocrx_word' id='word_1_295' title='bbox 657 2495 997 2540; x_wconf 79' lang='lat' dir='ltr'>internecionem</span> <span class='ocrx_word' id='word_1_296' title='bbox 1020 2495 1183 2542; x_wconf 85' lang='lat' dir='ltr'>eisdem</span> <span class='ocrx_word' id='word_1_297' title='bbox 1209 2498 1416 2556; x_wconf 84' lang='lat' dir='ltr'>gentibus</span> 
     </span>
    </p>
   </div>
   <div class='ocr_carea' id='block_1_3' title="bbox 67 2576 865 2623">
    <p class='ocr_par' dir='ltr' id='par_1_3' title="bbox 67 2576 865 2623">
     <span class='ocr_line' id='line_1_34' title="bbox 67 2576 865 2623; baseline 0.006 -16"><span class='ocrx_word' id='word_1_298' title='bbox 67 2584 74 2598; x_wconf 77' lang='lat'>¹</span> <span class='ocrx_word' id='word_1_299' title='bbox 104 2576 199 2608; x_wconf 58' lang='lat' dir='ltr'>mod.</span> <span class='ocrx_word' id='word_1_300' title='bbox 222 2588 329 2613; x_wconf 73' lang='lat' dir='ltr'>xxxin,</span> <span class='ocrx_word' id='word_1_301' title='bbox 354 2590 380 2616; x_wconf 81' lang='grc' dir='ltr'>ι,</span> <span class='ocrx_word' id='word_1_302' title='bbox 404 2587 433 2609; x_wconf 76' lang='lat'>2.</span> <span class='ocrx_word' id='word_1_303' title='bbox 463 2596 503 2600; x_wconf 83' lang='lat'><strong>—</strong></span> <span class='ocrx_word' id='word_1_304' title='bbox 525 2585 536 2600; x_wconf 86' lang='lat'>²</span> <span class='ocrx_word' id='word_1_305' title='bbox 559 2582 649 2610; x_wconf 77' lang='lat' dir='ltr'>Dent.</span> <span class='ocrx_word' id='word_1_306' title='bbox 673 2591 726 2621; x_wconf 73' lang='lat' dir='ltr'>xx,</span> <span class='ocrx_word' id='word_1_307' title='bbox 759 2591 865 2623; x_wconf 78' lang='lat'><strong>10-17.</strong></span> 
     </span>
    </p>
   </div>
  </div>
 </body>
</html>
