<?xml version="1.0" encoding="UTF-8"?>
<!DOCTYPE html PUBLIC "-//W3C//DTD XHTML 1.0 Transitional//EN"
    "http://www.w3.org/TR/xhtml1/DTD/xhtml1-transitional.dtd">
<html xmlns="http://www.w3.org/1999/xhtml" xml:lang="en" lang="en">
 <head>
  <title>
</title>
<meta http-equiv="Content-Type" content="text/html;charset=utf-8" />
  <meta name='ocr-system' content='tesseract 3.04.00' />
  <meta name='ocr-capabilities' content='ocr_page ocr_carea ocr_par ocr_line ocrx_word'/>
</head>
<body>
  <div class='ocr_page' id='page_1' title='image "./operaomniaaccura06auguuoft_0153.png"; bbox 0 0 1872 3267; ppageno 0'>
   <div class='ocr_carea' id='block_1_1' title="bbox 357 194 1447 245">
    <p class='ocr_par' dir='ltr' id='par_1_1' title="bbox 357 194 1447 245">
     <span class='ocr_line' id='line_1_1' title="bbox 357 194 1447 245; baseline -0.003 -10"><span class='ocrx_word' id='word_1_1' title='bbox 357 206 624 245; x_wconf 69' lang='lat' dir='ltr'>QUAEsTioNEs</span> <span class='ocrx_word' id='word_1_2' title='bbox 656 209 703 235; x_wconf 73' lang='lat' dir='ltr'><strong>m</strong></span> <span class='ocrx_word' id='word_1_3' title='bbox 734 206 946 245; x_wconf 63' lang='lat' dir='ltr'>Genesim,</span> <span class='ocrx_word' id='word_1_4' title='bbox 983 208 1064 234; x_wconf 76' lang='lat' dir='ltr'>Lm.</span> <span class='ocrx_word' id='word_1_5' title='bbox 1102 208 1131 232; x_wconf 88' lang='lat'>1.</span> <span class='ocrx_word' id='word_1_6' title='bbox 1367 194 1447 233; x_wconf 77' lang='lat'>143</span> 
     </span>
    </p>
   </div>
   <div class='ocr_carea' id='block_1_2' title="bbox 61 271 1450 550">
    <p class='ocr_par' dir='ltr' id='par_1_2' title="bbox 61 271 1450 550">
     <span class='ocr_line' id='line_1_2' title="bbox 64 271 1450 335; baseline 0 -19"><span class='ocrx_word' id='word_1_7' title='bbox 64 283 243 334; x_wconf 82' lang='lat' dir='ltr'>puteum</span> <span class='ocrx_word' id='word_1_8' title='bbox 258 310 268 329; x_wconf 79' lang='grc'>,</span> <span class='ocrx_word' id='word_1_9' title='bbox 295 290 428 335; x_wconf 83' lang='lat' dir='ltr'>quem</span> <span class='ocrx_word' id='word_1_10' title='bbox 446 273 614 319; x_wconf 79' lang='lat' dir='ltr'>foderat</span> <span class='ocrx_word' id='word_1_11' title='bbox 637 274 855 319; x_wconf 81' lang='lat' dir='ltr'>Abraham</span> <span class='ocrx_word' id='word_1_12' title='bbox 868 309 878 328; x_wconf 79' lang='lat'>‚</span> <span class='ocrx_word' id='word_1_13' title='bbox 899 273 1119 317; x_wconf 75' lang='lat' dir='ltr'>nesciebat</span> <span class='ocrx_word' id='word_1_14' title='bbox 1134 274 1251 330; x_wconf 84' lang='lat' dir='ltr'>Agar</span> <span class='ocrx_word' id='word_1_15' title='bbox 1267 306 1278 326; x_wconf 78' lang='lat'>,</span> <span class='ocrx_word' id='word_1_16' title='bbox 1299 271 1333 315; x_wconf 87' lang='lat' dir='ltr'>si</span> <span class='ocrx_word' id='word_1_17' title='bbox 1349 281 1450 316; x_wconf 89' lang='lat' dir='ltr'>ante</span> 
     </span>
     <span class='ocr_line' id='line_1_3' title="bbox 63 343 1446 408; baseline -0.001 -18"><span class='ocrx_word' id='word_1_18' title='bbox 63 356 126 391; x_wconf 87' lang='lat' dir='ltr'>est</span> <span class='ocrx_word' id='word_1_19' title='bbox 146 345 216 390; x_wconf 90' lang='lat' dir='ltr'>ille</span> <span class='ocrx_word' id='word_1_20' title='bbox 238 345 378 391; x_wconf 83' lang='lat' dir='ltr'>fossus</span> <span class='ocrx_word' id='word_1_21' title='bbox 400 362 528 408; x_wconf 86' lang='lat' dir='ltr'>quam</span> <span class='ocrx_word' id='word_1_22' title='bbox 548 345 620 390; x_wconf 86' lang='lat' dir='ltr'>illa</span> <span class='ocrx_word' id='word_1_23' title='bbox 644 345 834 406; x_wconf 82' lang='lat' dir='ltr'>expulsa.</span> <span class='ocrx_word' id='word_1_24' title='bbox 862 344 1000 389; x_wconf 80' lang='lat' dir='ltr'>Valde</span> <span class='ocrx_word' id='word_1_25' title='bbox 1022 343 1138 388; x_wconf 90' lang='lat' dir='ltr'>enim</span> <span class='ocrx_word' id='word_1_26' title='bbox 1161 343 1254 386; x_wconf 87' lang='lat' dir='ltr'>fieri</span> <span class='ocrx_word' id='word_1_27' title='bbox 1276 344 1446 404; x_wconf 86' lang='lat' dir='ltr'>potuit,</span> 
     </span>
     <span class='ocr_line' id='line_1_4' title="bbox 62 413 1449 477; baseline -0.001 -15"><span class='ocrx_word' id='word_1_28' title='bbox 62 426 110 462; x_wconf 90' lang='lat' dir='ltr'>ut</span> <span class='ocrx_word' id='word_1_29' title='bbox 136 432 342 477; x_wconf 79' lang='lat' dir='ltr'>pecorum</span> <span class='ocrx_word' id='word_1_30' title='bbox 375 433 554 462; x_wconf 86' lang='lat' dir='ltr'>suorum</span> <span class='ocrx_word' id='word_1_31' title='bbox 591 432 744 472; x_wconf 80' lang='lat' dir='ltr'>causa,</span> <span class='ocrx_word' id='word_1_32' title='bbox 770 415 899 476; x_wconf 82' lang='lat' dir='ltr'>longe</span> <span class='ocrx_word' id='word_1_33' title='bbox 929 432 953 460; x_wconf 89' lang='lat' dir='ltr'>a</span> <span class='ocrx_word' id='word_1_34' title='bbox 987 414 1120 460; x_wconf 91' lang='lat' dir='ltr'>domo</span> <span class='ocrx_word' id='word_1_35' title='bbox 1154 413 1201 456; x_wconf 90' lang='lat' dir='ltr'>in</span> <span class='ocrx_word' id='word_1_36' title='bbox 1229 429 1316 474; x_wconf 86' lang='lat' dir='ltr'>qua</span> <span class='ocrx_word' id='word_1_37' title='bbox 1348 430 1449 460; x_wconf 85' lang='lat' dir='ltr'>cum</span> 
     </span>
     <span class='ocr_line' id='line_1_5' title="bbox 61 484 1297 550; baseline -0.003 -16"><span class='ocrx_word' id='word_1_38' title='bbox 61 488 147 534; x_wconf 85' lang='lat' dir='ltr'>suis</span> <span class='ocrx_word' id='word_1_39' title='bbox 162 487 390 533; x_wconf 81' lang='lat' dir='ltr'>habitabat</span> <span class='ocrx_word' id='word_1_40' title='bbox 405 524 416 544; x_wconf 84' lang='lat'>,</span> <span class='ocrx_word' id='word_1_41' title='bbox 434 497 618 549; x_wconf 89' lang='lat' dir='ltr'>puteum</span> <span class='ocrx_word' id='word_1_42' title='bbox 635 487 805 533; x_wconf 81' lang='lat' dir='ltr'>foderet</span> <span class='ocrx_word' id='word_1_43' title='bbox 817 524 828 544; x_wconf 70' lang='lat'>⁷</span> <span class='ocrx_word' id='word_1_44' title='bbox 853 503 987 550; x_wconf 86' lang='lat' dir='ltr'>quem</span> <span class='ocrx_word' id='word_1_45' title='bbox 1003 485 1078 530; x_wconf 87' lang='lat' dir='ltr'>illa</span> <span class='ocrx_word' id='word_1_46' title='bbox 1099 484 1297 530; x_wconf 87' lang='lat' dir='ltr'>nesciret.</span> 
     </span>
    </p>
   </div>
   <div class='ocr_carea' id='block_1_3' title="bbox 570 599 937 649">
    <p class='ocr_par' dir='ltr' id='par_1_3' title="bbox 570 599 937 649">
     <span class='ocr_line' id='line_1_6' title="bbox 570 599 937 649; baseline 0 -11"><span class='ocrx_word' id='word_1_47' title='bbox 570 599 806 649; x_wconf 68' lang='lat' dir='ltr'>Qu—Es‘rlo</span> <span class='ocrx_word' id='word_1_48' title='bbox 838 601 937 639; x_wconf 75' lang='lat' dir='ltr'>Lvi.</span> 
     </span>
    </p>
   </div>
   <div class='ocr_carea' id='block_1_4' title="bbox 57 701 1450 1261">
    <p class='ocr_par' dir='ltr' id='par_1_4' title="bbox 57 701 1450 1261">
     <span class='ocr_line' id='line_1_7' title="bbox 117 701 1450 764; baseline 0 -18"><span class='ocrx_word' id='word_1_49' title='bbox 117 705 270 757; x_wconf 78' lang='lat' dir='ltr'>QuAEm</span> <span class='ocrx_word' id='word_1_50' title='bbox 292 710 460 762; x_wconf 83' lang='lat' dir='ltr'>potest,</span> <span class='ocrx_word' id='word_1_51' title='bbox 488 701 712 763; x_wconf 87' lang='lat' dir='ltr'>quomodo</span> <span class='ocrx_word' id='word_1_52' title='bbox 739 701 794 747; x_wconf 81' lang='lat' dir='ltr'>ad</span> <span class='ocrx_word' id='word_1_53' title='bbox 820 706 1008 748; x_wconf 82' lang='lat' dir='ltr'><strong>Puteum</strong></span> <span class='ocrx_word' id='word_1_54' title='bbox 1032 702 1270 764; x_wconf 85' lang='lat' dir='ltr'>juramenti</span> <span class='ocrx_word' id='word_1_55' title='bbox 1296 717 1450 761; x_wconf 87' lang='lat' dir='ltr'>agrum</span> 
     </span>
     <span class='ocr_line' id='line_1_8' title="bbox 59 771 1449 835; baseline -0.001 -17"><span class='ocrx_word' id='word_1_56' title='bbox 59 773 329 834; x_wconf 82' lang='lat' dir='ltr'><strong>plantaverat</strong></span> <span class='ocrx_word' id='word_1_57' title='bbox 364 773 632 829; x_wconf 77' lang='lat' dir='ltr'>Abraham1‚</span> <span class='ocrx_word' id='word_1_58' title='bbox 668 774 700 817; x_wconf 86' lang='lat' dir='ltr'>si</span> <span class='ocrx_word' id='word_1_59' title='bbox 734 774 778 817; x_wconf 90' lang='lat' dir='ltr'>in</span> <span class='ocrx_word' id='word_1_60' title='bbox 805 783 919 818; x_wconf 85' lang='lat' dir='ltr'>terra</span> <span class='ocrx_word' id='word_1_61' title='bbox 941 773 1038 830; x_wconf 81' lang='lat' dir='ltr'>illa,</span> <span class='ocrx_word' id='word_1_62' title='bbox 1073 771 1449 835; x_wconf 84' lang='lat' dir='ltr'>quemadmodum</span> 
     </span>
     <span class='ocr_line' id='line_1_9' title="bbox 62 843 1449 905; baseline -0.001 -15"><span class='ocrx_word' id='word_1_63' title='bbox 62 845 303 905; x_wconf 83' lang='lat' dir='ltr'>Stephanus</span> <span class='ocrx_word' id='word_1_64' title='bbox 331 843 460 901; x_wconf 84' lang='lat' dir='ltr'>dicit,</span> <span class='ocrx_word' id='word_1_65' title='bbox 497 860 587 890; x_wconf 91' lang='lat' dir='ltr'>non</span> <span class='ocrx_word' id='word_1_66' title='bbox 610 854 835 905; x_wconf 86' lang='lat' dir='ltr'>acceperat</span> <span class='ocrx_word' id='word_1_67' title='bbox 860 844 1192 889; x_wconf 79' lang='lat' dir='ltr'>haereditatem2</span> <span class='ocrx_word' id='word_1_68' title='bbox 1208 881 1219 901; x_wconf 78' lang='lat'>‚</span> <span class='ocrx_word' id='word_1_69' title='bbox 1245 860 1326 890; x_wconf 84' lang='lat' dir='ltr'>nec</span> <span class='ocrx_word' id='word_1_70' title='bbox 1348 860 1449 904; x_wconf 88' lang='lat' dir='ltr'>spa-</span> 
     </span>
     <span class='ocr_line' id='line_1_10' title="bbox 60 914 1450 977; baseline -0.001 -16"><span class='ocrx_word' id='word_1_71' title='bbox 60 916 169 961; x_wconf 88' lang='lat' dir='ltr'>tium</span> <span class='ocrx_word' id='word_1_72' title='bbox 203 916 364 976; x_wconf 77' lang='lat' dir='ltr'>pedis?</span> <span class='ocrx_word' id='word_1_73' title='bbox 398 915 483 961; x_wconf 91' lang='lat' dir='ltr'>Sed</span> <span class='ocrx_word' id='word_1_74' title='bbox 517 933 566 961; x_wconf 87' lang='lat' dir='ltr'>ea</span> <span class='ocrx_word' id='word_1_75' title='bbox 600 926 663 961; x_wconf 90' lang='lat' dir='ltr'>est</span> <span class='ocrx_word' id='word_1_76' title='bbox 699 915 983 975; x_wconf 85' lang='lat' dir='ltr'>intelligenda</span> <span class='ocrx_word' id='word_1_77' title='bbox 1011 914 1267 972; x_wconf 83' lang='lat' dir='ltr'>haereditas,</span> <span class='ocrx_word' id='word_1_78' title='bbox 1315 931 1450 977; x_wconf 85' lang='lat' dir='ltr'>quam</span> 
     </span>
     <span class='ocr_line' id='line_1_11' title="bbox 59 986 1450 1048; baseline -0.001 -16"><span class='ocrx_word' id='word_1_79' title='bbox 59 989 172 1032; x_wconf 86' lang='lat' dir='ltr'>Deus</span> <span class='ocrx_word' id='word_1_80' title='bbox 189 1003 369 1032; x_wconf 89' lang='lat' dir='ltr'>munere</span> <span class='ocrx_word' id='word_1_81' title='bbox 393 1003 470 1033; x_wconf 90' lang='lat' dir='ltr'>suo</span> <span class='ocrx_word' id='word_1_82' title='bbox 492 986 634 1032; x_wconf 86' lang='lat' dir='ltr'>fuerat</span> <span class='ocrx_word' id='word_1_83' title='bbox 667 987 869 1043; x_wconf 84' lang='lat' dir='ltr'>daturus,</span> <span class='ocrx_word' id='word_1_84' title='bbox 901 1003 991 1032; x_wconf 92' lang='lat' dir='ltr'>non</span> <span class='ocrx_word' id='word_1_85' title='bbox 1015 997 1162 1048; x_wconf 89' lang='lat' dir='ltr'>empta</span> <span class='ocrx_word' id='word_1_86' title='bbox 1187 988 1344 1048; x_wconf 91' lang='lat' dir='ltr'>pretio.</span> <span class='ocrx_word' id='word_1_87' title='bbox 1374 990 1450 1031; x_wconf 89' lang='lat' dir='ltr'>In-</span> 
     </span>
     <span class='ocr_line' id='line_1_12' title="bbox 59 1058 1448 1120; baseline 0.001 -18"><span class='ocrx_word' id='word_1_88' title='bbox 59 1058 268 1118; x_wconf 86' lang='lat' dir='ltr'>telligitur</span> <span class='ocrx_word' id='word_1_89' title='bbox 305 1069 451 1104; x_wconf 84' lang='lat' dir='ltr'>autem</span> <span class='ocrx_word' id='word_1_90' title='bbox 484 1060 672 1120; x_wconf 86' lang='lat' dir='ltr'>spatium</span> <span class='ocrx_word' id='word_1_91' title='bbox 695 1060 806 1104; x_wconf 84' lang='lat' dir='ltr'>circa</span> <span class='ocrx_word' id='word_1_92' title='bbox 829 1068 1014 1119; x_wconf 88' lang='lat' dir='ltr'>puteum</span> <span class='ocrx_word' id='word_1_93' title='bbox 1038 1058 1092 1103; x_wconf 86' lang='lat' dir='ltr'>ad</span> <span class='ocrx_word' id='word_1_94' title='bbox 1123 1058 1234 1103; x_wconf 92' lang='lat' dir='ltr'>illud</span> <span class='ocrx_word' id='word_1_95' title='bbox 1257 1058 1448 1118; x_wconf 90' lang='lat' dir='ltr'>emptio-</span> 
     </span>
     <span class='ocr_line' id='line_1_13' title="bbox 59 1129 1447 1191; baseline 0 -18"><span class='ocrx_word' id='word_1_96' title='bbox 59 1129 122 1174; x_wconf 90' lang='lat' dir='ltr'>nis</span> <span class='ocrx_word' id='word_1_97' title='bbox 144 1139 321 1189; x_wconf 84' lang='lat' dir='ltr'>pactum</span> <span class='ocrx_word' id='word_1_98' title='bbox 343 1131 560 1191; x_wconf 89' lang='lat' dir='ltr'>pertinere</span> <span class='ocrx_word' id='word_1_99' title='bbox 574 1167 584 1187; x_wconf 86' lang='lat'>,</span> <span class='ocrx_word' id='word_1_100' title='bbox 611 1131 655 1174; x_wconf 90' lang='lat' dir='ltr'>in</span> <span class='ocrx_word' id='word_1_101' title='bbox 672 1146 760 1191; x_wconf 89' lang='lat' dir='ltr'>quo</span> <span class='ocrx_word' id='word_1_102' title='bbox 784 1129 959 1174; x_wconf 81' lang='lat' dir='ltr'>fuerant</span> <span class='ocrx_word' id='word_1_103' title='bbox 976 1145 1097 1188; x_wconf 83' lang='lat' dir='ltr'>agnae</span> <span class='ocrx_word' id='word_1_104' title='bbox 1117 1139 1282 1189; x_wconf 87' lang='lat' dir='ltr'>septem</span> <span class='ocrx_word' id='word_1_105' title='bbox 1308 1130 1422 1173; x_wconf 82' lang='lat' dir='ltr'>datae</span> <span class='ocrx_word' id='word_1_106' title='bbox 1436 1164 1447 1185; x_wconf 79' lang='lat'><strong>‚</strong></span> 
     </span>
     <span class='ocr_line' id='line_1_14' title="bbox 57 1199 1356 1261; baseline 0.001 -17"><span class='ocrx_word' id='word_1_107' title='bbox 57 1199 232 1261; x_wconf 85' lang='lat' dir='ltr'>quando</span> <span class='ocrx_word' id='word_1_108' title='bbox 254 1201 507 1247; x_wconf 85' lang='lat' dir='ltr'>Abimelech</span> <span class='ocrx_word' id='word_1_109' title='bbox 529 1211 573 1246; x_wconf 91' lang='lat' dir='ltr'>et</span> <span class='ocrx_word' id='word_1_110' title='bbox 593 1202 815 1246; x_wconf 81' lang='lat' dir='ltr'>Abraham</span> <span class='ocrx_word' id='word_1_111' title='bbox 831 1201 913 1245; x_wconf 89' lang='lat' dir='ltr'>sibi</span> <span class='ocrx_word' id='word_1_112' title='bbox 935 1201 1066 1245; x_wconf 90' lang='lat' dir='ltr'>etiam</span> <span class='ocrx_word' id='word_1_113' title='bbox 1079 1201 1356 1261; x_wconf 87' lang='lat' dir='ltr'>juraverunt.</span> 
     </span>
    </p>
   </div>
   <div class='ocr_carea' id='block_1_5' title="bbox 563 1311 949 1361">
    <p class='ocr_par' dir='ltr' id='par_1_5' title="bbox 563 1311 949 1361">
     <span class='ocr_line' id='line_1_15' title="bbox 563 1311 949 1361; baseline 0 -11"><span class='ocrx_word' id='word_1_114' title='bbox 563 1311 800 1361; x_wconf 72' lang='lat' dir='ltr'>QUAEsTlo</span> <span class='ocrx_word' id='word_1_115' title='bbox 832 1312 949 1351; x_wconf 78' lang='lat' dir='ltr'>Lvu.</span> 
     </span>
    </p>
   </div>
   <div class='ocr_carea' id='block_1_6' title="bbox 60 1413 1459 2255">
    <p class='ocr_par' dir='ltr' id='par_1_6' title="bbox 60 1413 1459 2255">
     <span class='ocr_line' id='line_1_16' title="bbox 122 1413 1451 1474; baseline 0.002 -19"><span class='ocrx_word' id='word_1_116' title='bbox 122 1433 142 1456; x_wconf 84' lang='lat'>«</span> <span class='ocrx_word' id='word_1_117' title='bbox 171 1417 235 1458; x_wconf 78' lang='grc' dir='ltr'>ΕΤ</span> <span class='ocrx_word' id='word_1_118' title='bbox 256 1414 439 1459; x_wconf 82' lang='lat' dir='ltr'>tentavit</span> <span class='ocrx_word' id='word_1_119' title='bbox 456 1417 572 1458; x_wconf 79' lang='lat' dir='ltr'>Deus</span> <span class='ocrx_word' id='word_1_120' title='bbox 596 1414 818 1458; x_wconf 85' lang='lat' dir='ltr'>Abraham</span> <span class='ocrx_word' id='word_1_121' title='bbox 836 1416 868 1457; x_wconf 78' lang='lat'>3.</span> <span class='ocrx_word' id='word_1_122' title='bbox 890 1432 911 1455; x_wconf 87' lang='lat'>»</span> <span class='ocrx_word' id='word_1_123' title='bbox 932 1414 1079 1467; x_wconf 85' lang='lat' dir='ltr'>Quaeri</span> <span class='ocrx_word' id='word_1_124' title='bbox 1096 1413 1205 1458; x_wconf 89' lang='lat' dir='ltr'>solet</span> <span class='ocrx_word' id='word_1_125' title='bbox 1225 1413 1451 1474; x_wconf 86' lang='lat' dir='ltr'>quomodo</span> 
     </span>
     <span class='ocr_line' id='line_1_17' title="bbox 60 1483 1453 1544; baseline -0.001 -16"><span class='ocrx_word' id='word_1_126' title='bbox 60 1484 143 1528; x_wconf 92' lang='lat' dir='ltr'>hoc</span> <span class='ocrx_word' id='word_1_127' title='bbox 169 1500 321 1529; x_wconf 86' lang='lat' dir='ltr'>verum</span> <span class='ocrx_word' id='word_1_128' title='bbox 343 1485 398 1528; x_wconf 86' lang='lat' dir='ltr'>sit</span> <span class='ocrx_word' id='word_1_129' title='bbox 414 1520 424 1540; x_wconf 82' lang='lat'>,</span> <span class='ocrx_word' id='word_1_130' title='bbox 451 1500 552 1529; x_wconf 88' lang='lat' dir='ltr'>cum</span> <span class='ocrx_word' id='word_1_131' title='bbox 575 1484 689 1529; x_wconf 81' lang='lat' dir='ltr'>dicat</span> <span class='ocrx_word' id='word_1_132' title='bbox 711 1484 757 1528; x_wconf 85' lang='lat' dir='ltr'>in</span> <span class='ocrx_word' id='word_1_133' title='bbox 779 1484 973 1544; x_wconf 85' lang='lat' dir='ltr'>Epistola</span> <span class='ocrx_word' id='word_1_134' title='bbox 996 1500 1072 1529; x_wconf 88' lang='lat' dir='ltr'>sua</span> <span class='ocrx_word' id='word_1_135' title='bbox 1093 1484 1305 1539; x_wconf 81' lang='lat' dir='ltr'>Jacobus,</span> <span class='ocrx_word' id='word_1_136' title='bbox 1331 1483 1453 1544; x_wconf 83' lang='lat' dir='ltr'>quod</span> 
     </span>
     <span class='ocr_line' id='line_1_18' title="bbox 61 1555 1452 1616; baseline -0.001 -18"><span class='ocrx_word' id='word_1_137' title='bbox 61 1557 175 1599; x_wconf 88' lang='lat' dir='ltr'>Deus</span> <span class='ocrx_word' id='word_1_138' title='bbox 194 1556 412 1599; x_wconf 87' lang='lat' dir='ltr'>neminem</span> <span class='ocrx_word' id='word_1_139' title='bbox 432 1558 597 1600; x_wconf 73' lang='lat' dir='ltr'>tentat⁴</span> <span class='ocrx_word' id='word_1_140' title='bbox 624 1575 632 1600; x_wconf 74' lang='grc' dir='ltr'>ε</span> <span class='ocrx_word' id='word_1_141' title='bbox 661 1556 742 1600; x_wconf 88' lang='lat' dir='ltr'>nisi</span> <span class='ocrx_word' id='word_1_142' title='bbox 760 1556 861 1616; x_wconf 83' lang='lat' dir='ltr'>quia</span> <span class='ocrx_word' id='word_1_143' title='bbox 883 1555 1105 1600; x_wconf 89' lang='lat' dir='ltr'>locutione</span> <span class='ocrx_word' id='word_1_144' title='bbox 1130 1556 1452 1616; x_wconf 86' lang='lat' dir='ltr'>Scripturarum</span> 
     </span>
     <span class='ocr_line' id='line_1_19' title="bbox 62 1625 1452 1687; baseline 0 -17"><span class='ocrx_word' id='word_1_145' title='bbox 62 1625 170 1670; x_wconf 88' lang='lat' dir='ltr'>solet</span> <span class='ocrx_word' id='word_1_146' title='bbox 202 1625 316 1683; x_wconf 75' lang='lat' dir='ltr'>dici⁹</span> <span class='ocrx_word' id='word_1_147' title='bbox 355 1646 374 1669; x_wconf 92' lang='lat'>«</span> <span class='ocrx_word' id='word_1_148' title='bbox 404 1630 585 1682; x_wconf 80' lang='lat' dir='ltr'>Tentat,</span> <span class='ocrx_word' id='word_1_149' title='bbox 611 1645 631 1668; x_wconf 65' lang='grc' dir='ltr'>υ</span> <span class='ocrx_word' id='word_1_150' title='bbox 665 1643 745 1687; x_wconf 88' lang='lat' dir='ltr'>pro</span> <span class='ocrx_word' id='word_1_151' title='bbox 774 1643 825 1671; x_wconf 93' lang='lat' dir='ltr'>eo</span> <span class='ocrx_word' id='word_1_152' title='bbox 861 1626 983 1687; x_wconf 89' lang='lat' dir='ltr'>quod</span> <span class='ocrx_word' id='word_1_153' title='bbox 1011 1636 1095 1681; x_wconf 82' lang='lat' dir='ltr'>est,</span> <span class='ocrx_word' id='word_1_154' title='bbox 1123 1627 1296 1687; x_wconf 88' lang='lat' dir='ltr'>probat.</span> <span class='ocrx_word' id='word_1_155' title='bbox 1338 1629 1452 1670; x_wconf 87' lang='lat' dir='ltr'>Ten-</span> 
     </span>
     <span class='ocr_line' id='line_1_20' title="bbox 62 1697 1455 1759; baseline 0 -18"><span class='ocrx_word' id='word_1_156' title='bbox 62 1697 168 1742; x_wconf 81' lang='lat' dir='ltr'>tatio</span> <span class='ocrx_word' id='word_1_157' title='bbox 199 1713 302 1743; x_wconf 89' lang='lat' dir='ltr'>vero</span> <span class='ocrx_word' id='word_1_158' title='bbox 334 1697 430 1753; x_wconf 79' lang='lat' dir='ltr'>illa,</span> <span class='ocrx_word' id='word_1_159' title='bbox 467 1697 522 1742; x_wconf 92' lang='lat' dir='ltr'>de</span> <span class='ocrx_word' id='word_1_160' title='bbox 554 1714 640 1759; x_wconf 85' lang='lat' dir='ltr'>qua</span> <span class='ocrx_word' id='word_1_161' title='bbox 676 1699 864 1743; x_wconf 85' lang='lat' dir='ltr'>Jacobus</span> <span class='ocrx_word' id='word_1_162' title='bbox 901 1698 1033 1754; x_wconf 80' lang='lat' dir='ltr'>dicit,</span> <span class='ocrx_word' id='word_1_163' title='bbox 1069 1714 1159 1744; x_wconf 90' lang='lat' dir='ltr'>non</span> <span class='ocrx_word' id='word_1_164' title='bbox 1195 1698 1455 1757; x_wconf 80' lang='lat' dir='ltr'>intelligitur</span> 
     </span>
     <span class='ocr_line' id='line_1_21' title="bbox 62 1767 1454 1829; baseline 0.001 -18"><span class='ocrx_word' id='word_1_165' title='bbox 62 1768 143 1812; x_wconf 89' lang='lat' dir='ltr'>nisi</span> <span class='ocrx_word' id='word_1_166' title='bbox 179 1784 266 1829; x_wconf 82' lang='lat' dir='ltr'>qua</span> <span class='ocrx_word' id='word_1_167' title='bbox 308 1768 492 1828; x_wconf 85' lang='lat' dir='ltr'>quisque</span> <span class='ocrx_word' id='word_1_168' title='bbox 530 1779 708 1827; x_wconf 87' lang='lat' dir='ltr'>peccato</span> <span class='ocrx_word' id='word_1_169' title='bbox 747 1769 1011 1829; x_wconf 82' lang='lat' dir='ltr'>implicatur.</span> <span class='ocrx_word' id='word_1_170' title='bbox 1052 1768 1179 1813; x_wconf 91' lang='lat' dir='ltr'>Unde</span> <span class='ocrx_word' id='word_1_171' title='bbox 1220 1767 1454 1828; x_wconf 83' lang='lat' dir='ltr'>Apostolus</span> 
     </span>
     <span class='ocr_line' id='line_1_22' title="bbox 65 1837 1457 1900; baseline 0.001 -17"><span class='ocrx_word' id='word_1_172' title='bbox 65 1837 194 1897; x_wconf 79' lang='lat' dir='ltr'>dicit3</span> <span class='ocrx_word' id='word_1_173' title='bbox 223 1858 242 1881; x_wconf 90' lang='lat'>«</span> <span class='ocrx_word' id='word_1_174' title='bbox 267 1842 331 1884; x_wconf 91' lang='lat' dir='ltr'>Ne</span> <span class='ocrx_word' id='word_1_175' title='bbox 362 1838 473 1883; x_wconf 85' lang='lat' dir='ltr'>forte</span> <span class='ocrx_word' id='word_1_176' title='bbox 500 1841 730 1884; x_wconf 83' lang='lat' dir='ltr'>tentaverit</span> <span class='ocrx_word' id='word_1_177' title='bbox 757 1856 833 1883; x_wconf 90' lang='lat' dir='ltr'>vos</span> <span class='ocrx_word' id='word_1_178' title='bbox 861 1841 895 1884; x_wconf 90' lang='lat' dir='ltr'>is</span> <span class='ocrx_word' id='word_1_179' title='bbox 919 1841 994 1900; x_wconf 86' lang='lat' dir='ltr'>qui</span> <span class='ocrx_word' id='word_1_180' title='bbox 1023 1843 1208 1885; x_wconf 79' lang='lat' dir='ltr'>tentat5.</span> <span class='ocrx_word' id='word_1_181' title='bbox 1234 1858 1253 1881; x_wconf 86' lang='lat'>»</span> <span class='ocrx_word' id='word_1_182' title='bbox 1279 1844 1387 1885; x_wconf 86' lang='lat' dir='ltr'>Nam</span> <span class='ocrx_word' id='word_1_183' title='bbox 1413 1850 1457 1885; x_wconf 90' lang='lat' dir='ltr'>et</span> 
     </span>
     <span class='ocr_line' id='line_1_23' title="bbox 67 1909 1458 1970; baseline 0.002 -18"><span class='ocrx_word' id='word_1_184' title='bbox 67 1909 167 1954; x_wconf 84' lang='lat' dir='ltr'>alibi</span> <span class='ocrx_word' id='word_1_185' title='bbox 181 1910 389 1970; x_wconf 85' lang='lat' dir='ltr'>scriptum</span> <span class='ocrx_word' id='word_1_186' title='bbox 407 1919 494 1954; x_wconf 87' lang='lat' dir='ltr'>est:</span> <span class='ocrx_word' id='word_1_187' title='bbox 527 1929 546 1952; x_wconf 87' lang='lat'>«</span> <span class='ocrx_word' id='word_1_188' title='bbox 576 1913 733 1954; x_wconf 79' lang='lat' dir='ltr'>Tentat</span> <span class='ocrx_word' id='word_1_189' title='bbox 752 1926 828 1955; x_wconf 83' lang='lat' dir='ltr'>vos</span> <span class='ocrx_word' id='word_1_190' title='bbox 852 1911 1064 1955; x_wconf 88' lang='lat' dir='ltr'>Dominus</span> <span class='ocrx_word' id='word_1_191' title='bbox 1086 1915 1200 1955; x_wconf 90' lang='lat' dir='ltr'>Deus</span> <span class='ocrx_word' id='word_1_192' title='bbox 1216 1921 1380 1967; x_wconf 80' lang='lat' dir='ltr'>vester⁷</span> <span class='ocrx_word' id='word_1_193' title='bbox 1407 1921 1458 1956; x_wconf 85' lang='lat' dir='ltr'>ut</span> 
     </span>
     <span class='ocr_line' id='line_1_24' title="bbox 69 1980 1453 2041; baseline 0.004 -19"><span class='ocrx_word' id='word_1_194' title='bbox 69 1998 90 2022; x_wconf 74' lang='lat' dir='ltr'>n</span> <span class='ocrx_word' id='word_1_195' title='bbox 124 1981 227 2025; x_wconf 85' lang='lat' dir='ltr'>sciat</span> <span class='ocrx_word' id='word_1_196' title='bbox 248 1981 281 2025; x_wconf 89' lang='lat' dir='ltr'>si</span> <span class='ocrx_word' id='word_1_197' title='bbox 312 1980 489 2040; x_wconf 84' lang='lat' dir='ltr'>diligitis</span> <span class='ocrx_word' id='word_1_198' title='bbox 511 1982 662 2025; x_wconf 61' lang='lat' dir='ltr'>eumss:</span> <span class='ocrx_word' id='word_1_199' title='bbox 692 2000 712 2022; x_wconf 85' lang='lat'>»</span> <span class='ocrx_word' id='word_1_200' title='bbox 739 1982 870 2026; x_wconf 82' lang='lat' dir='ltr'>etiam</span> <span class='ocrx_word' id='word_1_201' title='bbox 893 1982 978 2027; x_wconf 88' lang='lat' dir='ltr'>hoc</span> <span class='ocrx_word' id='word_1_202' title='bbox 1013 1997 1169 2041; x_wconf 82' lang='lat' dir='ltr'>genere</span> <span class='ocrx_word' id='word_1_203' title='bbox 1197 1982 1453 2037; x_wconf 86' lang='lat' dir='ltr'>locutionis,</span> 
     </span>
     <span class='ocr_line' id='line_1_25' title="bbox 67 2053 1447 2113; baseline 0 -17"><span class='ocrx_word' id='word_1_204' title='bbox 67 2061 115 2096; x_wconf 92' lang='lat' dir='ltr'>ut</span> <span class='ocrx_word' id='word_1_205' title='bbox 131 2053 250 2108; x_wconf 75' lang='lat' dir='ltr'>sciat,</span> <span class='ocrx_word' id='word_1_206' title='bbox 271 2053 438 2097; x_wconf 85' lang='lat' dir='ltr'>dictum</span> <span class='ocrx_word' id='word_1_207' title='bbox 456 2063 540 2107; x_wconf 74' lang='lat' dir='ltr'>est,</span> <span class='ocrx_word' id='word_1_208' title='bbox 558 2069 606 2098; x_wconf 85' lang='lat' dir='ltr'>ac</span> <span class='ocrx_word' id='word_1_209' title='bbox 620 2053 653 2097; x_wconf 89' lang='lat' dir='ltr'>si</span> <span class='ocrx_word' id='word_1_210' title='bbox 667 2053 906 2109; x_wconf 79' lang='lat' dir='ltr'>diceretur,</span> <span class='ocrx_word' id='word_1_211' title='bbox 931 2074 950 2096; x_wconf 85' lang='lat'>«</span> <span class='ocrx_word' id='word_1_212' title='bbox 971 2057 1025 2098; x_wconf 91' lang='lat' dir='ltr'>Ut</span> <span class='ocrx_word' id='word_1_213' title='bbox 1042 2055 1148 2099; x_wconf 86' lang='lat' dir='ltr'>scire</span> <span class='ocrx_word' id='word_1_214' title='bbox 1160 2071 1236 2099; x_wconf 87' lang='lat' dir='ltr'>vos</span> <span class='ocrx_word' id='word_1_215' title='bbox 1250 2055 1381 2099; x_wconf 80' lang='lat' dir='ltr'>faciat</span> <span class='ocrx_word' id='word_1_216' title='bbox 1397 2076 1408 2113; x_wconf 78' lang='lat'>3</span> <span class='ocrx_word' id='word_1_217' title='bbox 1427 2073 1447 2097; x_wconf 76' lang='lat'>&gt;›</span> 
     </span>
     <span class='ocr_line' id='line_1_26' title="bbox 69 2122 1459 2184; baseline 0.003 -17"><span class='ocrx_word' id='word_1_218' title='bbox 69 2123 271 2184; x_wconf 86' lang='lat' dir='ltr'>quoniam</span> <span class='ocrx_word' id='word_1_219' title='bbox 293 2123 404 2168; x_wconf 86' lang='lat' dir='ltr'>vires</span> <span class='ocrx_word' id='word_1_220' title='bbox 424 2122 665 2168; x_wconf 86' lang='lat' dir='ltr'>dilectionis</span> <span class='ocrx_word' id='word_1_221' title='bbox 684 2140 772 2168; x_wconf 83' lang='lat' dir='ltr'>suae</span> <span class='ocrx_word' id='word_1_222' title='bbox 790 2124 1015 2169; x_wconf 88' lang='lat' dir='ltr'>hominem</span> <span class='ocrx_word' id='word_1_223' title='bbox 1039 2124 1198 2182; x_wconf 81' lang='lat' dir='ltr'>latent,</span> <span class='ocrx_word' id='word_1_224' title='bbox 1217 2125 1300 2175; x_wconf 78' lang='lat' dir='ltr'>nisi</span> <span class='ocrx_word' id='word_1_225' title='bbox 1309 2124 1459 2171; x_wconf 79' lang='lat' dir='ltr'>divino</span> 
     </span>
     <span class='ocr_line' id='line_1_27' title="bbox 72 2195 989 2255; baseline 0.004 -17"><span class='ocrx_word' id='word_1_226' title='bbox 72 2195 362 2255; x_wconf 88' lang='lat' dir='ltr'>experimento</span> <span class='ocrx_word' id='word_1_227' title='bbox 381 2196 510 2240; x_wconf 87' lang='lat' dir='ltr'>etiam</span> <span class='ocrx_word' id='word_1_228' title='bbox 530 2196 670 2241; x_wconf 89' lang='lat' dir='ltr'>eidem</span> <span class='ocrx_word' id='word_1_229' title='bbox 696 2196 989 2242; x_wconf 84' lang='lat' dir='ltr'>innotescant.</span> 
     </span>
    </p>
   </div>
   <div class='ocr_carea' id='block_1_7' title="bbox 74 2292 1459 2393">
    <p class='ocr_par' dir='ltr' id='par_1_7' title="bbox 74 2292 1459 2393">
     <span class='ocr_line' id='line_1_28' title="bbox 120 2292 1459 2337; baseline 0 -11"><span class='ocrx_word' id='word_1_230' title='bbox 120 2299 127 2315; x_wconf 89' lang='lat'>¹</span> <span class='ocrx_word' id='word_1_231' title='bbox 145 2295 221 2326; x_wconf 89' lang='lat' dir='ltr'>Gen.</span> <span class='ocrx_word' id='word_1_232' title='bbox 243 2304 310 2335; x_wconf 76' lang='lat' dir='ltr'>xxi,</span> <span class='ocrx_word' id='word_1_233' title='bbox 328 2294 380 2325; x_wconf 78' lang='lat'>33.</span> <span class='ocrx_word' id='word_1_234' title='bbox 400 2311 443 2316; x_wconf 86' lang='lat'>--</span> <span class='ocrx_word' id='word_1_235' title='bbox 457 2300 470 2316; x_wconf 81' lang='lat'><strong>²</strong></span> <span class='ocrx_word' id='word_1_236' title='bbox 491 2296 563 2327; x_wconf 47' lang='lat' dir='ltr'>¹set.</span> <span class='ocrx_word' id='word_1_237' title='bbox 580 2306 649 2337; x_wconf 85' lang='lat' dir='ltr'>vn,</span> <span class='ocrx_word' id='word_1_238' title='bbox 675 2293 706 2327; x_wconf 88' lang='lat'>5.</span> <span class='ocrx_word' id='word_1_239' title='bbox 723 2312 766 2317; x_wconf 87' lang='lat'>-—</span> <span class='ocrx_word' id='word_1_240' title='bbox 787 2292 799 2316; x_wconf 83' lang='lat'>3</span> <span class='ocrx_word' id='word_1_241' title='bbox 819 2297 897 2328; x_wconf 87' lang='lat' dir='ltr'>Gen.</span> <span class='ocrx_word' id='word_1_242' title='bbox 920 2306 997 2336; x_wconf 80' lang='lat' dir='ltr'>xxii,</span> <span class='ocrx_word' id='word_1_243' title='bbox 1021 2305 1049 2327; x_wconf 91' lang='lat'>1.</span> <span class='ocrx_word' id='word_1_244' title='bbox 1071 2311 1113 2317; x_wconf 85' lang='lat'>—</span> <span class='ocrx_word' id='word_1_245' title='bbox 1130 2292 1146 2324; x_wconf 75' lang='lat'>4</span> <span class='ocrx_word' id='word_1_246' title='bbox 1163 2294 1277 2328; x_wconf 88' lang='lat' dir='ltr'>Jacob.</span> <span class='ocrx_word' id='word_1_247' title='bbox 1296 2305 1319 2337; x_wconf 82' lang='lat'>1,</span> <span class='ocrx_word' id='word_1_248' title='bbox 1344 2296 1395 2326; x_wconf 90' lang='lat'>13.</span> <span class='ocrx_word' id='word_1_249' title='bbox 1416 2311 1459 2317; x_wconf 93' lang='lat'>—-</span> 
     </span>
     <span class='ocr_line' id='line_1_29' title="bbox 74 2345 708 2393; baseline 0.005 -13"><span class='ocrx_word' id='word_1_250' title='bbox 74 2345 89 2371; x_wconf 80' lang='grc'><strong><em>5</em></strong></span> <span class='ocrx_word' id='word_1_251' title='bbox 111 2360 122 2380; x_wconf 90' lang='lat'>1</span> <span class='ocrx_word' id='word_1_252' title='bbox 139 2349 244 2383; x_wconf 59' lang='lat' dir='ltr'>Thess</span> <span class='ocrx_word' id='word_1_253' title='bbox 264 2362 310 2393; x_wconf 79' lang='lat' dir='ltr'>lu,</span> <span class='ocrx_word' id='word_1_254' title='bbox 332 2351 363 2384; x_wconf 90' lang='grc'>5.</span> <span class='ocrx_word' id='word_1_255' title='bbox 384 2368 426 2374; x_wconf 84' lang='grc'>-</span> <span class='ocrx_word' id='word_1_256' title='bbox 445 2349 460 2373; x_wconf 87' lang='lat'>6</span> <span class='ocrx_word' id='word_1_257' title='bbox 476 2353 569 2384; x_wconf 86' lang='lat' dir='ltr'>Deut.</span> <span class='ocrx_word' id='word_1_258' title='bbox 586 2362 652 2393; x_wconf 83' lang='lat' dir='ltr'>xm,</span> <span class='ocrx_word' id='word_1_259' title='bbox 677 2352 708 2383; x_wconf 83' lang='lat'>3.</span> 
     </span>
    </p>
   </div>
  </div>
 </body>
</html>
