1872 3267
347 204 612 241 Quffis'rioNEs
643 204 688 230 m
721 202 949 240 nummos,
986 203 1065 229 Lm.
1102 202 1161 228 1v.
1362 185 1446 226 439

0 300 14 346 ll
62 270 214 316 diebus
244 278 288 314 et
320 269 522 314 noctibus
545 268 790 325 ambulare,
821 268 891 313 vel
923 267 1077 312 diebus
1109 274 1153 311 et
1175 265 1378 311 noctibus
1399 265 1445 310 in

0 392 2 402 k
60 343 206 388 castris
228 357 343 397 esse,
377 342 436 386 ita
457 342 586 386 etiam
613 341 801 386 solerent
822 356 899 401 per
920 340 1010 385 dies
1043 346 1215 384 tantum
1237 352 1414 382 manere
1432 371 1444 393 ,

59 413 189 459 etiam
211 429 400 474 quorum
421 413 623 458 noctibus
638 412 933 457 ambularent:
958 409 1080 472 quod
1100 409 1286 453 arbitror
1306 409 1446 468 Scrip-

4 480 8 488 ’
57 494 201 530 turam
223 485 269 528 in
288 484 656 545 consequentibus
678 484 896 528 intimasse
916 498 1017 527 cum
1039 480 1145 526 dicit
1170 499 1180 525 :
1219 499 1239 522 «
1266 480 1344 524 Die
1375 479 1446 524 vel

60 575 80 599 »
115 571 263 601 mense
284 555 370 600 diei
388 592 398 611 ,
421 554 676 600 abundante
697 555 816 600 nube
842 554 1137 600 obumbrante
1158 567 1288 612 super
1308 550 1444 607 illud,

0 674 5 688 ἦ
58 645 79 668 n
114 627 159 671 in
177 627 325 672 castris
341 637 470 671 erunt
492 626 570 671 filii
594 627 740 682 Israel,
757 635 800 671 et
816 642 905 671 non
928 623 1267 686 promovebunt.
1289 641 1308 664 »
1335 621 1445 675 Quia

0 695 6 755 j
56 699 170 743 enim
192 698 384 761 dixerat:
409 719 427 741 «
451 697 533 743 Vel
554 708 682 743 nocte
699 707 742 743 et
758 701 791 743 si
814 696 1055 743 ascenderit
1076 695 1214 740 nubes
1228 730 1239 750 ,
1263 708 1444 754 promo-

0 758 3 774 ’
58 788 79 812 »
113 770 280 815 vebunt
308 790 316 814 :
347 788 367 811 »
394 779 605 830 tanquam
628 770 817 815 restabat
837 778 888 814 ut
908 768 1098 823 diceret,
1136 766 1207 811 die
1241 775 1387 810 autem
1409 765 1444 809 si

54 857 144 886 non
167 840 408 886 ascenderit
429 857 517 885 non
539 842 865 901 promovebunt
883 876 894 896 ,
919 838 1099 901 quando
1120 837 1242 898 quasi
1263 851 1443 897 promo·
1505 862 1509 864 -

53 927 152 957 vere
174 910 335 956 debere
351 910 613 956 videbantur
634 932 644 957 ι
669 911 745 957 sed
767 912 870 973 quia
893 913 977 956 hoe
1008 912 1137 955 etiam
1165 908 1317 953 diebus
1338 906 1442 967 plu·-

52 982 172 1027 ribus
194 983 287 1027 fieri
308 992 479 1043 poterat
496 1019 506 1038 ,
533 993 584 1028 ut
601 981 804 1028 noctibus
826 981 1129 1036 ambularent,
1156 988 1443 1040 promovente

51 1053 198 1111 nube,
223 1063 267 1098 et
294 1069 342 1099 ea
372 1063 578 1098 manente
610 1053 764 1099 diebus
791 1070 880 1098 non
907 1053 1205 1108 ambularent,
1239 1051 1339 1096 ideo
1360 1066 1442 1111 po-

51 1124 163 1180 suit,
194 1144 215 1167 «
248 1125 327 1170 Die
348 1123 418 1169 vel
445 1141 592 1169 mense
623 1125 724 1170 diei.
749 1128 848 1171 Non
881 1124 991 1169 dixit
1024 1139 1171 1168 mense
1188 1159 1199 1179 ,
1235 1138 1290 1167 ne
1315 1122 1377 1166 ibi
1400 1130 1443 1166 et

50 1204 199 1240 noctes
219 1195 413 1257 ejusdem
435 1196 592 1240 mensis
615 1196 941 1256 acciperentur,
964 1194 1040 1239 sed
1068 1215 1087 1237 «
1112 1198 1260 1239 Mense
1282 1192 1394 1251 diei3
1417 1211 1438 1234 »

50 1267 95 1312 id
117 1276 181 1312 est
195 1303 206 1323 ,
231 1283 437 1312 menseex
454 1284 502 1311 ea
523 1277 645 1328 parte
667 1284 752 1329 qua
771 1267 861 1312 dies
882 1266 944 1312 illi
967 1265 1077 1322 fuit,
1097 1282 1187 1311 non
1207 1281 1259 1310 ex
1281 1281 1330 1309 ea
1354 1280 1442 1326 qua

49 1353 149 1382 nox.
175 1357 194 1380 «
216 1337 294 1382 Die
316 1353 418 1397 ergo
438 1337 508 1383 vel
537 1354 685 1382 mense
712 1338 828 1394 diei,
855 1337 1108 1382 abundante
1136 1336 1256 1381 nube
1278 1336 1441 1381 obum-

51 1428 71 1450 »
107 1409 263 1454 brante
278 1446 289 1465 ,
329 1428 349 1451 n
391 1409 435 1454 id
472 1420 561 1465 est,
611 1409 865 1454 abundante
904 1412 948 1454 in
987 1408 1298 1455 obumbrando
1316 1444 1327 1463 ,
1370 1406 1440 1453 vel

48 1479 343 1525 abundantius
366 1480 659 1525 obumbrante
675 1517 685 1536 ,
719 1501 737 1523 «
761 1484 898 1541 Super
930 1480 1042 1525 illud
1057 1517 1067 1536 ,
1090 1499 1111 1523 »
1138 1479 1249 1525 illud
1279 1479 1441 1525 scilieet

47 1552 402 1607 tabernaculum,
430 1573 449 1594 «
477 1556 529 1597 In
551 1555 698 1597 castris
721 1563 850 1598 erunt
872 1552 949 1598 filii
973 1552 1126 1609 Israel,
1157 1562 1201 1598 et
1222 1569 1312 1598 non
1333 1568 1438 1613 pro-

48 1641 69 1664 »
104 1624 361 1668 movebunt.
385 1643 404 1665 n
433 1628 656 1669 Postremo
679 1625 871 1685 repetiit,
897 1624 1045 1670 divina
1068 1625 1327 1669 auctoritate
1343 1623 1438 1669 fac-

47 1702 140 1738 tum
156 1730 167 1749 ,
193 1694 264 1739 cui
286 1695 422 1740 resisti
444 1695 596 1755 utique
619 1712 708 1740 non
734 1695 949 1751 debebat,
978 1694 1244 1757 adjungens:
1274 1715 1294 1738 «
1317 1698 1439 1750 Quo-

49 1783 68 1806 »
104 1765 219 1809 niam
238 1782 313 1825 per
334 1777 603 1827 praeceptum
623 1768 795 1812 Domini
818 1768 1157 1827 promovebunt.
1184 1766 1440 1813 Custodiam

48 1855 68 1878 »
104 1838 278 1881 Domini
295 1839 613 1895 custodierunt,
632 1856 710 1900 per
726 1850 997 1901 praeceptum
1020 1841 1216 1896 Domini,
1241 1841 1286 1884 in
1302 1855 1438 1884 manu

50 1925 69 1949 »
103 1909 257 1967 Moysi.
290 1928 309 1949 n
347 1910 493 1954 Rediit
516 1910 572 1955 ad
592 1911 779 1955 verbum
806 1911 1015 1971 praeteriti
1036 1912 1242 1971 temporis
1258 1947 1268 1965 ,
1294 1920 1345 1955 ut
1365 1910 1437 1955 di-

46 1988 189 2032 ceret,
219 1999 238 2022 «
264 1980 594 2026 Custodierunt.
623 2001 643 2023 »
670 1982 799 2036 Quod
821 1999 923 2028 vero
946 1983 992 2027 in
1025 1984 1112 2027 fine
1131 1983 1299 2043 posuit,
1338 2003 1357 2025 «
1385 1985 1436 2027 In

49 2066 69 2089 »
103 2065 237 2094 manu
264 2052 433 2110 Moysi,
466 2070 485 2092 η
522 2052 798 2098 usitatissima
820 2054 866 2098 in
901 2055 1130 2115 Scripturis
1158 2054 1322 2100 locutio
1343 2064 1431 2110 est,

45 2120 146 2182 quia
163 2137 240 2182 per
255 2125 438 2181 Moysen
460 2124 553 2168 haec
574 2127 689 2168 Deus
706 2125 1002 2185 praecipiebat.

537 2223 774 2272 QUAESTIO
805 2227 926 2265 XVII.

108 2339 127 2362 «
151 2323 215 2365 ET
231 2337 332 2366 cum
351 2323 714 2383 congregaveritis
737 2340 1026 2386 synagogam,
1052 2327 1159 2372 tuba
1176 2328 1339 2374 canetis
1354 2365 1365 2385 ,
1391 2338 1434 2375 et

0 2388 1 2392 ’
48 2408 68 2431 »
104 2407 192 2436 non
216 2393 260 2436 in
277 2394 398 2452 signo
413 2397 441 2438 ¹.
465 2414 484 2436 »
511 2398 608 2440 Non
631 2410 732 2454 ergo
755 2397 810 2441 ad
833 2398 917 2442 hoc
943 2399 1191 2443 canendum
1214 2400 1429 2461 praecipit,

45 2470 94 2505 ut
115 2474 403 2521 congregetur
420 2480 664 2523 synagoga,
684 2482 784 2511 nam
807 2468 840 2512 si
861 2468 945 2513 hoc
960 2470 1009 2514 fit
1024 2505 1034 2524 ,
1056 2470 1228 2528 signum
1248 2480 1336 2516 est:
1357 2472 1433 2517 sed

94 2560 211 2590 'Nunr
234 2571 266 2600 x,
292 2571 321 2601 ζ.
