<?xml version="1.0" encoding="UTF-8"?>
<!DOCTYPE html PUBLIC "-//W3C//DTD XHTML 1.0 Transitional//EN"
    "http://www.w3.org/TR/xhtml1/DTD/xhtml1-transitional.dtd">
<html xmlns="http://www.w3.org/1999/xhtml" xml:lang="en" lang="en">
 <head>
  <title>
</title>
<meta http-equiv="Content-Type" content="text/html;charset=utf-8" />
  <meta name='ocr-system' content='tesseract 3.04.00' />
  <meta name='ocr-capabilities' content='ocr_page ocr_carea ocr_par ocr_line ocrx_word'/>
</head>
<body>
  <div class='ocr_page' id='page_1' title='image "./operaomniaaccura06auguuoft_0498.png"; bbox 0 0 1872 3267; ppageno 0'>
   <div class='ocr_carea' id='block_1_1' title="bbox 392 261 1334 303">
    <p class='ocr_par' dir='ltr' id='par_1_1' title="bbox 392 261 1334 303">
     <span class='ocr_line' id='line_1_1' title="bbox 392 261 1334 303; baseline 0.001 -3"><span class='ocrx_word' id='word_1_1' title='bbox 392 261 475 302; x_wconf 75' lang='lat'>492</span> <span class='ocrx_word' id='word_1_2' title='bbox 818 275 851 301; x_wconf 91' lang='lat' dir='ltr'>s.</span> <span class='ocrx_word' id='word_1_3' title='bbox 888 273 1119 303; x_wconf 73' lang='lat' dir='ltr'>Aueuszrrm</span> <span class='ocrx_word' id='word_1_4' title='bbox 1152 274 1334 302; x_wconf 74' lang='lat' dir='ltr'>Emscom</span> 
     </span>
    </p>
   </div>
   <div class='ocr_carea' id='block_1_2' title="bbox 388 338 1780 1459">
    <p class='ocr_par' dir='ltr' id='par_1_2' title="bbox 388 338 1780 1459">
     <span class='ocr_line' id='line_1_2' title="bbox 389 338 1774 399; baseline 0.001 -17"><span class='ocrx_word' id='word_1_5' title='bbox 389 339 547 394; x_wconf 85' lang='lat' dir='ltr'>habet,</span> <span class='ocrx_word' id='word_1_6' title='bbox 585 347 627 382; x_wconf 88' lang='lat' dir='ltr'>et</span> <span class='ocrx_word' id='word_1_7' title='bbox 660 338 766 398; x_wconf 88' lang='lat' dir='ltr'>lapis</span> <span class='ocrx_word' id='word_1_8' title='bbox 799 354 888 383; x_wconf 90' lang='lat' dir='ltr'>non</span> <span class='ocrx_word' id='word_1_9' title='bbox 922 339 1078 395; x_wconf 88' lang='lat' dir='ltr'>habet,</span> <span class='ocrx_word' id='word_1_10' title='bbox 1107 354 1210 384; x_wconf 87' lang='lat' dir='ltr'>vero</span> <span class='ocrx_word' id='word_1_11' title='bbox 1239 339 1391 399; x_wconf 87' lang='lat' dir='ltr'>utique</span> <span class='ocrx_word' id='word_1_12' title='bbox 1423 339 1646 384; x_wconf 87' lang='lat' dir='ltr'>translato.</span> <span class='ocrx_word' id='word_1_13' title='bbox 1681 342 1774 385; x_wconf 87' lang='lat' dir='ltr'>Hoc</span> 
     </span>
     <span class='ocr_line' id='line_1_3' title="bbox 388 408 1772 470; baseline 0.001 -16"><span class='ocrx_word' id='word_1_14' title='bbox 388 411 530 470; x_wconf 85' lang='lat' dir='ltr'>ipsum</span> <span class='ocrx_word' id='word_1_15' title='bbox 548 419 592 454; x_wconf 89' lang='lat' dir='ltr'>et</span> <span class='ocrx_word' id='word_1_16' title='bbox 613 408 716 453; x_wconf 85' lang='lat' dir='ltr'>alibi</span> <span class='ocrx_word' id='word_1_17' title='bbox 739 409 865 455; x_wconf 87' lang='lat' dir='ltr'>dicit:</span> <span class='ocrx_word' id='word_1_18' title='bbox 897 430 914 451; x_wconf 77' lang='grc' dir='ltr'>α</span> <span class='ocrx_word' id='word_1_19' title='bbox 932 413 1044 455; x_wconf 89' lang='lat' dir='ltr'>Ecce</span> <span class='ocrx_word' id='word_1_20' title='bbox 1065 410 1156 455; x_wconf 89' lang='lat' dir='ltr'>dies</span> <span class='ocrx_word' id='word_1_21' title='bbox 1177 410 1385 466; x_wconf 87' lang='lat' dir='ltr'>veniunt,</span> <span class='ocrx_word' id='word_1_22' title='bbox 1411 410 1516 455; x_wconf 87' lang='lat' dir='ltr'>dicit</span> <span class='ocrx_word' id='word_1_23' title='bbox 1536 411 1772 467; x_wconf 82' lang='lat' dir='ltr'>DominuS,</span> 
     </span>
     <span class='ocr_line' id='line_1_4' title="bbox 392 480 1775 541; baseline 0.003 -19"><span class='ocrx_word' id='word_1_24' title='bbox 392 500 411 523; x_wconf 82' lang='lat'>»</span> <span class='ocrx_word' id='word_1_25' title='bbox 447 491 491 525; x_wconf 88' lang='lat' dir='ltr'>et</span> <span class='ocrx_word' id='word_1_26' title='bbox 513 480 829 526; x_wconf 82' lang='lat' dir='ltr'>consummabo</span> <span class='ocrx_word' id='word_1_27' title='bbox 856 497 985 541; x_wconf 88' lang='lat' dir='ltr'>super</span> <span class='ocrx_word' id='word_1_28' title='bbox 1013 482 1193 527; x_wconf 91' lang='lat' dir='ltr'>domum</span> <span class='ocrx_word' id='word_1_29' title='bbox 1226 480 1354 526; x_wconf 79' lang='lat' dir='ltr'>Israel</span> <span class='ocrx_word' id='word_1_30' title='bbox 1379 490 1422 526; x_wconf 85' lang='lat' dir='ltr'>et</span> <span class='ocrx_word' id='word_1_31' title='bbox 1444 497 1573 541; x_wconf 88' lang='lat' dir='ltr'>super</span> <span class='ocrx_word' id='word_1_32' title='bbox 1595 482 1775 526; x_wconf 89' lang='lat' dir='ltr'>domum</span> 
     </span>
     <span class='ocr_line' id='line_1_5' title="bbox 392 552 1776 609; baseline 0.003 -15"><span class='ocrx_word' id='word_1_33' title='bbox 392 572 412 594; x_wconf 83' lang='lat'>»</span> <span class='ocrx_word' id='word_1_34' title='bbox 448 556 471 597; x_wconf 85' lang='lat' dir='ltr'><strong>J</strong></span> <span class='ocrx_word' id='word_1_35' title='bbox 478 552 562 597; x_wconf 83' lang='lat' dir='ltr'>uda</span> <span class='ocrx_word' id='word_1_36' title='bbox 592 556 916 597; x_wconf 78' lang='lat' dir='ltr'>Testamentum</span> <span class='ocrx_word' id='word_1_37' title='bbox 936 556 1124 609; x_wconf 86' lang='lat' dir='ltr'>Novum,</span> <span class='ocrx_word' id='word_1_38' title='bbox 1151 570 1240 598; x_wconf 92' lang='lat' dir='ltr'>non</span> <span class='ocrx_word' id='word_1_39' title='bbox 1262 552 1503 598; x_wconf 89' lang='lat' dir='ltr'>secundum</span> <span class='ocrx_word' id='word_1_40' title='bbox 1527 556 1776 598; x_wconf 85' lang='lat' dir='ltr'>Testamen-</span> 
     </span>
     <span class='ocr_line' id='line_1_6' title="bbox 391 622 1776 684; baseline 0.003 -20"><span class='ocrx_word' id='word_1_41' title='bbox 391 642 411 665; x_wconf 54' lang='grc' dir='ltr'>ι)</span> <span class='ocrx_word' id='word_1_42' title='bbox 448 632 543 667; x_wconf 89' lang='lat' dir='ltr'>tum</span> <span class='ocrx_word' id='word_1_43' title='bbox 565 622 684 683; x_wconf 85' lang='lat' dir='ltr'>quod</span> <span class='ocrx_word' id='word_1_44' title='bbox 706 623 898 682; x_wconf 84' lang='lat' dir='ltr'>disposui</span> <span class='ocrx_word' id='word_1_45' title='bbox 922 623 976 668; x_wconf 90' lang='lat' dir='ltr'>ad</span> <span class='ocrx_word' id='word_1_46' title='bbox 1004 633 1145 684; x_wconf 88' lang='lat' dir='ltr'>patres</span> <span class='ocrx_word' id='word_1_47' title='bbox 1165 640 1315 669; x_wconf 93' lang='lat' dir='ltr'>eorum</span> <span class='ocrx_word' id='word_1_48' title='bbox 1341 625 1387 668; x_wconf 91' lang='lat' dir='ltr'>in</span> <span class='ocrx_word' id='word_1_49' title='bbox 1415 624 1485 668; x_wconf 90' lang='lat' dir='ltr'>die</span> <span class='ocrx_word' id='word_1_50' title='bbox 1510 640 1596 683; x_wconf 84' lang='lat' dir='ltr'>qua</span> <span class='ocrx_word' id='word_1_51' title='bbox 1618 640 1776 684; x_wconf 86' lang='lat' dir='ltr'>appre-</span> 
     </span>
     <span class='ocr_line' id='line_1_7' title="bbox 392 692 1773 754; baseline 0.004 -20"><span class='ocrx_word' id='word_1_52' title='bbox 392 712 412 735; x_wconf 86' lang='lat'>»</span> <span class='ocrx_word' id='word_1_53' title='bbox 447 692 580 737; x_wconf 88' lang='lat' dir='ltr'>hendi</span> <span class='ocrx_word' id='word_1_54' title='bbox 594 707 772 737; x_wconf 89' lang='lat' dir='ltr'>manum</span> <span class='ocrx_word' id='word_1_55' title='bbox 784 708 953 749; x_wconf 90' lang='lat' dir='ltr'>eorum,</span> <span class='ocrx_word' id='word_1_56' title='bbox 970 703 1021 738; x_wconf 89' lang='lat' dir='ltr'>ut</span> <span class='ocrx_word' id='word_1_57' title='bbox 1033 693 1264 739; x_wconf 81' lang='lat' dir='ltr'>educerem</span> <span class='ocrx_word' id='word_1_58' title='bbox 1279 710 1349 740; x_wconf 91' lang='lat' dir='ltr'>eos</span> <span class='ocrx_word' id='word_1_59' title='bbox 1371 693 1425 738; x_wconf 90' lang='lat' dir='ltr'>de</span> <span class='ocrx_word' id='word_1_60' title='bbox 1440 703 1553 738; x_wconf 90' lang='lat' dir='ltr'>terra</span> <span class='ocrx_word' id='word_1_61' title='bbox 1570 695 1773 754; x_wconf 81' lang='lat' dir='ltr'>AEgypti:</span> 
     </span>
     <span class='ocr_line' id='line_1_8' title="bbox 393 764 1773 825; baseline 0.004 -21"><span class='ocrx_word' id='word_1_62' title='bbox 393 783 412 806; x_wconf 67' lang='lat' dir='ltr'>n</span> <span class='ocrx_word' id='word_1_63' title='bbox 449 764 657 824; x_wconf 86' lang='lat' dir='ltr'>quoniam</span> <span class='ocrx_word' id='word_1_64' title='bbox 687 764 770 808; x_wconf 89' lang='lat' dir='ltr'>hoc</span> <span class='ocrx_word' id='word_1_65' title='bbox 793 773 856 808; x_wconf 88' lang='lat' dir='ltr'>est</span> <span class='ocrx_word' id='word_1_66' title='bbox 884 767 1211 809; x_wconf 82' lang='lat' dir='ltr'>Testamentum</span> <span class='ocrx_word' id='word_1_67' title='bbox 1234 764 1355 825; x_wconf 89' lang='lat' dir='ltr'>quod</span> <span class='ocrx_word' id='word_1_68' title='bbox 1384 764 1576 824; x_wconf 82' lang='lat' dir='ltr'>disposui</span> <span class='ocrx_word' id='word_1_69' title='bbox 1597 765 1652 808; x_wconf 89' lang='lat' dir='ltr'>ad</span> <span class='ocrx_word' id='word_1_70' title='bbox 1680 780 1773 819; x_wconf 89' lang='lat' dir='ltr'>eos,</span> 
     </span>
     <span class='ocr_line' id='line_1_9' title="bbox 393 833 1779 894; baseline 0.003 -18"><span class='ocrx_word' id='word_1_71' title='bbox 393 853 413 876; x_wconf 82' lang='lat'>&gt;›</span> <span class='ocrx_word' id='word_1_72' title='bbox 451 844 546 894; x_wconf 87' lang='lat' dir='ltr'>post</span> <span class='ocrx_word' id='word_1_73' title='bbox 578 833 669 878; x_wconf 90' lang='lat' dir='ltr'>dies</span> <span class='ocrx_word' id='word_1_74' title='bbox 703 833 799 879; x_wconf 87' lang='lat' dir='ltr'>illos</span> <span class='ocrx_word' id='word_1_75' title='bbox 817 871 827 890; x_wconf 94' lang='lat'>,</span> <span class='ocrx_word' id='word_1_76' title='bbox 859 837 966 879; x_wconf 89' lang='lat' dir='ltr'>dans</span> <span class='ocrx_word' id='word_1_77' title='bbox 994 835 1108 893; x_wconf 78' lang='lat' dir='ltr'>leges</span> <span class='ocrx_word' id='word_1_78' title='bbox 1130 851 1245 879; x_wconf 86' lang='lat' dir='ltr'>meas</span> <span class='ocrx_word' id='word_1_79' title='bbox 1273 837 1317 880; x_wconf 91' lang='lat' dir='ltr'>in</span> <span class='ocrx_word' id='word_1_80' title='bbox 1355 851 1430 880; x_wconf 92' lang='lat' dir='ltr'>cor</span> <span class='ocrx_word' id='word_1_81' title='bbox 1457 851 1634 890; x_wconf 86' lang='lat' dir='ltr'>eorum,</span> <span class='ocrx_word' id='word_1_82' title='bbox 1671 836 1779 880; x_wconf 89' lang='lat' dir='ltr'>etin</span> 
     </span>
     <span class='ocr_line' id='line_1_10' title="bbox 394 906 1780 966; baseline 0.002 -20"><span class='ocrx_word' id='word_1_83' title='bbox 394 924 414 946; x_wconf 90' lang='lat'>»</span> <span class='ocrx_word' id='word_1_84' title='bbox 449 915 595 949; x_wconf 87' lang='lat' dir='ltr'>mente</span> <span class='ocrx_word' id='word_1_85' title='bbox 618 921 769 950; x_wconf 87' lang='lat' dir='ltr'>eorum</span> <span class='ocrx_word' id='word_1_86' title='bbox 791 906 1108 965; x_wconf 81' lang='lat' dir='ltr'>superscribam</span> <span class='ocrx_word' id='word_1_87' title='bbox 1136 922 1204 950; x_wconf 88' lang='lat' dir='ltr'>eas</span> <span class='ocrx_word' id='word_1_88' title='bbox 1219 941 1230 961; x_wconf 90' lang='lat'>,</span> <span class='ocrx_word' id='word_1_89' title='bbox 1256 915 1299 950; x_wconf 89' lang='lat' dir='ltr'>et</span> <span class='ocrx_word' id='word_1_90' title='bbox 1325 906 1607 966; x_wconf 81' lang='lat' dir='ltr'>iniquitatum</span> <span class='ocrx_word' id='word_1_91' title='bbox 1628 921 1780 950; x_wconf 88' lang='lat' dir='ltr'>eorum</span> 
     </span>
     <span class='ocr_line' id='line_1_11' title="bbox 394 975 1779 1036; baseline 0.002 -19"><span class='ocrx_word' id='word_1_92' title='bbox 394 995 413 1017; x_wconf 72' lang='lat' dir='ltr'>n</span> <span class='ocrx_word' id='word_1_93' title='bbox 450 985 492 1020; x_wconf 91' lang='lat' dir='ltr'>et</span> <span class='ocrx_word' id='word_1_94' title='bbox 512 986 792 1036; x_wconf 87' lang='lat' dir='ltr'>peccatorum</span> <span class='ocrx_word' id='word_1_95' title='bbox 814 992 966 1021; x_wconf 88' lang='lat' dir='ltr'>eorum</span> <span class='ocrx_word' id='word_1_96' title='bbox 990 993 1080 1021; x_wconf 91' lang='lat' dir='ltr'>non</span> <span class='ocrx_word' id='word_1_97' title='bbox 1102 992 1270 1021; x_wconf 90' lang='lat' dir='ltr'>memor</span> <span class='ocrx_word' id='word_1_98' title='bbox 1291 991 1364 1020; x_wconf 89' lang='lat' dir='ltr'>ero</span> <span class='ocrx_word' id='word_1_99' title='bbox 1382 975 1566 1035; x_wconf 81' lang='lat' dir='ltr'>amplius</span> <span class='ocrx_word' id='word_1_100' title='bbox 1581 977 1610 1019; x_wconf 93' lang='lat'>¹.</span> <span class='ocrx_word' id='word_1_101' title='bbox 1640 994 1659 1017; x_wconf 88' lang='lat'>»</span> <span class='ocrx_word' id='word_1_102' title='bbox 1686 977 1779 1020; x_wconf 91' lang='lat' dir='ltr'>Hoc</span> 
     </span>
     <span class='ocr_line' id='line_1_12' title="bbox 391 1045 1780 1106; baseline 0 -17"><span class='ocrx_word' id='word_1_103' title='bbox 391 1047 506 1090; x_wconf 91' lang='lat' dir='ltr'>enim</span> <span class='ocrx_word' id='word_1_104' title='bbox 543 1046 748 1091; x_wconf 85' lang='lat' dir='ltr'>discernit</span> <span class='ocrx_word' id='word_1_105' title='bbox 774 1049 945 1093; x_wconf 92' lang='lat' dir='ltr'>Novum</span> <span class='ocrx_word' id='word_1_106' title='bbox 983 1049 1311 1091; x_wconf 84' lang='lat' dir='ltr'>Testamentum</span> <span class='ocrx_word' id='word_1_107' title='bbox 1340 1062 1363 1090; x_wconf 89' lang='lat' dir='ltr'>a</span> <span class='ocrx_word' id='word_1_108' title='bbox 1397 1045 1569 1101; x_wconf 90' lang='lat' dir='ltr'>Veteri,</span> <span class='ocrx_word' id='word_1_109' title='bbox 1594 1046 1714 1106; x_wconf 87' lang='lat' dir='ltr'>quod</span> <span class='ocrx_word' id='word_1_110' title='bbox 1735 1046 1780 1090; x_wconf 91' lang='lat' dir='ltr'>in</span> 
     </span>
     <span class='ocr_line' id='line_1_13' title="bbox 391 1116 1780 1177; baseline 0.001 -17"><span class='ocrx_word' id='word_1_111' title='bbox 391 1117 537 1161; x_wconf 85' lang='lat' dir='ltr'>Veteri</span> <span class='ocrx_word' id='word_1_112' title='bbox 566 1116 666 1162; x_wconf 87' lang='lat' dir='ltr'>data</span> <span class='ocrx_word' id='word_1_113' title='bbox 688 1127 751 1162; x_wconf 89' lang='lat' dir='ltr'>est</span> <span class='ocrx_word' id='word_1_114' title='bbox 773 1121 859 1161; x_wconf 85' lang='lat' dir='ltr'>Lex</span> <span class='ocrx_word' id='word_1_115' title='bbox 883 1118 927 1161; x_wconf 87' lang='lat' dir='ltr'>in</span> <span class='ocrx_word' id='word_1_116' title='bbox 949 1118 1108 1162; x_wconf 89' lang='lat' dir='ltr'>tabulis</span> <span class='ocrx_word' id='word_1_117' title='bbox 1130 1116 1330 1177; x_wconf 80' lang='lat' dir='ltr'>lapideis,</span> <span class='ocrx_word' id='word_1_118' title='bbox 1356 1117 1401 1161; x_wconf 92' lang='lat' dir='ltr'>in</span> <span class='ocrx_word' id='word_1_119' title='bbox 1421 1119 1545 1162; x_wconf 87' lang='lat' dir='ltr'>Novo</span> <span class='ocrx_word' id='word_1_120' title='bbox 1569 1126 1712 1160; x_wconf 89' lang='lat' dir='ltr'>autem</span> <span class='ocrx_word' id='word_1_121' title='bbox 1735 1117 1780 1161; x_wconf 92' lang='lat' dir='ltr'>in</span> 
     </span>
     <span class='ocr_line' id='line_1_14' title="bbox 392 1186 1775 1248; baseline 0.001 -18"><span class='ocrx_word' id='word_1_122' title='bbox 392 1187 617 1243; x_wconf 77' lang='lat' dir='ltr'>cordibus,</span> <span class='ocrx_word' id='word_1_123' title='bbox 648 1188 767 1248; x_wconf 90' lang='lat' dir='ltr'>quod</span> <span class='ocrx_word' id='word_1_124' title='bbox 790 1189 838 1232; x_wconf 86' lang='lat' dir='ltr'>fit</span> <span class='ocrx_word' id='word_1_125' title='bbox 861 1204 937 1247; x_wconf 86' lang='lat' dir='ltr'>per</span> <span class='ocrx_word' id='word_1_126' title='bbox 959 1188 1154 1245; x_wconf 79' lang='lat' dir='ltr'>gratiam.</span> <span class='ocrx_word' id='word_1_127' title='bbox 1177 1186 1302 1231; x_wconf 90' lang='lat' dir='ltr'>Unde</span> <span class='ocrx_word' id='word_1_128' title='bbox 1327 1195 1370 1231; x_wconf 88' lang='lat' dir='ltr'>et</span> <span class='ocrx_word' id='word_1_129' title='bbox 1391 1186 1623 1247; x_wconf 82' lang='lat' dir='ltr'>Apostolus</span> <span class='ocrx_word' id='word_1_130' title='bbox 1646 1186 1775 1232; x_wconf 84' lang='lat' dir='ltr'>dicit:</span> 
     </span>
     <span class='ocr_line' id='line_1_15' title="bbox 395 1257 1779 1318; baseline 0.002 -19"><span class='ocrx_word' id='word_1_131' title='bbox 395 1278 415 1299; x_wconf 89' lang='lat'>«</span> <span class='ocrx_word' id='word_1_132' title='bbox 448 1260 546 1303; x_wconf 91' lang='lat' dir='ltr'>Non</span> <span class='ocrx_word' id='word_1_133' title='bbox 568 1259 613 1301; x_wconf 91' lang='lat' dir='ltr'>in</span> <span class='ocrx_word' id='word_1_134' title='bbox 641 1258 800 1302; x_wconf 88' lang='lat' dir='ltr'>tabulis</span> <span class='ocrx_word' id='word_1_135' title='bbox 823 1258 1023 1318; x_wconf 79' lang='lat' dir='ltr'>lapideis,</span> <span class='ocrx_word' id='word_1_136' title='bbox 1060 1258 1135 1302; x_wconf 87' lang='lat' dir='ltr'>sed</span> <span class='ocrx_word' id='word_1_137' title='bbox 1165 1259 1210 1301; x_wconf 88' lang='lat' dir='ltr'>iu</span> <span class='ocrx_word' id='word_1_138' title='bbox 1233 1257 1390 1302; x_wconf 89' lang='lat' dir='ltr'>tabulis</span> <span class='ocrx_word' id='word_1_139' title='bbox 1423 1259 1564 1302; x_wconf 85' lang='lat' dir='ltr'>cordis</span> <span class='ocrx_word' id='word_1_140' title='bbox 1593 1257 1779 1303; x_wconf 87' lang='lat' dir='ltr'>carnali-</span> 
     </span>
     <span class='ocr_line' id='line_1_16' title="bbox 395 1328 1780 1389; baseline 0.001 -18"><span class='ocrx_word' id='word_1_141' title='bbox 395 1347 415 1369; x_wconf 91' lang='lat'>»</span> <span class='ocrx_word' id='word_1_142' title='bbox 453 1329 578 1371; x_wconf 54' lang='lat' dir='ltr'>bus‘ss.</span> <span class='ocrx_word' id='word_1_143' title='bbox 605 1347 624 1369; x_wconf 84' lang='lat'>&gt;›</span> <span class='ocrx_word' id='word_1_144' title='bbox 649 1331 706 1372; x_wconf 87' lang='lat' dir='ltr'>Et</span> <span class='ocrx_word' id='word_1_145' title='bbox 726 1328 810 1373; x_wconf 89' lang='lat' dir='ltr'>alio</span> <span class='ocrx_word' id='word_1_146' title='bbox 833 1328 930 1373; x_wconf 93' lang='lat' dir='ltr'>loco</span> <span class='ocrx_word' id='word_1_147' title='bbox 954 1349 961 1373; x_wconf 92' lang='lat'>:</span> <span class='ocrx_word' id='word_1_148' title='bbox 993 1349 1013 1371; x_wconf 79' lang='lat'>‹&lt;</span> <span class='ocrx_word' id='word_1_149' title='bbox 1039 1330 1223 1374; x_wconf 90' lang='lat' dir='ltr'>Idoneos</span> <span class='ocrx_word' id='word_1_150' title='bbox 1246 1345 1344 1384; x_wconf 89' lang='lat' dir='ltr'>nos,</span> <span class='ocrx_word' id='word_1_151' title='bbox 1374 1330 1537 1389; x_wconf 85' lang='lat' dir='ltr'>inquit,</span> <span class='ocrx_word' id='word_1_152' title='bbox 1575 1328 1678 1373; x_wconf 87' lang='lat' dir='ltr'>fecit</span> <span class='ocrx_word' id='word_1_153' title='bbox 1699 1330 1780 1373; x_wconf 91' lang='lat' dir='ltr'>mi-</span> 
     </span>
     <span class='ocr_line' id='line_1_17' title="bbox 396 1399 1763 1459; baseline -0.001 -17"><span class='ocrx_word' id='word_1_154' title='bbox 396 1417 416 1439; x_wconf 84' lang='lat'>»</span> <span class='ocrx_word' id='word_1_155' title='bbox 453 1399 606 1443; x_wconf 90' lang='lat' dir='ltr'>nistros</span> <span class='ocrx_word' id='word_1_156' title='bbox 628 1399 738 1445; x_wconf 88' lang='lat' dir='ltr'>Novi</span> <span class='ocrx_word' id='word_1_157' title='bbox 756 1400 1044 1455; x_wconf 88' lang='lat' dir='ltr'>Testamenti,</span> <span class='ocrx_word' id='word_1_158' title='bbox 1069 1415 1159 1444; x_wconf 91' lang='lat' dir='ltr'>non</span> <span class='ocrx_word' id='word_1_159' title='bbox 1182 1399 1338 1444; x_wconf 78' lang='lat' dir='ltr'>litterae</span> <span class='ocrx_word' id='word_1_160' title='bbox 1354 1435 1365 1455; x_wconf 89' lang='lat'>,</span> <span class='ocrx_word' id='word_1_161' title='bbox 1390 1399 1466 1444; x_wconf 82' lang='lat' dir='ltr'>sed</span> <span class='ocrx_word' id='word_1_162' title='bbox 1487 1400 1661 1459; x_wconf 89' lang='lat' dir='ltr'>spiritus</span> <span class='ocrx_word' id='word_1_163' title='bbox 1676 1402 1707 1445; x_wconf 72' lang='grc'>3.</span> <span class='ocrx_word' id='word_1_164' title='bbox 1727 1419 1763 1442; x_wconf 20' lang='lat'>»⁷</span> 
     </span>
    </p>
   </div>
   <div class='ocr_carea' id='block_1_3' title="bbox 931 1510 1282 1559">
    <p class='ocr_par' dir='ltr' id='par_1_3' title="bbox 931 1510 1282 1559">
     <span class='ocr_line' id='line_1_18' title="bbox 931 1510 1282 1559; baseline 0 -10"><span class='ocrx_word' id='word_1_165' title='bbox 931 1510 1166 1559; x_wconf 74' lang='lat' dir='ltr'>QUAESTIO</span> <span class='ocrx_word' id='word_1_166' title='bbox 1197 1512 1282 1549; x_wconf 70' lang='grc' dir='ltr'>ΧΠ.</span> 
     </span>
    </p>
   </div>
   <div class='ocr_carea' id='block_1_4' title="bbox 395 1611 1780 1814">
    <p class='ocr_par' dir='ltr' id='par_1_4' title="bbox 395 1611 1780 1814">
     <span class='ocr_line' id='line_1_19' title="bbox 455 1611 1775 1673; baseline 0.002 -19"><span class='ocrx_word' id='word_1_167' title='bbox 455 1613 580 1664; x_wconf 72' lang='lat' dir='ltr'>Quor)</span> <span class='ocrx_word' id='word_1_168' title='bbox 604 1612 662 1655; x_wconf 86' lang='lat' dir='ltr'>ait</span> <span class='ocrx_word' id='word_1_169' title='bbox 688 1611 742 1655; x_wconf 88' lang='lat' dir='ltr'>de</span> <span class='ocrx_word' id='word_1_170' title='bbox 769 1612 983 1658; x_wconf 88' lang='lat' dir='ltr'>Domino:</span> <span class='ocrx_word' id='word_1_171' title='bbox 1012 1632 1031 1655; x_wconf 92' lang='lat'>«</span> <span class='ocrx_word' id='word_1_172' title='bbox 1056 1615 1113 1657; x_wconf 91' lang='lat' dir='ltr'>Et</span> <span class='ocrx_word' id='word_1_173' title='bbox 1136 1613 1179 1656; x_wconf 88' lang='lat' dir='ltr'>in</span> <span class='ocrx_word' id='word_1_174' title='bbox 1207 1614 1384 1657; x_wconf 90' lang='lat' dir='ltr'>nomine</span> <span class='ocrx_word' id='word_1_175' title='bbox 1406 1614 1497 1673; x_wconf 85' lang='lat' dir='ltr'>ejus</span> <span class='ocrx_word' id='word_1_176' title='bbox 1516 1613 1730 1673; x_wconf 78' lang='lat' dir='ltr'>jurabis⁴‚</span> <span class='ocrx_word' id='word_1_177' title='bbox 1755 1631 1775 1654; x_wconf 88' lang='lat'>»</span> 
     </span>
     <span class='ocr_line' id='line_1_20' title="bbox 395 1682 1780 1745; baseline 0.002 -20"><span class='ocrx_word' id='word_1_178' title='bbox 395 1697 485 1725; x_wconf 90' lang='lat' dir='ltr'>non</span> <span class='ocrx_word' id='word_1_179' title='bbox 521 1682 578 1726; x_wconf 84' lang='lat' dir='ltr'>ita</span> <span class='ocrx_word' id='word_1_180' title='bbox 618 1692 886 1742; x_wconf 72' lang='lat' dir='ltr'>praeceptum</span> <span class='ocrx_word' id='word_1_181' title='bbox 918 1683 1219 1743; x_wconf 85' lang='lat' dir='ltr'>accipiendum</span> <span class='ocrx_word' id='word_1_182' title='bbox 1250 1692 1313 1728; x_wconf 89' lang='lat' dir='ltr'>est</span> <span class='ocrx_word' id='word_1_183' title='bbox 1335 1720 1346 1739; x_wconf 87' lang='lat'>,</span> <span class='ocrx_word' id='word_1_184' title='bbox 1383 1685 1505 1745; x_wconf 82' lang='lat' dir='ltr'>quasi</span> <span class='ocrx_word' id='word_1_185' title='bbox 1527 1684 1663 1744; x_wconf 87' lang='lat' dir='ltr'>jurari</span> <span class='ocrx_word' id='word_1_186' title='bbox 1687 1685 1780 1744; x_wconf 89' lang='lat' dir='ltr'>jus-</span> 
     </span>
     <span class='ocr_line' id='line_1_21' title="bbox 395 1751 1775 1814; baseline 0.002 -19"><span class='ocrx_word' id='word_1_187' title='bbox 395 1753 516 1796; x_wconf 85' lang='lat' dir='ltr'>serit:</span> <span class='ocrx_word' id='word_1_188' title='bbox 542 1751 675 1796; x_wconf 86' lang='lat' dir='ltr'>sedin</span> <span class='ocrx_word' id='word_1_189' title='bbox 692 1752 866 1811; x_wconf 86' lang='lat' dir='ltr'>alterius</span> <span class='ocrx_word' id='word_1_190' title='bbox 890 1753 1068 1813; x_wconf 85' lang='lat' dir='ltr'>alicujus</span> <span class='ocrx_word' id='word_1_191' title='bbox 1090 1755 1167 1798; x_wconf 89' lang='lat' dir='ltr'>Dei</span> <span class='ocrx_word' id='word_1_192' title='bbox 1189 1754 1364 1798; x_wconf 90' lang='lat' dir='ltr'>nomine</span> <span class='ocrx_word' id='word_1_193' title='bbox 1382 1755 1515 1814; x_wconf 83' lang='lat' dir='ltr'>jurari</span> <span class='ocrx_word' id='word_1_194' title='bbox 1536 1755 1775 1814; x_wconf 85' lang='lat' dir='ltr'>probibuit.</span> 
     </span>
    </p>
   </div>
   <div class='ocr_carea' id='block_1_5' title="bbox 395 1821 1838 1884">
    <p class='ocr_par' dir='ltr' id='par_1_5' title="bbox 395 1821 1838 1884">
     <span class='ocr_line' id='line_1_22' title="bbox 395 1821 1838 1884; baseline 0.001 -17"><span class='ocrx_word' id='word_1_195' title='bbox 395 1821 549 1867; x_wconf 72' lang='lat' dir='ltr'>Melius</span> <span class='ocrx_word' id='word_1_196' title='bbox 572 1832 717 1867; x_wconf 88' lang='lat' dir='ltr'>autem</span> <span class='ocrx_word' id='word_1_197' title='bbox 739 1824 788 1868; x_wconf 80' lang='lat' dir='ltr'>fit</span> <span class='ocrx_word' id='word_1_198' title='bbox 809 1824 842 1867; x_wconf 88' lang='lat' dir='ltr'>si</span> <span class='ocrx_word' id='word_1_199' title='bbox 860 1823 1100 1868; x_wconf 88' lang='lat' dir='ltr'>secundum</span> <span class='ocrx_word' id='word_1_200' title='bbox 1122 1824 1408 1882; x_wconf 81' lang='lat' dir='ltr'>Evangelium</span> <span class='ocrx_word' id='word_1_201' title='bbox 1430 1825 1777 1884; x_wconf 83' lang='lat' dir='ltr'>necjurave1·is⁵;</span> <span class='ocrx_word' id='word_1_202' title='bbox 1835 1827 1838 1838; x_wconf 88' lang='lat'>&#39;</span> 
     </span>
    </p>
   </div>
   <div class='ocr_carea' id='block_1_6' title="bbox 395 1892 1778 2166">
    <p class='ocr_par' dir='ltr' id='par_1_6' title="bbox 395 1892 1778 2166">
     <span class='ocr_line' id='line_1_23' title="bbox 395 1892 1778 1954; baseline 0.002 -19"><span class='ocrx_word' id='word_1_203' title='bbox 395 1909 483 1936; x_wconf 91' lang='lat' dir='ltr'>non</span> <span class='ocrx_word' id='word_1_204' title='bbox 508 1893 608 1953; x_wconf 84' lang='lat' dir='ltr'>quia</span> <span class='ocrx_word' id='word_1_205' title='bbox 633 1892 743 1937; x_wconf 85' lang='lat' dir='ltr'>mala</span> <span class='ocrx_word' id='word_1_206' title='bbox 768 1903 830 1937; x_wconf 89' lang='lat' dir='ltr'>est</span> <span class='ocrx_word' id='word_1_207' title='bbox 850 1910 950 1938; x_wconf 86' lang='lat' dir='ltr'>vcra</span> <span class='ocrx_word' id='word_1_208' title='bbox 966 1895 1150 1954; x_wconf 83' lang='lat' dir='ltr'>juratio,</span> <span class='ocrx_word' id='word_1_209' title='bbox 1171 1895 1245 1937; x_wconf 86' lang='lat' dir='ltr'>sed</span> <span class='ocrx_word' id='word_1_210' title='bbox 1268 1909 1322 1937; x_wconf 89' lang='lat' dir='ltr'>ne</span> <span class='ocrx_word' id='word_1_211' title='bbox 1343 1894 1389 1937; x_wconf 89' lang='lat' dir='ltr'>in</span> <span class='ocrx_word' id='word_1_212' title='bbox 1410 1895 1648 1954; x_wconf 86' lang='lat' dir='ltr'>perjurium</span> <span class='ocrx_word' id='word_1_213' title='bbox 1671 1895 1778 1939; x_wconf 86' lang='lat' dir='ltr'>inci-</span> 
     </span>
     <span class='ocr_line' id='line_1_24' title="bbox 396 1963 1777 2024; baseline 0.002 -18"><span class='ocrx_word' id='word_1_214' title='bbox 396 1963 526 2007; x_wconf 82' lang='lat' dir='ltr'>datur</span> <span class='ocrx_word' id='word_1_215' title='bbox 544 1963 750 2008; x_wconf 85' lang='lat' dir='ltr'>facilitate</span> <span class='ocrx_word' id='word_1_216' title='bbox 779 1964 970 2023; x_wconf 86' lang='lat' dir='ltr'>jurandi.</span> <span class='ocrx_word' id='word_1_217' title='bbox 1002 1965 1086 2017; x_wconf 89' lang='lat' dir='ltr'>Qui</span> <span class='ocrx_word' id='word_1_218' title='bbox 1109 1964 1224 2008; x_wconf 87' lang='lat' dir='ltr'>enim</span> <span class='ocrx_word' id='word_1_219' title='bbox 1247 1964 1391 2024; x_wconf 87' lang='lat' dir='ltr'>jurat,</span> <span class='ocrx_word' id='word_1_220' title='bbox 1417 1980 1505 2008; x_wconf 92' lang='lat' dir='ltr'>non</span> <span class='ocrx_word' id='word_1_221' title='bbox 1530 1964 1671 2009; x_wconf 85' lang='lat' dir='ltr'>solum</span> <span class='ocrx_word' id='word_1_222' title='bbox 1702 1980 1777 2010; x_wconf 88' lang='lat' dir='ltr'>ve-</span> 
     </span>
     <span class='ocr_line' id='line_1_25' title="bbox 396 2034 1778 2097; baseline 0.002 -19"><span class='ocrx_word' id='word_1_223' title='bbox 396 2050 515 2090; x_wconf 80' lang='lat' dir='ltr'>rum,</span> <span class='ocrx_word' id='word_1_224' title='bbox 542 2036 616 2079; x_wconf 90' lang='lat' dir='ltr'>scd</span> <span class='ocrx_word' id='word_1_225' title='bbox 639 2036 766 2079; x_wconf 82' lang='lat' dir='ltr'>etiam</span> <span class='ocrx_word' id='word_1_226' title='bbox 791 2034 946 2080; x_wconf 82' lang='lat' dir='ltr'>falsum</span> <span class='ocrx_word' id='word_1_227' title='bbox 962 2037 1108 2095; x_wconf 85' lang='lat' dir='ltr'>jurare</span> <span class='ocrx_word' id='word_1_228' title='bbox 1136 2045 1278 2095; x_wconf 87' lang='lat' dir='ltr'>potest</span> <span class='ocrx_word' id='word_1_229' title='bbox 1305 2056 1313 2080; x_wconf 91' lang='lat'>:</span> <span class='ocrx_word' id='word_1_230' title='bbox 1339 2036 1415 2097; x_wconf 88' lang='lat' dir='ltr'>qui</span> <span class='ocrx_word' id='word_1_231' title='bbox 1439 2045 1583 2081; x_wconf 85' lang='lat' dir='ltr'>autem</span> <span class='ocrx_word' id='word_1_232' title='bbox 1600 2037 1778 2082; x_wconf 88' lang='lat' dir='ltr'>omnino</span> 
     </span>
     <span class='ocr_line' id='line_1_26' title="bbox 397 2105 1276 2166; baseline 0 -17"><span class='ocrx_word' id='word_1_233' title='bbox 397 2121 486 2149; x_wconf 91' lang='lat' dir='ltr'>non</span> <span class='ocrx_word' id='word_1_234' title='bbox 501 2107 643 2166; x_wconf 86' lang='lat' dir='ltr'>jurat,</span> <span class='ocrx_word' id='word_1_235' title='bbox 670 2123 693 2150; x_wconf 89' lang='lat' dir='ltr'>a</span> <span class='ocrx_word' id='word_1_236' title='bbox 710 2107 899 2166; x_wconf 85' lang='lat' dir='ltr'>perjurio</span> <span class='ocrx_word' id='word_1_237' title='bbox 921 2105 1049 2164; x_wconf 79' lang='lat' dir='ltr'>longe</span> <span class='ocrx_word' id='word_1_238' title='bbox 1067 2106 1276 2151; x_wconf 84' lang='lat' dir='ltr'>ambulat.</span> 
     </span>
    </p>
   </div>
   <div class='ocr_carea' id='block_1_7' title="bbox 898 2217 1267 2266">
    <p class='ocr_par' dir='ltr' id='par_1_7' title="bbox 898 2217 1267 2266">
     <span class='ocr_line' id='line_1_27' title="bbox 898 2217 1267 2266; baseline 0.003 -11"><span class='ocrx_word' id='word_1_239' title='bbox 898 2217 1132 2266; x_wconf 69' lang='lat' dir='ltr'>Qunsrlo</span> <span class='ocrx_word' id='word_1_240' title='bbox 1164 2219 1267 2256; x_wconf 80' lang='lat' dir='ltr'>xm.</span> 
     </span>
    </p>
   </div>
   <div class='ocr_carea' id='block_1_8' title="bbox 461 2317 1777 2379">
    <p class='ocr_par' dir='ltr' id='par_1_8' title="bbox 461 2317 1777 2379">
     <span class='ocr_line' id='line_1_28' title="bbox 461 2317 1777 2379; baseline 0.006 -20"><span class='ocrx_word' id='word_1_241' title='bbox 461 2337 480 2359; x_wconf 87' lang='lat'>«</span> <span class='ocrx_word' id='word_1_242' title='bbox 501 2321 564 2361; x_wconf 83' lang='lat' dir='ltr'>ET</span> <span class='ocrx_word' id='word_1_243' title='bbox 578 2317 870 2362; x_wconf 87' lang='lat' dir='ltr'>recordaberis</span> <span class='ocrx_word' id='word_1_244' title='bbox 887 2334 1060 2362; x_wconf 89' lang='lat' dir='ltr'>omnem</span> <span class='ocrx_word' id='word_1_245' title='bbox 1078 2319 1208 2374; x_wconf 85' lang='lat' dir='ltr'>viam,</span> <span class='ocrx_word' id='word_1_246' title='bbox 1226 2335 1357 2379; x_wconf 85' lang='lat' dir='ltr'>quam</span> <span class='ocrx_word' id='word_1_247' title='bbox 1372 2317 1496 2364; x_wconf 76' lang='lat' dir='ltr'>duxit</span> <span class='ocrx_word' id='word_1_248' title='bbox 1509 2329 1550 2364; x_wconf 90' lang='lat' dir='ltr'>tc</span> <span class='ocrx_word' id='word_1_249' title='bbox 1568 2322 1777 2367; x_wconf 88' lang='lat' dir='ltr'>Dominus</span> 
     </span>
    </p>
   </div>
   <div class='ocr_carea' id='block_1_9' title="bbox 401 2390 1842 2519">
    <p class='ocr_par' dir='ltr' id='par_1_9' title="bbox 401 2390 1842 2519">
     <span class='ocr_line' id='line_1_29' title="bbox 402 2390 1841 2448; baseline 0.006 -19"><span class='ocrx_word' id='word_1_250' title='bbox 402 2408 420 2429; x_wconf 87' lang='lat'>»</span> <span class='ocrx_word' id='word_1_251' title='bbox 457 2392 570 2432; x_wconf 87' lang='lat' dir='ltr'>Deus</span> <span class='ocrx_word' id='word_1_252' title='bbox 590 2399 689 2433; x_wconf 88' lang='lat' dir='ltr'>tuus</span> <span class='ocrx_word' id='word_1_253' title='bbox 710 2390 755 2433; x_wconf 91' lang='lat' dir='ltr'>in</span> <span class='ocrx_word' id='word_1_254' title='bbox 778 2390 970 2444; x_wconf 82' lang='lat' dir='ltr'>deserte,</span> <span class='ocrx_word' id='word_1_255' title='bbox 996 2399 1046 2433; x_wconf 81' lang='lat' dir='ltr'>ul:</span> <span class='ocrx_word' id='word_1_256' title='bbox 1067 2391 1276 2448; x_wconf 76' lang='lat' dir='ltr'>affligeret</span> <span class='ocrx_word' id='word_1_257' title='bbox 1293 2399 1356 2445; x_wconf 81' lang='lat' dir='ltr'>te,</span> <span class='ocrx_word' id='word_1_258' title='bbox 1383 2399 1425 2434; x_wconf 89' lang='lat' dir='ltr'>et</span> <span class='ocrx_word' id='word_1_259' title='bbox 1448 2399 1632 2435; x_wconf 86' lang='lat' dir='ltr'>tentaret</span> <span class='ocrx_word' id='word_1_260' title='bbox 1650 2401 1713 2447; x_wconf 87' lang='lat' dir='ltr'>te,</span> <span class='ocrx_word' id='word_1_261' title='bbox 1735 2403 1776 2437; x_wconf 90' lang='lat' dir='ltr'>et</span> <span class='ocrx_word' id='word_1_262' title='bbox 1840 2430 1841 2438; x_wconf 68' lang='grc'>,</span> 
     </span>
     <span class='ocr_line' id='line_1_30' title="bbox 401 2458 1842 2519; baseline 0.005 -19"><span class='ocrx_word' id='word_1_263' title='bbox 401 2477 421 2499; x_wconf 86' lang='lat'>»</span> <span class='ocrx_word' id='word_1_264' title='bbox 457 2460 629 2517; x_wconf 80' lang='lat' dir='ltr'>cognita</span> <span class='ocrx_word' id='word_1_265' title='bbox 660 2460 821 2504; x_wconf 87' lang='lat' dir='ltr'>faceret</span> <span class='ocrx_word' id='word_1_266' title='bbox 850 2476 946 2519; x_wconf 80' lang='lat' dir='ltr'>quae</span> <span class='ocrx_word' id='word_1_267' title='bbox 976 2461 1021 2503; x_wconf 91' lang='lat' dir='ltr'>in</span> <span class='ocrx_word' id='word_1_268' title='bbox 1045 2460 1175 2504; x_wconf 81' lang='lat' dir='ltr'>corde</span> <span class='ocrx_word' id='word_1_269' title='bbox 1200 2470 1277 2505; x_wconf 87' lang='lat' dir='ltr'>tuo</span> <span class='ocrx_word' id='word_1_270' title='bbox 1313 2470 1439 2515; x_wconf 88' lang='lat' dir='ltr'>sunt,</span> <span class='ocrx_word' id='word_1_271' title='bbox 1469 2461 1502 2504; x_wconf 82' lang='lat' dir='ltr'>si</span> <span class='ocrx_word' id='word_1_272' title='bbox 1531 2462 1776 2507; x_wconf 86' lang='lat' dir='ltr'>observabis</span> <span class='ocrx_word' id='word_1_273' title='bbox 1840 2458 1842 2478; x_wconf 73' lang='lat'>⁵</span> 
     </span>
    </p>
   </div>
   <div class='ocr_carea' id='block_1_10' title="bbox 401 2553 1773 2653">
    <p class='ocr_par' dir='ltr' id='par_1_10' title="bbox 401 2553 1773 2653">
     <span class='ocr_line' id='line_1_31' title="bbox 450 2553 1773 2597; baseline 0.003 -13"><span class='ocrx_word' id='word_1_274' title='bbox 450 2562 457 2577; x_wconf 88' lang='lat'>¹</span> <span class='ocrx_word' id='word_1_275' title='bbox 485 2556 653 2596; x_wconf 77' lang='lat' dir='ltr'>Jer.xxx1‚</span> <span class='ocrx_word' id='word_1_276' title='bbox 676 2554 787 2596; x_wconf 65' lang='lat'>31-35.</span> <span class='ocrx_word' id='word_1_277' title='bbox 809 2571 850 2578; x_wconf 92' lang='lat'>—</span> <span class='ocrx_word' id='word_1_278' title='bbox 873 2561 885 2577; x_wconf 83' lang='lat'>²</span> <span class='ocrx_word' id='word_1_279' title='bbox 905 2563 923 2587; x_wconf 60' lang='grc' dir='ltr'>ε),</span> <span class='ocrx_word' id='word_1_280' title='bbox 938 2557 1009 2586; x_wconf 85' lang='lat' dir='ltr'>Cor.</span> <span class='ocrx_word' id='word_1_281' title='bbox 1029 2566 1075 2597; x_wconf 81' lang='grc' dir='ltr'>ιιι,</span> <span class='ocrx_word' id='word_1_282' title='bbox 1100 2555 1129 2588; x_wconf 82' lang='grc'>3.</span> <span class='ocrx_word' id='word_1_283' title='bbox 1151 2572 1193 2578; x_wconf 89' lang='lat'>—-</span> <span class='ocrx_word' id='word_1_284' title='bbox 1213 2553 1226 2577; x_wconf 80' lang='lat'>3</span> <span class='ocrx_word' id='word_1_285' title='bbox 1244 2554 1325 2588; x_wconf 82' lang='lat' dir='ltr'>lbid.</span> <span class='ocrx_word' id='word_1_286' title='bbox 1342 2555 1374 2587; x_wconf 87' lang='lat'>6.</span> <span class='ocrx_word' id='word_1_287' title='bbox 1396 2572 1437 2579; x_wconf 89' lang='lat'>·—-</span> <span class='ocrx_word' id='word_1_288' title='bbox 1456 2554 1470 2585; x_wconf 74' lang='grc'>4</span> <span class='ocrx_word' id='word_1_289' title='bbox 1490 2559 1582 2588; x_wconf 80' lang='lat' dir='ltr'>Dent.</span> <span class='ocrx_word' id='word_1_290' title='bbox 1602 2568 1645 2597; x_wconf 82' lang='lat' dir='ltr'>vi,</span> <span class='ocrx_word' id='word_1_291' title='bbox 1665 2557 1715 2588; x_wconf 80' lang='lat'>13.</span> <span class='ocrx_word' id='word_1_292' title='bbox 1740 2573 1773 2580; x_wconf 89' lang='lat'>--</span> 
     </span>
     <span class='ocr_line' id='line_1_32' title="bbox 401 2608 678 2653; baseline 0 -12"><span class='ocrx_word' id='word_1_293' title='bbox 401 2608 415 2631; x_wconf 70' lang='lat'><strong><em>5</em></strong></span> <span class='ocrx_word' id='word_1_294' title='bbox 434 2609 545 2642; x_wconf 60' lang='lat' dir='ltr'>Manli.</span> <span class='ocrx_word' id='word_1_295' title='bbox 572 2621 605 2651; x_wconf 84' lang='lat' dir='ltr'>v,</span> <span class='ocrx_word' id='word_1_296' title='bbox 626 2609 678 2653; x_wconf 71' lang='grc'>34.</span> 
     </span>
    </p>
   </div>
   <div class='ocr_carea' id='block_1_11' title="bbox 1831 1262 1847 2953">
    <p class='ocr_par' dir='ltr' id='par_1_11' title="bbox 1831 1262 1847 2953">
     <span class='ocr_line' id='line_1_33' title="bbox 1831 1262 1847 2953; baseline 0 0"><span class='ocrx_word' id='word_1_297' title='bbox 1831 1262 1847 2953; x_wconf 95' lang='lat' dir='ltr'> </span> 
     </span>
    </p>
   </div>
  </div>
 </body>
</html>
