<?xml version="1.0" encoding="UTF-8"?>
<!DOCTYPE html PUBLIC "-//W3C//DTD XHTML 1.0 Transitional//EN"
    "http://www.w3.org/TR/xhtml1/DTD/xhtml1-transitional.dtd">
<html xmlns="http://www.w3.org/1999/xhtml" xml:lang="en" lang="en">
 <head>
  <title>
</title>
<meta http-equiv="Content-Type" content="text/html;charset=utf-8" />
  <meta name='ocr-system' content='tesseract 3.04.00' />
  <meta name='ocr-capabilities' content='ocr_page ocr_carea ocr_par ocr_line ocrx_word'/>
</head>
<body>
  <div class='ocr_page' id='page_1' title='image "./operaomniaaccura06auguuoft_0238.png"; bbox 0 0 1872 3267; ppageno 0'>
   <div class='ocr_carea' id='block_1_1' title="bbox 403 227 1776 430">
    <p class='ocr_par' dir='ltr' id='par_1_1' title="bbox 403 227 1776 430">
     <span class='ocr_line' id='line_1_1' title="bbox 406 227 1349 265; baseline -0.002 0"><span class='ocrx_word' id='word_1_1' title='bbox 406 227 489 265; x_wconf 72' lang='lat'>228</span> <span class='ocrx_word' id='word_1_2' title='bbox 835 234 869 263; x_wconf 90' lang='lat' dir='ltr'>s.</span> <span class='ocrx_word' id='word_1_3' title='bbox 903 235 1136 264; x_wconf 72' lang='lat' dir='ltr'>Aucus&#39;nm</span> <span class='ocrx_word' id='word_1_4' title='bbox 1169 237 1349 264; x_wconf 76' lang='lat' dir='ltr'>Emscom</span> 
     </span>
     <span class='ocr_line' id='line_1_2' title="bbox 405 298 1776 360; baseline -0.001 -16"><span class='ocrx_word' id='word_1_5' title='bbox 405 300 510 345; x_wconf 90' lang='lat' dir='ltr'>dum</span> <span class='ocrx_word' id='word_1_6' title='bbox 544 300 583 344; x_wconf 89' lang='lat' dir='ltr'>ei</span> <span class='ocrx_word' id='word_1_7' title='bbox 610 308 889 360; x_wconf 85' lang='lat' dir='ltr'>parceretur:</span> <span class='ocrx_word' id='word_1_8' title='bbox 914 301 1025 345; x_wconf 86' lang='lat' dir='ltr'>sicut</span> <span class='ocrx_word' id='word_1_9' title='bbox 1051 302 1195 346; x_wconf 87' lang='lat' dir='ltr'>omnia</span> <span class='ocrx_word' id='word_1_10' title='bbox 1224 300 1335 345; x_wconf 87' lang='lat' dir='ltr'>mala</span> <span class='ocrx_word' id='word_1_11' title='bbox 1369 298 1502 346; x_wconf 88' lang='lat' dir='ltr'>corda</span> <span class='ocrx_word' id='word_1_12' title='bbox 1529 300 1776 354; x_wconf 86' lang='lat' dir='ltr'>hominum,</span> 
     </span>
     <span class='ocr_line' id='line_1_3' title="bbox 403 369 1302 430; baseline 0 -16"><span class='ocrx_word' id='word_1_13' title='bbox 403 370 610 430; x_wconf 82' lang='lat' dir='ltr'>patientia</span> <span class='ocrx_word' id='word_1_14' title='bbox 632 370 709 415; x_wconf 86' lang='lat' dir='ltr'>Dei</span> <span class='ocrx_word' id='word_1_15' title='bbox 730 369 842 415; x_wconf 82' lang='lat' dir='ltr'>male</span> <span class='ocrx_word' id='word_1_16' title='bbox 865 370 1029 416; x_wconf 85' lang='lat' dir='ltr'>utendo</span> <span class='ocrx_word' id='word_1_17' title='bbox 1050 371 1302 416; x_wconf 86' lang='lat' dir='ltr'>durescunt.</span> 
     </span>
    </p>
   </div>
   <div class='ocr_carea' id='block_1_2' title="bbox 854 466 1328 516">
    <p class='ocr_par' dir='ltr' id='par_1_2' title="bbox 854 466 1328 516">
     <span class='ocr_line' id='line_1_4' title="bbox 854 466 1328 516; baseline 0 -10"><span class='ocrx_word' id='word_1_18' title='bbox 854 466 1088 516; x_wconf 84' lang='lat' dir='ltr'>QUAESTIO</span> <span class='ocrx_word' id='word_1_19' title='bbox 1118 468 1328 507; x_wconf 81' lang='lat' dir='ltr'>XXXVIII.</span> 
     </span>
    </p>
   </div>
   <div class='ocr_carea' id='block_1_3' title="bbox 463 565 1780 626">
    <p class='ocr_par' dir='ltr' id='par_1_3' title="bbox 463 565 1780 626">
     <span class='ocr_line' id='line_1_5' title="bbox 463 565 1780 626; baseline -0.002 -13"><span class='ocrx_word' id='word_1_20' title='bbox 463 571 623 613; x_wconf 72' lang='lat' dir='ltr'>TERTIO</span> <span class='ocrx_word' id='word_1_21' title='bbox 641 566 801 612; x_wconf 87' lang='lat' dir='ltr'>dicitur</span> <span class='ocrx_word' id='word_1_22' title='bbox 822 565 878 611; x_wconf 82' lang='lat' dir='ltr'>ad</span> <span class='ocrx_word' id='word_1_23' title='bbox 897 570 1080 626; x_wconf 86' lang='lat' dir='ltr'>Moysen</span> <span class='ocrx_word' id='word_1_24' title='bbox 1102 588 1112 614; x_wconf 78' lang='lat'>2</span> <span class='ocrx_word' id='word_1_25' title='bbox 1141 588 1161 612; x_wconf 88' lang='lat'>«</span> <span class='ocrx_word' id='word_1_26' title='bbox 1181 567 1377 614; x_wconf 85' lang='lat' dir='ltr'>Extende</span> <span class='ocrx_word' id='word_1_27' title='bbox 1399 582 1577 612; x_wconf 88' lang='lat' dir='ltr'>manum</span> <span class='ocrx_word' id='word_1_28' title='bbox 1598 576 1718 611; x_wconf 84' lang='lat' dir='ltr'>tuam</span> <span class='ocrx_word' id='word_1_29' title='bbox 1735 566 1780 610; x_wconf 86' lang='lat' dir='ltr'>in</span> 
     </span>
    </p>
   </div>
   <div class='ocr_carea' id='block_1_4' title="bbox 407 638 1779 700">
    <p class='ocr_par' dir='ltr' id='par_1_4' title="bbox 407 638 1779 700">
     <span class='ocr_line' id='line_1_6' title="bbox 407 638 1779 700; baseline -0.001 -18"><span class='ocrx_word' id='word_1_30' title='bbox 407 661 425 682; x_wconf 87' lang='lat'>»</span> <span class='ocrx_word' id='word_1_31' title='bbox 450 638 622 685; x_wconf 78' lang='lat' dir='ltr'>coelum</span> <span class='ocrx_word' id='word_1_32' title='bbox 638 641 670 694; x_wconf 80' lang='lat'>¹,</span> <span class='ocrx_word' id='word_1_33' title='bbox 693 656 714 680; x_wconf 86' lang='lat'>»</span> <span class='ocrx_word' id='word_1_34' title='bbox 736 647 786 683; x_wconf 87' lang='lat' dir='ltr'>ut</span> <span class='ocrx_word' id='word_1_35' title='bbox 801 639 924 683; x_wconf 86' lang='lat' dir='ltr'>fieret</span> <span class='ocrx_word' id='word_1_36' title='bbox 939 639 1068 684; x_wconf 84' lang='lat' dir='ltr'>etiam</span> <span class='ocrx_word' id='word_1_37' title='bbox 1084 639 1212 700; x_wconf 82' lang='lat' dir='ltr'>plaga</span> <span class='ocrx_word' id='word_1_38' title='bbox 1232 640 1526 685; x_wconf 84' lang='lat' dir='ltr'>tenebrarum.</span> <span class='ocrx_word' id='word_1_39' title='bbox 1546 641 1779 699; x_wconf 86' lang='lat' dir='ltr'><strong>Nunquam</strong></span> 
     </span>
    </p>
   </div>
   <div class='ocr_carea' id='block_1_5' title="bbox 398 708 1872 1055">
    <p class='ocr_par' dir='ltr' id='par_1_5' title="bbox 398 708 1872 1058">
     <span class='ocr_line' id='line_1_7' title="bbox 400 708 1872 771; baseline -0.003 -15"><span class='ocrx_word' id='word_1_40' title='bbox 400 720 545 757; x_wconf 84' lang='lat' dir='ltr'>autem</span> <span class='ocrx_word' id='word_1_41' title='bbox 576 710 743 756; x_wconf 88' lang='lat' dir='ltr'>dictum</span> <span class='ocrx_word' id='word_1_42' title='bbox 775 719 839 755; x_wconf 83' lang='lat' dir='ltr'>est</span> <span class='ocrx_word' id='word_1_43' title='bbox 867 710 922 755; x_wconf 86' lang='lat' dir='ltr'>ad</span> <span class='ocrx_word' id='word_1_44' title='bbox 947 709 1126 755; x_wconf 87' lang='lat' dir='ltr'>fratrem</span> <span class='ocrx_word' id='word_1_45' title='bbox 1148 711 1240 771; x_wconf 86' lang='lat' dir='ltr'>ejus</span> <span class='ocrx_word' id='word_1_46' title='bbox 1262 715 1431 766; x_wconf 83' lang='lat' dir='ltr'>Aaron,</span> <span class='ocrx_word' id='word_1_47' title='bbox 1458 720 1508 755; x_wconf 86' lang='lat' dir='ltr'>ut</span> <span class='ocrx_word' id='word_1_48' title='bbox 1528 708 1781 754; x_wconf 84' lang='lat' dir='ltr'>extenderet</span> <span class='ocrx_word' id='word_1_49' title='bbox 1828 755 1829 760; x_wconf 47' lang='lat'>,</span> <span class='ocrx_word' id='word_1_50' title='bbox 1866 727 1872 770; x_wconf 38' lang='grc' dir='ltr'>ις,</span> 
     </span>
     <span class='ocr_line' id='line_1_8' title="bbox 401 780 1829 842; baseline -0.002 -15"><span class='ocrx_word' id='word_1_51' title='bbox 401 797 579 827; x_wconf 84' lang='lat' dir='ltr'>manum</span> <span class='ocrx_word' id='word_1_52' title='bbox 611 781 658 826; x_wconf 92' lang='lat' dir='ltr'>in</span> <span class='ocrx_word' id='word_1_53' title='bbox 689 780 867 826; x_wconf 83' lang='lat' dir='ltr'>coelum.</span> <span class='ocrx_word' id='word_1_54' title='bbox 903 781 1032 834; x_wconf 87' lang='lat' dir='ltr'>Quod</span> <span class='ocrx_word' id='word_1_55' title='bbox 1064 798 1166 842; x_wconf 84' lang='lat' dir='ltr'>ergo</span> <span class='ocrx_word' id='word_1_56' title='bbox 1193 782 1361 827; x_wconf 85' lang='lat' dir='ltr'>dictum</span> <span class='ocrx_word' id='word_1_57' title='bbox 1394 791 1459 826; x_wconf 89' lang='lat' dir='ltr'>est</span> <span class='ocrx_word' id='word_1_58' title='bbox 1489 781 1544 826; x_wconf 84' lang='lat' dir='ltr'>ad</span> <span class='ocrx_word' id='word_1_59' title='bbox 1564 783 1776 839; x_wconf 88' lang='lat' dir='ltr'>Moysen:</span> <span class='ocrx_word' id='word_1_60' title='bbox 1827 802 1829 806; x_wconf 31' lang='lat' dir='ltr'>r</span> 
     </span>
     <span class='ocr_line' id='line_1_9' title="bbox 402 850 1872 913; baseline 0.001 -20"><span class='ocrx_word' id='word_1_61' title='bbox 402 872 420 893; x_wconf 88' lang='lat'>«</span> <span class='ocrx_word' id='word_1_62' title='bbox 456 852 654 897; x_wconf 83' lang='lat' dir='ltr'>Extende</span> <span class='ocrx_word' id='word_1_63' title='bbox 670 867 848 896; x_wconf 81' lang='lat' dir='ltr'>manum</span> <span class='ocrx_word' id='word_1_64' title='bbox 866 861 987 896; x_wconf 83' lang='lat' dir='ltr'>tuam</span> <span class='ocrx_word' id='word_1_65' title='bbox 1000 861 1296 913; x_wconf 84' lang='lat' dir='ltr'>superterram</span> <span class='ocrx_word' id='word_1_66' title='bbox 1310 853 1506 913; x_wconf 71' lang='lat' dir='ltr'>AEgypfi,</span> <span class='ocrx_word' id='word_1_67' title='bbox 1525 861 1569 896; x_wconf 87' lang='lat' dir='ltr'>et</span> <span class='ocrx_word' id='word_1_68' title='bbox 1579 850 1782 896; x_wconf 82' lang='lat' dir='ltr'>ascendat</span> <span class='ocrx_word' id='word_1_69' title='bbox 1832 891 1833 894; x_wconf 72' lang='grc'>,</span> <span class='ocrx_word' id='word_1_70' title='bbox 1865 882 1872 911; x_wconf 42' lang='lat'>55</span> 
     </span>
     <span class='ocr_line' id='line_1_10' title="bbox 402 922 1780 984; baseline 0.001 -19"><span class='ocrx_word' id='word_1_71' title='bbox 402 942 423 965; x_wconf 87' lang='lat'>»</span> <span class='ocrx_word' id='word_1_72' title='bbox 456 922 623 968; x_wconf 86' lang='lat' dir='ltr'>locusta</span> <span class='ocrx_word' id='word_1_73' title='bbox 655 938 784 983; x_wconf 88' lang='lat' dir='ltr'>super</span> <span class='ocrx_word' id='word_1_74' title='bbox 819 932 977 968; x_wconf 84' lang='lat' dir='ltr'>terram</span> <span class='ocrx_word' id='word_1_75' title='bbox 995 927 1028 979; x_wconf 76' lang='lat'>²,</span> <span class='ocrx_word' id='word_1_76' title='bbox 1069 924 1198 969; x_wconf 86' lang='lat' dir='ltr'>credo</span> <span class='ocrx_word' id='word_1_77' title='bbox 1226 923 1272 969; x_wconf 92' lang='lat' dir='ltr'>id</span> <span class='ocrx_word' id='word_1_78' title='bbox 1302 923 1615 984; x_wconf 81' lang='lat' dir='ltr'>significatum,</span> <span class='ocrx_word' id='word_1_79' title='bbox 1651 922 1780 967; x_wconf 86' lang='lat' dir='ltr'>etiam</span> 
     </span>
     <span class='ocr_line' id='line_1_11' title="bbox 398 993 1834 1055; baseline 0 -17"><span class='ocrx_word' id='word_1_80' title='bbox 398 993 542 1039; x_wconf 89' lang='lat' dir='ltr'>minus</span> <span class='ocrx_word' id='word_1_81' title='bbox 565 1010 687 1054; x_wconf 86' lang='lat' dir='ltr'>posse</span> <span class='ocrx_word' id='word_1_82' title='bbox 704 994 780 1055; x_wconf 88' lang='lat' dir='ltr'>qui</span> <span class='ocrx_word' id='word_1_83' title='bbox 798 994 895 1054; x_wconf 89' lang='lat' dir='ltr'>plus</span> <span class='ocrx_word' id='word_1_84' title='bbox 915 1004 1080 1055; x_wconf 79' lang='lat' dir='ltr'>potest3</span> <span class='ocrx_word' id='word_1_85' title='bbox 1105 1011 1195 1040; x_wconf 88' lang='lat' dir='ltr'>non</span> <span class='ocrx_word' id='word_1_86' title='bbox 1216 1005 1360 1041; x_wconf 87' lang='lat' dir='ltr'>autem</span> <span class='ocrx_word' id='word_1_87' title='bbox 1381 994 1589 1042; x_wconf 89' lang='lat' dir='ltr'>continuo</span> <span class='ocrx_word' id='word_1_88' title='bbox 1611 995 1683 1040; x_wconf 88' lang='lat' dir='ltr'>cui</span> <span class='ocrx_word' id='word_1_89' title='bbox 1699 994 1781 1039; x_wconf 88' lang='lat' dir='ltr'>mi·</span> <span class='ocrx_word' id='word_1_90' title='bbox 1822 1016 1834 1034; x_wconf 44' lang='grc' dir='ltr'><em>κ</em></span> 
     </span>
    </p>
   </div>
   <div class='ocr_carea' id='block_1_6' title="bbox 399 1065 1313 1224">
    <p class='ocr_par' dir='ltr' id='par_1_6' title="bbox 399 1065 1313 1224">
     <span class='ocr_line' id='line_1_12' title="bbox 399 1065 1191 1127; baseline 0.001 -17"><span class='ocrx_word' id='word_1_91' title='bbox 399 1080 506 1111; x_wconf 87' lang='lat' dir='ltr'>nora</span> <span class='ocrx_word' id='word_1_92' title='bbox 524 1065 842 1122; x_wconf 82' lang='lat' dir='ltr'>conceduntur,</span> <span class='ocrx_word' id='word_1_93' title='bbox 872 1082 995 1126; x_wconf 88' lang='lat' dir='ltr'>posse</span> <span class='ocrx_word' id='word_1_94' title='bbox 1013 1068 1191 1127; x_wconf 83' lang='lat' dir='ltr'>majora.</span> 
     </span>
     <span class='ocr_line' id='line_1_13' title="bbox 870 1174 1313 1224; baseline 0.002 -10"><span class='ocrx_word' id='word_1_95' title='bbox 870 1174 1106 1224; x_wconf 76' lang='lat' dir='ltr'>QUAEsrlo</span> <span class='ocrx_word' id='word_1_96' title='bbox 1137 1176 1313 1215; x_wconf 71' lang='lat' dir='ltr'>XXXIX.</span> 
     </span>
    </p>
   </div>
   <div class='ocr_carea' id='block_1_7' title="bbox 399 1272 1816 1486">
    <p class='ocr_par' dir='ltr' id='par_1_7' title="bbox 399 1272 1816 1486">
     <span class='ocr_line' id='line_1_14' title="bbox 457 1272 1779 1337; baseline 0.001 -16"><span class='ocrx_word' id='word_1_97' title='bbox 457 1279 570 1321; x_wconf 75' lang='lat' dir='ltr'>Dsz</span> <span class='ocrx_word' id='word_1_98' title='bbox 588 1272 642 1320; x_wconf 82' lang='lat' dir='ltr'>ad</span> <span class='ocrx_word' id='word_1_99' title='bbox 663 1278 847 1333; x_wconf 89' lang='lat' dir='ltr'>Moysen</span> <span class='ocrx_word' id='word_1_100' title='bbox 873 1292 881 1317; x_wconf 90' lang='lat'>:</span> <span class='ocrx_word' id='word_1_101' title='bbox 912 1295 930 1317; x_wconf 89' lang='lat'>«</span> <span class='ocrx_word' id='word_1_102' title='bbox 954 1279 1153 1337; x_wconf 88' lang='lat' dir='ltr'>Loquere</span> <span class='ocrx_word' id='word_1_103' title='bbox 1174 1292 1277 1337; x_wconf 85' lang='lat' dir='ltr'>ergo</span> <span class='ocrx_word' id='word_1_104' title='bbox 1298 1286 1463 1322; x_wconf 80' lang='lat' dir='ltr'>secreto</span> <span class='ocrx_word' id='word_1_105' title='bbox 1486 1277 1531 1321; x_wconf 89' lang='lat' dir='ltr'>in</span> <span class='ocrx_word' id='word_1_106' title='bbox 1553 1292 1676 1321; x_wconf 84' lang='lat' dir='ltr'>aures</span> <span class='ocrx_word' id='word_1_107' title='bbox 1699 1292 1779 1337; x_wconf 88' lang='lat' dir='ltr'>po-</span> 
     </span>
     <span class='ocr_line' id='line_1_15' title="bbox 399 1346 1779 1407; baseline 0.004 -20"><span class='ocrx_word' id='word_1_108' title='bbox 399 1363 421 1387; x_wconf 90' lang='lat'>»</span> <span class='ocrx_word' id='word_1_109' title='bbox 455 1346 571 1405; x_wconf 82' lang='lat' dir='ltr'>puli,</span> <span class='ocrx_word' id='word_1_110' title='bbox 597 1356 640 1391; x_wconf 93' lang='lat' dir='ltr'>et</span> <span class='ocrx_word' id='word_1_111' title='bbox 659 1355 780 1406; x_wconf 78' lang='lat' dir='ltr'>petat</span> <span class='ocrx_word' id='word_1_112' title='bbox 793 1346 1094 1407; x_wconf 87' lang='lat' dir='ltr'>unusquisque</span> <span class='ocrx_word' id='word_1_113' title='bbox 1112 1363 1135 1390; x_wconf 84' lang='lat' dir='ltr'>a</span> <span class='ocrx_word' id='word_1_114' title='bbox 1156 1347 1352 1406; x_wconf 77' lang='lat' dir='ltr'>proximo</span> <span class='ocrx_word' id='word_1_115' title='bbox 1366 1382 1377 1402; x_wconf 86' lang='lat'>‚</span> <span class='ocrx_word' id='word_1_116' title='bbox 1396 1356 1439 1391; x_wconf 91' lang='lat' dir='ltr'>et</span> <span class='ocrx_word' id='word_1_117' title='bbox 1459 1346 1616 1391; x_wconf 90' lang='lat' dir='ltr'>mulier</span> <span class='ocrx_word' id='word_1_118' title='bbox 1637 1362 1660 1391; x_wconf 89' lang='lat' dir='ltr'>a</span> <span class='ocrx_word' id='word_1_119' title='bbox 1675 1362 1779 1406; x_wconf 90' lang='lat' dir='ltr'>pro-</span> 
     </span>
     <span class='ocr_line' id='line_1_16' title="bbox 399 1414 1816 1486; baseline 0.002 -26"><span class='ocrx_word' id='word_1_120' title='bbox 399 1437 421 1460; x_wconf 86' lang='lat'>»</span> <span class='ocrx_word' id='word_1_121' title='bbox 455 1418 569 1462; x_wconf 83' lang='lat' dir='ltr'>xima</span> <span class='ocrx_word' id='word_1_122' title='bbox 585 1452 596 1473; x_wconf 90' lang='lat'>,</span> <span class='ocrx_word' id='word_1_123' title='bbox 620 1433 718 1462; x_wconf 83' lang='lat' dir='ltr'>vasa</span> <span class='ocrx_word' id='word_1_124' title='bbox 735 1432 864 1461; x_wconf 87' lang='lat' dir='ltr'>aurea</span> <span class='ocrx_word' id='word_1_125' title='bbox 879 1452 890 1473; x_wconf 91' lang='lat'>‚</span> <span class='ocrx_word' id='word_1_126' title='bbox 911 1426 955 1461; x_wconf 87' lang='lat' dir='ltr'>et</span> <span class='ocrx_word' id='word_1_127' title='bbox 972 1426 1172 1475; x_wconf 82' lang='lat' dir='ltr'>argentea</span> <span class='ocrx_word' id='word_1_128' title='bbox 1188 1452 1199 1473; x_wconf 83' lang='lat'>,</span> <span class='ocrx_word' id='word_1_129' title='bbox 1224 1427 1268 1462; x_wconf 90' lang='lat' dir='ltr'>et</span> <span class='ocrx_word' id='word_1_130' title='bbox 1289 1419 1471 1463; x_wconf 84' lang='lat' dir='ltr'>vestem³</span> <span class='ocrx_word' id='word_1_131' title='bbox 1490 1452 1498 1461; x_wconf 89' lang='lat'><strong>.</strong></span> <span class='ocrx_word' id='word_1_132' title='bbox 1520 1437 1540 1460; x_wconf 87' lang='lat'>»</span> <span class='ocrx_word' id='word_1_133' title='bbox 1559 1420 1658 1464; x_wconf 91' lang='lat' dir='ltr'>Non</span> <span class='ocrx_word' id='word_1_134' title='bbox 1678 1417 1780 1463; x_wconf 92' lang='lat' dir='ltr'>hinc</span> <span class='ocrx_word' id='word_1_135' title='bbox 1813 1414 1816 1486; x_wconf 65' lang='lat' dir='ltr'>J</span> 
     </span>
    </p>
   </div>
   <div class='ocr_carea' id='block_1_8' title="bbox 396 1558 1811 1699">
    <p class='ocr_par' dir='ltr' id='par_1_8' title="bbox 396 1558 1811 1699">
     <span class='ocr_line' id='line_1_17' title="bbox 396 1558 1811 1623; baseline 0 -19"><span class='ocrx_word' id='word_1_136' title='bbox 396 1559 504 1605; x_wconf 89' lang='lat' dir='ltr'>dum</span> <span class='ocrx_word' id='word_1_137' title='bbox 537 1560 619 1605; x_wconf 88' lang='lat' dir='ltr'>isto</span> <span class='ocrx_word' id='word_1_138' title='bbox 639 1558 771 1604; x_wconf 92' lang='lat' dir='ltr'>modo</span> <span class='ocrx_word' id='word_1_139' title='bbox 804 1559 1067 1619; x_wconf 83' lang='lat' dir='ltr'>proximum.</span> <span class='ocrx_word' id='word_1_140' title='bbox 1104 1562 1197 1604; x_wconf 88' lang='lat' dir='ltr'>Hoc</span> <span class='ocrx_word' id='word_1_141' title='bbox 1230 1559 1345 1604; x_wconf 88' lang='lat' dir='ltr'>enim</span> <span class='ocrx_word' id='word_1_142' title='bbox 1373 1563 1486 1604; x_wconf 85' lang='lat' dir='ltr'>Deus</span> <span class='ocrx_word' id='word_1_143' title='bbox 1516 1560 1668 1620; x_wconf 86' lang='lat' dir='ltr'>jussit,</span> <span class='ocrx_word' id='word_1_144' title='bbox 1704 1559 1779 1620; x_wconf 87' lang='lat' dir='ltr'>qui</span> <span class='ocrx_word' id='word_1_145' title='bbox 1810 1619 1811 1623; x_wconf 9' lang='grc' dir='ltr'><strong>Ἰ</strong></span> 
     </span>
     <span class='ocr_line' id='line_1_18' title="bbox 396 1629 1811 1699; baseline -0.001 -23"><span class='ocrx_word' id='word_1_146' title='bbox 396 1640 577 1677; x_wconf 84' lang='lat' dir='ltr'>noverat</span> <span class='ocrx_word' id='word_1_147' title='bbox 597 1631 704 1691; x_wconf 90' lang='lat' dir='ltr'>quid</span> <span class='ocrx_word' id='word_1_148' title='bbox 725 1646 944 1691; x_wconf 86' lang='lat' dir='ltr'>quemque</span> <span class='ocrx_word' id='word_1_149' title='bbox 966 1631 1056 1690; x_wconf 83' lang='lat' dir='ltr'>pati</span> <span class='ocrx_word' id='word_1_150' title='bbox 1081 1640 1299 1691; x_wconf 85' lang='lat' dir='ltr'>oporteret</span> <span class='ocrx_word' id='word_1_151' title='bbox 1324 1649 1332 1675; x_wconf 90' lang='lat'>:</span> <span class='ocrx_word' id='word_1_152' title='bbox 1359 1646 1438 1676; x_wconf 90' lang='lat' dir='ltr'>nec</span> <span class='ocrx_word' id='word_1_153' title='bbox 1461 1630 1665 1675; x_wconf 62' lang='lat' dir='ltr'>Israelitae</span> <span class='ocrx_word' id='word_1_154' title='bbox 1687 1630 1781 1675; x_wconf 87' lang='lat' dir='ltr'>fur-</span> <span class='ocrx_word' id='word_1_155' title='bbox 1808 1629 1811 1699; x_wconf 18' lang='lat' dir='ltr'>s</span> 
     </span>
    </p>
   </div>
   <div class='ocr_carea' id='block_1_9' title="bbox 396 1487 1836 1666">
    <p class='ocr_par' dir='ltr' id='par_1_9' title="bbox 396 1487 1836 1666">
     <span class='ocr_line' id='line_1_19' title="bbox 396 1487 1836 1586; baseline -0.001 -53"><span class='ocrx_word' id='word_1_156' title='bbox 396 1489 580 1550; x_wconf 84' lang='lat' dir='ltr'>quisque</span> <span class='ocrx_word' id='word_1_157' title='bbox 601 1487 862 1533; x_wconf 87' lang='lat' dir='ltr'>sumendum</span> <span class='ocrx_word' id='word_1_158' title='bbox 886 1487 1134 1548; x_wconf 82' lang='lat' dir='ltr'>exemplum</span> <span class='ocrx_word' id='word_1_159' title='bbox 1157 1497 1309 1548; x_wconf 83' lang='lat' dir='ltr'>putare</span> <span class='ocrx_word' id='word_1_160' title='bbox 1330 1487 1463 1534; x_wconf 77' lang='lat' dir='ltr'>debet</span> <span class='ocrx_word' id='word_1_161' title='bbox 1479 1487 1535 1534; x_wconf 83' lang='lat' dir='ltr'>ad</span> <span class='ocrx_word' id='word_1_162' title='bbox 1556 1487 1779 1549; x_wconf 82' lang='lat' dir='ltr'>expolian-</span> <span class='ocrx_word' id='word_1_163' title='bbox 1811 1515 1814 1586; x_wconf 54' lang='grc' dir='ltr'>Ι</span> <span class='ocrx_word' id='word_1_164' title='bbox 1832 1511 1836 1533; x_wconf 79' lang='grc'>,·</span> 
     </span>
     <span class='ocr_line' id='line_1_20' title="bbox 1810 1591 1813 1615; baseline 0 0"><span class='ocrx_word' id='word_1_165' title='bbox 1810 1591 1813 1615; x_wconf 66' lang='grc'><em>9</em></span> 
     </span>
     <span class='ocr_line' id='line_1_21' title="bbox 1809 1633 1811 1666; baseline 0 0"><span class='ocrx_word' id='word_1_166' title='bbox 1809 1633 1811 1666; x_wconf 54' lang='lat' dir='ltr'><em>l</em></span> 
     </span>
    </p>
   </div>
   <div class='ocr_carea' id='block_1_10' title="bbox 1824 29 1845 975">
    <p class='ocr_par' dir='ltr' id='par_1_10' title="bbox 1824 29 1845 975">
     <span class='ocr_line' id='line_1_22' title="bbox 1824 29 1845 975; baseline 0 0"><span class='ocrx_word' id='word_1_167' title='bbox 1824 29 1845 975; x_wconf 95' lang='lat' dir='ltr'> </span> 
     </span>
    </p>
   </div>
   <div class='ocr_carea' id='block_1_11' title="bbox 1829 423 1861 1602">
    <p class='ocr_par' dir='ltr' id='par_1_11' title="bbox 1829 423 1861 1602">
     <span class='ocr_line' id='line_1_23' title="bbox 1829 423 1861 1086; baseline 0 0"><span class='ocrx_word' id='word_1_168' title='bbox 1829 423 1861 1086; x_wconf 95' lang='lat' dir='ltr'>  </span> 
     </span>
     <span class='ocr_line' id='line_1_24' title="bbox 1829 1086 1861 1602; baseline 0 1665"><span class='ocrx_word' id='word_1_169' title='bbox 1829 1086 1861 1602; x_wconf 95' lang='lat' dir='ltr'> </span> 
     </span>
    </p>
   </div>
   <div class='ocr_carea' id='block_1_12' title="bbox 397 1700 1843 1760">
    <p class='ocr_par' dir='ltr' id='par_1_12' title="bbox 397 1700 1843 1760">
     <span class='ocr_line' id='line_1_25' title="bbox 397 1700 1843 1760; baseline 0 -14"><span class='ocrx_word' id='word_1_170' title='bbox 397 1711 490 1746; x_wconf 89' lang='lat' dir='ltr'>tum</span> <span class='ocrx_word' id='word_1_171' title='bbox 513 1701 710 1745; x_wconf 84' lang='lat' dir='ltr'>fecerunt</span> <span class='ocrx_word' id='word_1_172' title='bbox 730 1735 741 1756; x_wconf 81' lang='lat'>‚</span> <span class='ocrx_word' id='word_1_173' title='bbox 766 1700 841 1745; x_wconf 89' lang='lat' dir='ltr'>sed</span> <span class='ocrx_word' id='word_1_174' title='bbox 864 1704 953 1745; x_wconf 88' lang='lat' dir='ltr'>Deo</span> <span class='ocrx_word' id='word_1_175' title='bbox 969 1701 1144 1760; x_wconf 84' lang='lat' dir='ltr'>jubenti</span> <span class='ocrx_word' id='word_1_176' title='bbox 1166 1701 1454 1745; x_wconf 89' lang='lat' dir='ltr'>ministerium</span> <span class='ocrx_word' id='word_1_177' title='bbox 1476 1701 1775 1760; x_wconf 74' lang='lat' dir='ltr'>praebuerunt.</span> <span class='ocrx_word' id='word_1_178' title='bbox 1807 1703 1809 1741; x_wconf 67' lang='grc' dir='ltr'>ἶ</span> <span class='ocrx_word' id='word_1_179' title='bbox 1842 1742 1843 1746; x_wconf 75' lang='grc'>,</span> 
     </span>
    </p>
   </div>
   <div class='ocr_carea' id='block_1_13' title="bbox 396 1766 1856 1832">
    <p class='ocr_par' dir='ltr' id='par_1_13' title="bbox 396 1766 1856 1834">
     <span class='ocr_line' id='line_1_26' title="bbox 396 1766 1856 1832; baseline -0.003 -15"><span class='ocrx_word' id='word_1_180' title='bbox 396 1770 774 1826; x_wconf 87' lang='lat' dir='ltr'>Quemadmodum</span> <span class='ocrx_word' id='word_1_181' title='bbox 809 1786 908 1815; x_wconf 90' lang='lat' dir='ltr'>cum</span> <span class='ocrx_word' id='word_1_182' title='bbox 934 1771 1128 1815; x_wconf 88' lang='lat' dir='ltr'>minister</span> <span class='ocrx_word' id='word_1_183' title='bbox 1158 1770 1316 1831; x_wconf 88' lang='lat' dir='ltr'>judicis</span> <span class='ocrx_word' id='word_1_184' title='bbox 1339 1771 1497 1816; x_wconf 87' lang='lat' dir='ltr'>occidit</span> <span class='ocrx_word' id='word_1_185' title='bbox 1525 1787 1626 1816; x_wconf 91' lang='lat' dir='ltr'>eum</span> <span class='ocrx_word' id='word_1_186' title='bbox 1648 1786 1778 1832; x_wconf 90' lang='lat' dir='ltr'>quem</span> <span class='ocrx_word' id='word_1_187' title='bbox 1807 1766 1808 1781; x_wconf 66' lang='grc'>’</span> <span class='ocrx_word' id='word_1_188' title='bbox 1854 1809 1856 1813; x_wconf 93' lang='grc'>.</span> 
     </span>
    </p>
   </div>
   <div class='ocr_carea' id='block_1_14' title="bbox 390 1840 1807 2535">
    <p class='ocr_par' dir='ltr' id='par_1_14' title="bbox 390 1840 1807 2535">
     <span class='ocr_line' id='line_1_27' title="bbox 390 1840 1807 1904; baseline -0.001 -17"><span class='ocrx_word' id='word_1_189' title='bbox 390 1842 524 1904; x_wconf 85' lang='lat' dir='ltr'>judex</span> <span class='ocrx_word' id='word_1_190' title='bbox 542 1842 669 1903; x_wconf 84' lang='lat' dir='ltr'>jussit</span> <span class='ocrx_word' id='word_1_191' title='bbox 689 1840 852 1896; x_wconf 86' lang='lat' dir='ltr'>occidi,</span> <span class='ocrx_word' id='word_1_192' title='bbox 870 1840 1066 1900; x_wconf 85' lang='lat' dir='ltr'>profecto</span> <span class='ocrx_word' id='word_1_193' title='bbox 1089 1842 1123 1885; x_wconf 90' lang='lat' dir='ltr'>si</span> <span class='ocrx_word' id='word_1_194' title='bbox 1146 1840 1191 1884; x_wconf 92' lang='lat' dir='ltr'>id</span> <span class='ocrx_word' id='word_1_195' title='bbox 1211 1850 1364 1901; x_wconf 86' lang='lat' dir='ltr'>sponte</span> <span class='ocrx_word' id='word_1_196' title='bbox 1384 1840 1512 1886; x_wconf 85' lang='lat' dir='ltr'>faciat</span> <span class='ocrx_word' id='word_1_197' title='bbox 1528 1877 1539 1897; x_wconf 78' lang='lat'>,</span> <span class='ocrx_word' id='word_1_198' title='bbox 1564 1840 1779 1886; x_wconf 89' lang='lat' dir='ltr'>homicida</span> <span class='ocrx_word' id='word_1_199' title='bbox 1805 1841 1807 1854; x_wconf 73' lang='grc'>”</span> 
     </span>
     <span class='ocr_line' id='line_1_28' title="bbox 395 1910 1805 1973; baseline -0.001 -15"><span class='ocrx_word' id='word_1_200' title='bbox 395 1924 487 1969; x_wconf 82' lang='lat' dir='ltr'>est,</span> <span class='ocrx_word' id='word_1_201' title='bbox 517 1913 680 1958; x_wconf 86' lang='lat' dir='ltr'>etiamsi</span> <span class='ocrx_word' id='word_1_202' title='bbox 712 1927 811 1959; x_wconf 89' lang='lat' dir='ltr'>eum</span> <span class='ocrx_word' id='word_1_203' title='bbox 833 1910 1026 1967; x_wconf 83' lang='lat' dir='ltr'>occidat,</span> <span class='ocrx_word' id='word_1_204' title='bbox 1057 1927 1188 1972; x_wconf 88' lang='lat' dir='ltr'>quem</span> <span class='ocrx_word' id='word_1_205' title='bbox 1211 1912 1290 1957; x_wconf 85' lang='lat' dir='ltr'>scit</span> <span class='ocrx_word' id='word_1_206' title='bbox 1311 1912 1447 1957; x_wconf 86' lang='lat' dir='ltr'>occidi</span> <span class='ocrx_word' id='word_1_207' title='bbox 1473 1928 1496 1956; x_wconf 90' lang='lat' dir='ltr'>a</span> <span class='ocrx_word' id='word_1_208' title='bbox 1525 1912 1672 1973; x_wconf 86' lang='lat' dir='ltr'>judice</span> <span class='ocrx_word' id='word_1_209' title='bbox 1699 1912 1777 1957; x_wconf 83' lang='lat' dir='ltr'>de-</span> <span class='ocrx_word' id='word_1_210' title='bbox 1802 1913 1805 1972; x_wconf 59' lang='grc' dir='ltr'>ξ</span> 
     </span>
     <span class='ocr_line' id='line_1_29' title="bbox 397 1973 1804 2043; baseline -0.001 -14"><span class='ocrx_word' id='word_1_211' title='bbox 397 1984 554 2029; x_wconf 85' lang='lat' dir='ltr'>buisse.</span> <span class='ocrx_word' id='word_1_212' title='bbox 586 1986 664 2028; x_wconf 88' lang='lat' dir='ltr'>Est</span> <span class='ocrx_word' id='word_1_213' title='bbox 686 1983 815 2027; x_wconf 86' lang='lat' dir='ltr'>etiam</span> <span class='ocrx_word' id='word_1_214' title='bbox 837 1983 916 2027; x_wconf 86' lang='lat' dir='ltr'>ista</span> <span class='ocrx_word' id='word_1_215' title='bbox 940 1982 1150 2027; x_wconf 84' lang='lat' dir='ltr'>nonnulla</span> <span class='ocrx_word' id='word_1_216' title='bbox 1178 1984 1387 2043; x_wconf 86' lang='lat' dir='ltr'>quaestio,</span> <span class='ocrx_word' id='word_1_217' title='bbox 1422 1983 1465 2028; x_wconf 87' lang='lat' dir='ltr'>Si</span> <span class='ocrx_word' id='word_1_218' title='bbox 1486 1999 1678 2028; x_wconf 86' lang='lat' dir='ltr'>seorsum</span> <span class='ocrx_word' id='word_1_219' title='bbox 1701 1984 1774 2028; x_wconf 85' lang='lat' dir='ltr'>ha·</span> <span class='ocrx_word' id='word_1_220' title='bbox 1801 1973 1804 2019; x_wconf 67' lang='grc' dir='ltr'><strong><em>ἶ</em></strong></span> 
     </span>
     <span class='ocr_line' id='line_1_30' title="bbox 395 2054 1772 2114; baseline -0.001 -14"><span class='ocrx_word' id='word_1_221' title='bbox 395 2055 594 2100; x_wconf 84' lang='lat' dir='ltr'>bitabant</span> <span class='ocrx_word' id='word_1_222' title='bbox 616 2054 789 2098; x_wconf 67' lang='lat' dir='ltr'>Hebraei</span> <span class='ocrx_word' id='word_1_223' title='bbox 810 2054 855 2097; x_wconf 89' lang='lat' dir='ltr'>in</span> <span class='ocrx_word' id='word_1_224' title='bbox 878 2063 989 2098; x_wconf 84' lang='lat' dir='ltr'>terra</span> <span class='ocrx_word' id='word_1_225' title='bbox 1013 2055 1171 2098; x_wconf 88' lang='lat' dir='ltr'>Gessen</span> <span class='ocrx_word' id='word_1_226' title='bbox 1190 2090 1200 2110; x_wconf 86' lang='lat'><strong><em>‚</em></strong></span> <span class='ocrx_word' id='word_1_227' title='bbox 1231 2055 1306 2098; x_wconf 90' lang='lat' dir='ltr'>ubi</span> <span class='ocrx_word' id='word_1_228' title='bbox 1328 2070 1407 2099; x_wconf 91' lang='lat' dir='ltr'>nec</span> <span class='ocrx_word' id='word_1_229' title='bbox 1429 2054 1566 2114; x_wconf 83' lang='lat' dir='ltr'>plagae</span> <span class='ocrx_word' id='word_1_230' title='bbox 1589 2055 1772 2110; x_wconf 83' lang='lat' dir='ltr'>fiebant,</span> 
     </span>
     <span class='ocr_line' id='line_1_31' title="bbox 395 2124 1800 2188; baseline -0.001 -18"><span class='ocrx_word' id='word_1_231' title='bbox 395 2125 554 2188; x_wconf 82' lang='lat' dir='ltr'>quibus</span> <span class='ocrx_word' id='word_1_232' title='bbox 594 2139 775 2183; x_wconf 83' lang='lat' dir='ltr'>regnum</span> <span class='ocrx_word' id='word_1_233' title='bbox 808 2124 1042 2169; x_wconf 82' lang='lat' dir='ltr'>Pharaonis</span> <span class='ocrx_word' id='word_1_234' title='bbox 1072 2124 1371 2183; x_wconf 81' lang='lat' dir='ltr'>affligebatur,</span> <span class='ocrx_word' id='word_1_235' title='bbox 1414 2124 1636 2185; x_wconf 92' lang='lat' dir='ltr'>quomodo</span> <span class='ocrx_word' id='word_1_236' title='bbox 1669 2125 1800 2185; x_wconf 61' lang='lat' dir='ltr'>petitj</span> 
     </span>
     <span class='ocr_line' id='line_1_32' title="bbox 395 2194 1799 2258; baseline -0.001 -17"><span class='ocrx_word' id='word_1_237' title='bbox 395 2196 579 2258; x_wconf 87' lang='lat' dir='ltr'>quisquc</span> <span class='ocrx_word' id='word_1_238' title='bbox 609 2211 632 2239; x_wconf 85' lang='lat' dir='ltr'>a</span> <span class='ocrx_word' id='word_1_239' title='bbox 655 2195 849 2254; x_wconf 80' lang='lat' dir='ltr'>proximo</span> <span class='ocrx_word' id='word_1_240' title='bbox 875 2194 943 2238; x_wconf 88' lang='lat' dir='ltr'>vel</span> <span class='ocrx_word' id='word_1_241' title='bbox 968 2210 991 2238; x_wconf 82' lang='lat' dir='ltr'>a</span> <span class='ocrx_word' id='word_1_242' title='bbox 1015 2195 1206 2254; x_wconf 82' lang='lat' dir='ltr'>proxima</span> <span class='ocrx_word' id='word_1_243' title='bbox 1224 2230 1234 2250; x_wconf 87' lang='lat'>,</span> <span class='ocrx_word' id='word_1_244' title='bbox 1267 2210 1447 2250; x_wconf 80' lang='lat' dir='ltr'>aurum,</span> <span class='ocrx_word' id='word_1_245' title='bbox 1472 2203 1700 2253; x_wconf 82' lang='lat' dir='ltr'>argentum</span> <span class='ocrx_word' id='word_1_246' title='bbox 1734 2203 1776 2239; x_wconf 85' lang='lat' dir='ltr'>et</span> <span class='ocrx_word' id='word_1_247' title='bbox 1796 2211 1799 2224; x_wconf 67' lang='grc'>·’</span> 
     </span>
     <span class='ocr_line' id='line_1_33' title="bbox 394 2257 1797 2325; baseline -0.003 -13"><span class='ocrx_word' id='word_1_248' title='bbox 394 2275 584 2322; x_wconf 80' lang='lat' dir='ltr'>vestem3</span> <span class='ocrx_word' id='word_1_249' title='bbox 614 2265 851 2325; x_wconf 70' lang='lat' dir='ltr'>pi‘aesertim</span> <span class='ocrx_word' id='word_1_250' title='bbox 880 2264 981 2324; x_wconf 82' lang='lat' dir='ltr'>quia</span> <span class='ocrx_word' id='word_1_251' title='bbox 1011 2264 1084 2308; x_wconf 87' lang='lat' dir='ltr'>ubi</span> <span class='ocrx_word' id='word_1_252' title='bbox 1110 2265 1298 2324; x_wconf 84' lang='lat' dir='ltr'>primum</span> <span class='ocrx_word' id='word_1_253' title='bbox 1327 2265 1409 2309; x_wconf 89' lang='lat' dir='ltr'>hoc</span> <span class='ocrx_word' id='word_1_254' title='bbox 1442 2264 1673 2308; x_wconf 82' lang='lat' dir='ltr'>mandatur</span> <span class='ocrx_word' id='word_1_255' title='bbox 1700 2257 1797 2324; x_wconf 56' lang='lat' dir='ltr'>per3</span> 
     </span>
     <span class='ocr_line' id='line_1_34' title="bbox 394 2334 1796 2394; baseline -0.003 -11"><span class='ocrx_word' id='word_1_256' title='bbox 394 2340 592 2394; x_wconf 80' lang='lat' dir='ltr'>Moysen,</span> <span class='ocrx_word' id='word_1_257' title='bbox 615 2336 673 2379; x_wconf 86' lang='lat' dir='ltr'>sic</span> <span class='ocrx_word' id='word_1_258' title='bbox 693 2336 881 2394; x_wconf 84' lang='lat' dir='ltr'>positum</span> <span class='ocrx_word' id='word_1_259' title='bbox 903 2344 965 2379; x_wconf 83' lang='lat' dir='ltr'>est</span> <span class='ocrx_word' id='word_1_260' title='bbox 985 2356 995 2381; x_wconf 85' lang='grc'>;</span> <span class='ocrx_word' id='word_1_261' title='bbox 1024 2354 1043 2377; x_wconf 81' lang='lat'>‹&lt;</span> <span class='ocrx_word' id='word_1_262' title='bbox 1069 2338 1125 2380; x_wconf 86' lang='lat' dir='ltr'>Et</span> <span class='ocrx_word' id='word_1_263' title='bbox 1145 2335 1300 2379; x_wconf 86' lang='lat' dir='ltr'>mulier</span> <span class='ocrx_word' id='word_1_264' title='bbox 1322 2352 1344 2379; x_wconf 82' lang='lat' dir='ltr'>a</span> <span class='ocrx_word' id='word_1_265' title='bbox 1363 2335 1500 2379; x_wconf 82' lang='lat' dir='ltr'>vicina</span> <span class='ocrx_word' id='word_1_266' title='bbox 1515 2350 1590 2379; x_wconf 85' lang='lat' dir='ltr'>sua</span> <span class='ocrx_word' id='word_1_267' title='bbox 1612 2344 1654 2379; x_wconf 89' lang='lat' dir='ltr'>et</span> <span class='ocrx_word' id='word_1_268' title='bbox 1668 2350 1774 2379; x_wconf 60' lang='lat' dir='ltr'>cona</span> <span class='ocrx_word' id='word_1_269' title='bbox 1793 2334 1796 2360; x_wconf 66' lang='lat'>³</span> 
     </span>
     <span class='ocr_line' id='line_1_35' title="bbox 398 2404 1793 2464; baseline 0 -14"><span class='ocrx_word' id='word_1_270' title='bbox 398 2426 420 2450; x_wconf 87' lang='lat'>»</span> <span class='ocrx_word' id='word_1_271' title='bbox 454 2406 660 2460; x_wconf 77' lang='lat' dir='ltr'>cellaria⁴‚</span> <span class='ocrx_word' id='word_1_272' title='bbox 676 2424 694 2446; x_wconf 61' lang='lat'>³)</span> <span class='ocrx_word' id='word_1_273' title='bbox 712 2405 781 2450; x_wconf 86' lang='lat' dir='ltr'>vel</span> <span class='ocrx_word' id='word_1_274' title='bbox 807 2405 1118 2451; x_wconf 84' lang='lat' dir='ltr'>«concellanea</span> <span class='ocrx_word' id='word_1_275' title='bbox 1136 2425 1155 2447; x_wconf 84' lang='lat'>»</span> <span class='ocrx_word' id='word_1_276' title='bbox 1181 2407 1240 2464; x_wconf 91' lang='lat' dir='ltr'>(si</span> <span class='ocrx_word' id='word_1_277' title='bbox 1261 2406 1320 2451; x_wconf 84' lang='lat' dir='ltr'>ita</span> <span class='ocrx_word' id='word_1_278' title='bbox 1341 2405 1576 2451; x_wconf 86' lang='lat' dir='ltr'>dicendum</span> <span class='ocrx_word' id='word_1_279' title='bbox 1598 2410 1685 2461; x_wconf 85' lang='lat' dir='ltr'>est)</span> <span class='ocrx_word' id='word_1_280' title='bbox 1707 2404 1793 2463; x_wconf 0' lang='lat' dir='ltr'>velt</span> 
     </span>
     <span class='ocr_line' id='line_1_36' title="bbox 400 2475 1771 2535; baseline -0.01 -10"><span class='ocrx_word' id='word_1_281' title='bbox 400 2499 420 2522; x_wconf 73' lang='grc' dir='ltr'>ί(</span> <span class='ocrx_word' id='word_1_282' title='bbox 455 2476 764 2524; x_wconf 73' lang='lat' dir='ltr'>COhabItaU&#39;ICG</span> <span class='ocrx_word' id='word_1_283' title='bbox 786 2492 878 2531; x_wconf 72' lang='lat' dir='ltr'>sua,</span> <span class='ocrx_word' id='word_1_284' title='bbox 900 2494 919 2517; x_wconf 61' lang='grc' dir='ltr'>θ)</span> <span class='ocrx_word' id='word_1_285' title='bbox 943 2478 1190 2535; x_wconf 64' lang='grc' dir='ltr'>(παρὰγεὶτονος</span> <span class='ocrx_word' id='word_1_286' title='bbox 1201 2483 1252 2517; x_wconf 78' lang='grc' dir='ltr'>καὶ</span> <span class='ocrx_word' id='word_1_287' title='bbox 1268 2484 1414 2519; x_wconf 60' lang='grc' dir='ltr'>συσκήνων</span> <span class='ocrx_word' id='word_1_288' title='bbox 1436 2478 1561 2534; x_wconf 70' lang='grc' dir='ltr'>αὐτῆς.)</span> <span class='ocrx_word' id='word_1_289' title='bbox 1571 2475 1694 2521; x_wconf 83' lang='lat' dir='ltr'>Unde</span> <span class='ocrx_word' id='word_1_290' title='bbox 1705 2475 1771 2520; x_wconf 81' lang='lat' dir='ltr'>in-</span> 
     </span>
    </p>
   </div>
   <div class='ocr_carea' id='block_1_15' title="bbox 444 2570 1546 2615">
    <p class='ocr_par' dir='ltr' id='par_1_15' title="bbox 444 2570 1546 2615">
     <span class='ocr_line' id='line_1_37' title="bbox 444 2570 1546 2615; baseline -0.005 -8"><span class='ocrx_word' id='word_1_291' title='bbox 444 2575 568 2608; x_wconf 61' lang='lat' dir='ltr'>¹1⁴2x0d.</span> <span class='ocrx_word' id='word_1_292' title='bbox 590 2586 619 2615; x_wconf 79' lang='lat' dir='ltr'>x,</span> <span class='ocrx_word' id='word_1_293' title='bbox 640 2583 692 2606; x_wconf 78' lang='lat'>21.</span> <span class='ocrx_word' id='word_1_294' title='bbox 729 2591 764 2596; x_wconf 87' lang='lat'>—</span> <span class='ocrx_word' id='word_1_295' title='bbox 791 2580 800 2595; x_wconf 82' lang='lat'>²</span> <span class='ocrx_word' id='word_1_296' title='bbox 817 2573 899 2606; x_wconf 74' lang='lat' dir='ltr'>lbid.</span> <span class='ocrx_word' id='word_1_297' title='bbox 924 2584 975 2605; x_wconf 87' lang='lat'>12.</span> <span class='ocrx_word' id='word_1_298' title='bbox 993 2589 1032 2594; x_wconf 94' lang='lat'>——-</span> <span class='ocrx_word' id='word_1_299' title='bbox 1053 2570 1125 2604; x_wconf 69' lang='lat'>3111.</span> <span class='ocrx_word' id='word_1_300' title='bbox 1148 2584 1190 2614; x_wconf 77' lang='lat' dir='ltr'>xi,</span> <span class='ocrx_word' id='word_1_301' title='bbox 1211 2581 1240 2603; x_wconf 78' lang='lat'>2.</span> <span class='ocrx_word' id='word_1_302' title='bbox 1263 2589 1303 2594; x_wconf 52' lang='grc' dir='ltr'>-κ</span> <span class='ocrx_word' id='word_1_303' title='bbox 1325 2570 1338 2601; x_wconf 64' lang='lat' dir='ltr'>l,</span> <span class='ocrx_word' id='word_1_304' title='bbox 1359 2573 1403 2604; x_wconf 78' lang='lat' dir='ltr'>Id.</span> <span class='ocrx_word' id='word_1_305' title='bbox 1424 2584 1465 2611; x_wconf 80' lang='grc' dir='ltr'>ιιι,</span> <span class='ocrx_word' id='word_1_306' title='bbox 1490 2581 1546 2603; x_wconf 76' lang='lat'>22.</span> 
     </span>
    </p>
   </div>
   <div class='ocr_carea' id='block_1_16' title="bbox 1786 1873 1807 2695">
    <p class='ocr_par' dir='ltr' id='par_1_16' title="bbox 1786 1873 1807 2695">
     <span class='ocr_line' id='line_1_38' title="bbox 1786 1873 1807 2695; baseline 0 0"><span class='ocrx_word' id='word_1_307' title='bbox 1786 1873 1807 2695; x_wconf 95' lang='lat' dir='ltr'> </span> 
     </span>
    </p>
   </div>
   <div class='ocr_carea' id='block_1_17' title="bbox 1866 318 1872 827">
    <p class='ocr_par' dir='ltr' id='par_1_17' title="bbox 1866 318 1872 827">
     <span class='ocr_line' id='line_1_39' title="bbox 1866 318 1872 827; baseline 0 0"><span class='ocrx_word' id='word_1_308' title='bbox 1866 318 1872 827; x_wconf 95' lang='lat' dir='ltr'> </span> 
     </span>
    </p>
   </div>
  </div>
 </body>
</html>
