1872 3267
395 172 478 212 592
816 184 850 212 5.
887 183 1115 214 AUGUSTINI
1148 187 1329 214 EPISCOPI

392 250 437 293 in
459 249 610 294 diebus
633 250 810 294 Gedeon
833 260 946 295 terra
970 252 1269 313 conquieverit
1289 268 1297 293 :
1322 267 1431 312 quos
1453 267 1588 298 annos
1610 255 1776 315 recapi-

392 320 575 365 tulando
611 322 988 378 commemoravit,
1021 323 1067 367 id
1095 333 1182 378 est,
1216 322 1270 367 ad
1292 322 1490 368 ordinem
1519 324 1775 370 revertendo

391 407 521 451 quem
544 401 906 451 praeterverterat,
923 393 1042 453 prius
1058 393 1243 439 dicendo
1262 393 1317 438 de
1334 393 1410 439 illo
1423 394 1642 451 scandalo,
1656 396 1777 457 quod

389 462 619 508 novissime
636 461 800 508 sactum
819 473 896 508 est.

878 572 1114 622 QUESTIO
1147 573 1281 613 XLIII.

451 694 470 717 «
505 679 568 720 ET
589 675 756 720 factum
780 685 843 721 est
866 691 966 720 cum
994 685 1104 720 esset
1124 685 1322 720 mortuus
1349 674 1548 731 Gedeon,
1574 684 1618 719 et
1640 677 1775 721 aversi

389 764 409 787 »
445 756 548 791 sunt
561 746 639 790 filii
657 747 803 802 Israel,
820 757 863 791 et
886 746 1086 792 fornicati
1109 757 1210 792 sunt
1231 756 1329 807 post
1345 747 1510 791 Baalim
1529 767 1537 791 :
1555 756 1597 792 et
1619 764 1776 807 posue-

389 834 409 857 »
445 827 548 861 runt
569 817 651 877 ipsi
678 817 759 862 sibi
782 817 1027 861 Baalberith
1051 827 1381 872 testamentum,
1408 826 1459 861 ut
1476 827 1584 861 esset
1605 817 1664 862 eis
1686 818 1776 877 ipse

388 906 407 928 ³)
445 889 487 931 in
512 892 650 932 Deum
665 891 695 932 ¹.
724 907 743 929 1)
770 891 826 933 Ε1
844 889 1007 932 Baalim
1030 897 1073 932 et
1089 888 1337 932 Baalberith
1359 887 1475 932 idola
1493 887 1775 947 intelligenda

385 968 501 1003 sunt.
528 960 667 1020 Major
688 960 835 1020 itaque
857 959 1135 1018 transgressio
1153 968 1196 1003 et
1217 959 1446 1003 fornicatio
1469 959 1695 1003 commissa
1712 968 1775 1003 est

385 1046 409 1073 a
437 1030 602 1089 populo
632 1040 729 1090 post
757 1039 941 1074 mortem
972 1029 1172 1084 Gedeon,
1209 1046 1342 1090 quam
1372 1028 1447 1073 illo
1476 1029 1574 1074 vivo
1597 1038 1775 1089 propter

385 1101 548 1160 Ephud
567 1121 575 1145 :
601 1102 808 1162 quoniam
830 1110 873 1145 et
893 1099 1005 1144 illud
1029 1101 1107 1144 etsi
1127 1100 1276 1145 illicite
1298 1099 1463 1144 factum
1486 1109 1577 1144 erat
1592 1135 1603 1155 ‚
1627 1109 1774 1144 tamen

387 1170 441 1215 de
462 1173 736 1216 sacramentis
753 1170 1025 1216 tabernaculi
1047 1181 1139 1216 erat
1157 1193 1167 1229 3
1192 1172 1271 1216 ista
1295 1187 1396 1216 vero
1418 1180 1517 1231 post
1546 1170 1660 1215 idola
1679 1171 1774 1215 for-

384 1241 543 1286 nicatio
566 1258 655 1286 non
678 1242 811 1286 habet
832 1241 902 1285 vel
926 1240 1078 1285 falsam
1099 1251 1292 1301 paternae
1314 1241 1531 1300 religionis
1554 1239 1774 1286 defensio-

386 1328 500 1356 nem.
534 1311 660 1356 Unde
690 1312 820 1356 etiam
844 1311 953 1355 illud
975 1311 1160 1371 Ephud‚
1191 1313 1224 1355 si
1260 1327 1350 1356 11011
1380 1311 1426 1354 in
1449 1312 1536 1354 fine
1568 1311 1774 1371 temporis

386 1383 564 1426 Gedeon
579 1417 589 1437 ,
615 1382 690 1426 sed
716 1391 816 1425 ante
838 1380 1002 1425 factum
1025 1391 1109 1436 051,
1135 1381 1196 1424 ita
1214 1384 1327 1424 Deus
1348 1381 1561 1440 patienter
1579 1381 1701 1436 tulit,
1724 1390 1776 1425 ut

383 1469 467 1513 pax
495 1453 541 1496 in
570 1462 683 1497 terra
718 1461 1010 1512 perseveraret
1035 1467 1043 1492 :
1075 1451 1177 1511 quia
1204 1450 1308 1495 licet
1340 1450 1506 1495 factum
1529 1461 1620 1495 erat
1651 1450 1774 1511 quod

382 1526 668 1584 prohibuerat
685 1561 695 1581 ,
722 1541 811 1569 11011
833 1534 978 1568 tamen
1000 1523 1130 1583 longe
1154 1538 1367 1567 recessum
1391 1532 1482 1566 erat
1500 1523 1554 1567 ab
1576 1522 1673 1578 illo,
1698 1523 1774 1583 qui

384 1596 470 1640 tale
504 1596 670 1656 aliquid
698 1597 741 1640 in
777 1595 1058 1640 tabernaculo
1083 1610 1160 1639 suo
1194 1603 1324 1654 atque
1346 1594 1391 1638 in
1412 1595 1621 1638 honorem
1645 1609 1772 1638 suum

386 1667 478 1710 fieri
491 1668 691 1727 jusserat.
718 1670 843 1711 Nunc
865 1681 968 1711 vero
992 1665 1187 1725 graviora
1210 1664 1434 1709 commissa
1453 1699 1464 1720 ,
1486 1674 1529 1709 01
1552 1664 1772 1724 apertissi-

384 1752 499 1780 mam
525 1746 622 1797 post
649 1736 765 1780 idola
793 1736 1127 1781 fornicationem
1157 1735 1309 1794 populi
1337 1750 1425 1779 esse
1458 1734 1600 1779 noluit
1627 1735 1773 1795 impu-

384 1817 536 1851 nltam.

879 1904 1116 1953 QUAESTIO
1148 1904 1281 1942 XLIV.

442 2006 568 2056 Quoi)
601 2002 822 2046 inducitur
853 2003 1082 2057 rahmnus,
1109 2002 1154 2045 id
1176 2010 1266 2056 051,
1304 2000 1527 2061 quoddam
1548 2001 1770 2060 spinarum

384 2089 519 2133 genus
534 2109 544 2128 ,
563 2074 608 2116 in
632 2071 959 2116 similitudinem
981 2072 1123 2116 dicere
1142 2072 1342 2116 omnihus
1363 2071 1489 2129 lignis
1511 2072 1770 2116 convenien-

385 2143 502 2187 tibus
525 2159 619 2187 eam
641 2152 692 2186 ut
714 2152 913 2201 regnaret
930 2158 1058 2201 super
1081 2158 1129 2186 ea
1153 2161 1160 2186 ;
1191 2160 1211 2183 «
1238 2142 1280 2186 Si
1307 2141 1353 2185 in
1374 2142 1555 2186 veritate
1577 2142 1769 2200 tinguitis

385 2231 406 2254 »
442 2229 510 2257 me
531 2229 631 2268 vos,
652 2228 830 2271 regnare
852 2229 979 2272 super
996 2229 1070 2257 vos
1086 2248 1096 2268 ,
1122 2212 1286 2266 venite,
1313 2212 1518 2256 confidite
1534 2213 1579 2256 in
1602 2221 1769 2271 protec-

387 2302 406 2325 »
444 2284 561 2327 tione
582 2299 677 2327 mea
695 2303 702 2328 :
722 2293 764 2327 et
785 2284 818 2327 si
834 2299 937 2337 11011,
959 2292 1080 2327 exeat
1099 2283 1207 2341 ignis
1225 2281 1278 2325 de
1297 2282 1494 2336 rhamno,
1510 2291 1552 2326 01
1569 2281 1769 2326 comedat

385 2371 405 2394 ³>
442 2354 592 2397 cedros
616 2354 767 2397 Libani
783 2358 799 2379 '³
818 2373 827 2398 ι
845 2372 863 2394 »
886 2354 1094 2397 obscurus
1116 2369 1263 2396 50115115
1282 2362 1359 2406 est,
1381 2350 1455 2395 sed
1473 2367 1572 2395 eum
1590 2351 1766 2396 inventa

382 2423 604 2467 distinctio
626 2423 887 2467 manifestat.
914 2427 1010 2468 Non
1033 2423 1148 2466 enim
1165 2423 1225 2466 ita
1245 2420 1480 2480 legendum
1504 2431 1566 2466 051
1586 2441 1593 2465 :
1622 2440 1641 2462 ι(
1656 2424 1711 2465 Et
1730 2420 1764 2464 si

429 2525 437 2542 ¹
460 2520 562 2551 Judic.
593 2530 659 2560 vm,
680 2519 732 2552 33.
755 2536 795 2542 --
817 2526 829 2542 2
849 2520 894 2552 121.
915 2530 958 2561 lx,
988 2520 1036 2561 14.

1839 2867 1872 3267 —mn''*”“‘1iss-f-*4f-
1844 2759 1864 2815 ‘12
1843 2708 1863 2741 1³
1862 2669 1865 2685 Α,
1861 2626 1865 2656 --
