1872 3267
351 250 432 288 328
790 257 824 287 s.
861 259 1091 288 Auousnm
1126 261 1308 288 Episcopi

349 327 562 372 columnis
595 326 742 370 cubita
775 325 1084 386 quadraginta,
1118 328 1228 371 sicut
1265 326 1311 370 in
1338 326 1490 386 viginti
1517 325 1730 371 columnis

349 399 494 444 cubita
517 407 718 456 centum3
750 396 826 442 sed
847 414 937 443 non
957 408 1097 444 essent
1129 399 1324 458 longiora
1351 397 1486 443 latera
1512 397 1732 442 exterioris

351 469 471 525 atrii,
492 469 700 530 quoniam
721 469 913 513 centenis
931 469 1087 514 cubitis
1109 469 1286 514 definita
1303 477 1427 527 sunt3
1457 478 1501 513 et
1522 467 1620 513 ideo
1643 483 1733 513 non

351 550 461 586 esset
479 538 853 601 quemadmodum
874 538 947 584 ille
968 539 1076 586 ordo
1093 539 1243 585 decem
1264 539 1568 585 columnarum
1589 538 1644 583 ab
1663 554 1734 583 an-

352 610 454 669 gulo
473 609 661 655 Australi
682 610 728 654 in
746 609 955 668 angulum
972 611 1255 671 ‘Aquilonium
1276 609 1518 655 includeret
1537 608 1735 655 ordinem

353 682 610 727 interiorum
639 689 737 726 octo
765 680 1084 726 columnarum.
1110 681 1297 727 Proinde
1325 690 1376 725 ut
1401 681 1511 726 atrio
1540 679 1738 740 undique

354 753 647 797 circumdetur
686 752 866 796 interius
900 751 1231 797 tabernaculum
1249 788 1259 808 ,
1295 761 1468 812 oportet
1499 750 1611 795 illud
1649 765 1740 794 esse

355 823 485 867 ctiam
505 821 792 881 longitudinis
811 822 1042 867 brevioris:
1064 832 1194 883 atque
1213 823 1271 868 ita
1296 837 1469 866 necesse
1490 821 1544 865 sit
1569 820 1741 866 vicenas

356 896 448 954 ejus
466 894 689 938 columnas
708 894 754 937 in
771 892 945 938 duobus
960 892 1181 949 lateribus,
1203 893 1362 954 quibus
1378 893 1424 936 in
1441 891 1625 951 longum
1637 907 1741 951 por-

357 965 525 1023 rigitur,
550 964 723 1008 densius
744 964 964 1019 constitui,
991 980 1123 1025 quam
1142 974 1244 1009 sunt
1269 964 1365 1008 atrii
1380 963 1597 1007 exterioris
1614 962 1742 1006 etiam

361 1037 462 1096 ipsae
473 1036 658 1080 vicenae:
677 1044 719 1079 et
732 1035 868 1080 rarius
886 1044 984 1080 octo
1002 1034 1226 1079 columnas
1243 1033 1515 1079 tabernaculi
1532 1032 1746 1077 interioris
1800 1077 1824 1088 ..
1862 1060 1871 1074 ι(

361 1123 383 1150 a
408 1116 527 1166 parte
544 1105 812 1161 Occidentis,
838 1122 971 1166 quam
994 1105 1144 1150 decem
1166 1121 1216 1149 ex
1237 1105 1389 1150 eadem
1409 1113 1530 1164 parte
1553 1103 1649 1148 atrii
1671 1118 1746 1146 ex-

365 1177 529 1221 terioris
555 1196 563 1220 ι
585 1177 792 1236 quoniam
816 1176 1034 1236 quidquid
1054 1176 1198 1220 minus
1220 1175 1470 1220 cubitorum
1493 1184 1551 1219 ex*
1563 1173 1644 1218 illis
1667 1189 1747 1217 au-

364 1248 451 1292 laeis
474 1247 723 1291 extenditur
743 1247 790 1290 in
817 1246 1029 1291 columnis
1059 1246 1221 1290 vicenis
1254 1245 1442 1290 duorum
1475 1245 1661 1289 laterum
1695 1243 1749 1287 ad

364 1324 574 1364 Austrum
595 1327 640 1361 et
659 1318 714 1361 ad
730 1317 993 1377 Aquilonem
1013 1352 1022 1371 ‚
1042 1315 1415 1375 compensandum
1434 1325 1497 1360 est
1519 1313 1751 1359 latitudine

365 1388 596 1434 Orientalis
617 1397 659 1432 et
676 1386 964 1432 Occidentalis
982 1386 1142 1442 lateris,
1161 1396 1211 1431 ut
1225 1385 1662 1444 ducenta-octoginta
1679 1400 1752 1429 cu-

368 1462 458 1506 bita
487 1468 846 1504 consummentur
877 1457 1132 1502 aulaeorum.
1171 1460 1268 1503 Non
1298 1458 1417 1501 enirn
1438 1456 1548 1500 sicut
1574 1455 1629 1500 de
1648 1455 1755 1501 velis

368 1531 599 1592 capillaciis
616 1566 626 1586 ‚
654 1530 733 1573 ubi
754 1544 893 1573 unum
915 1528 1009 1585 plus
1032 1538 1095 1572 est
1111 1563 1121 1583 ‚
1147 1529 1205 1572 ita
1228 1537 1272 1571 et
1294 1528 1348 1571 de
1369 1528 1434 1571 his
1464 1526 1609 1570 aulaeis
1627 1527 1755 1586 jussit

370 1602 537 1663 aliquid
565 1601 792 1661 duplicari.
817 1603 1093 1659 Quapropter
1115 1600 1149 1644 si
1171 1609 1344 1644 tantum
1365 1599 1586 1643 breviatur
1613 1597 1755 1656 longi-
1796 1633 1801 1635 .
1825 1590 1829 1600 '

373 1671 480 1719 tudo
498 1670 768 1716 tabernaculi
784 1670 1013 1725 interioris,
1034 1670 1156 1730 quod
1179 1671 1233 1714 ab
1258 1670 1367 1714 atrio
1392 1670 1599 1713 exteriore
1616 1677 1757 1727 posset
1826 1655 1828 1663 ¹

372 1743 564 1798 includi,
592 1752 643 1786 ut
671 1743 716 1786 in
750 1742 910 1786 vicenis
932 1743 1023 1801 ejus
1044 1740 1256 1785 columnis
1285 1755 1375 1785 non
1400 1749 1583 1784 centena
1611 1739 1758 1784 cubita

379 1815 612 1862 tendantur
630 1813 893 1868 aulaeorum,
925 1813 1000 1856 sed
1022 1812 1144 1857 verbi
1167 1813 1299 1870 gratia
1315 1847 1326 1867 ‚
1348 1821 1398 1856 ut
1418 1811 1646 1855 minimum
1676 1826 1758 1854 no-

376 1901 542 1944 nagena
569 1894 613 1928 et
639 1899 740 1928 sena
757 1918 767 1935 ‚
791 1892 842 1926 ut
860 1883 1080 1943 quaternis
1102 1882 1259 1926 cubitis
1288 1882 1483 1926 breviora
1519 1881 1603 1924 sint
1624 1897 1632 1922 :
1666 1881 1761 1925 haee

379 1958 469 2017 ipsa
487 1965 698 2017 quaterna
721 1954 888 2008 cubita,
913 1953 958 1996 id
982 1962 1068 2007 est,
1100 1962 1197 1996 octo
1231 1952 1377 1996 cubita
1398 1952 1444 1999 in
1469 1951 1642 1996 duobus
1671 1950 1762 1995 aliis

383 2028 587 2072 lateribus
623 2026 775 2085 utique
810 2024 1027 2068 tendenda
1063 2033 1191 2078 sunt,
1228 2021 1435 2067 Orientali
1472 2031 1514 2066 et
1546 2021 1762 2066 Occiden-

386 2099 457 2143 tali
484 2118 493 2143 ι
519 2114 567 2142 ac
595 2098 653 2141 sic
682 2098 725 2139 in
752 2095 836 2140 illis
869 2105 967 2140 octo
994 2095 1205 2139 columnis
1237 2093 1588 2139 Occidentalibus
1619 2093 1763 2137 taber-

384 2169 527 2213 naculi
561 2167 774 2211 interioris
809 2182 898 2212 non
933 2165 1227 2210 extenduntur
1263 2165 1409 2209 cubita
1446 2162 1762 2224 quadraginta,

385 2239 460 2285 scd
494 2237 1039 2300 quadraginta-quatuor‚
1072 2246 1114 2280 et
1142 2235 1223 2280 alia
1253 2234 1767 2296 quadraginta-quatuor

386 2311 440 2354 ab
462 2310 652 2353 Oriente.
679 2310 791 2352 Cum
813 2322 912 2364 ergo
940 2307 985 2350 in
1008 2307 1158 2350 decem
1186 2305 1398 2350 columnis
1431 2304 1649 2349 exterioris
1671 2304 1767 2348 atrii
1832 2357 1834 2370 ι

390 2380 629 2425 tenduntur
652 2378 799 2423 cubita
827 2377 1166 2437 quinquaginta,
1194 2377 1238 2419 in
1259 2385 1357 2420 octo
1390 2385 1534 2419 autem
1554 2375 1768 2418 interioris

390 2448 655 2495 tabernaculi
688 2448 929 2492 tenduntur
951 2448 1097 2491 cubita
1127 2445 1670 2506 quadraginta-quatuor‚
1697 2460 1767 2488 ra-

388 2521 498 2564 riora
530 2520 812 2564 inveniuntur
848 2516 1071 2561 intervalla
1114 2516 1367 2559 interiorum
1408 2524 1506 2559 octo
1539 2514 1766 2558 columna-

393 2607 486 2634 rum
514 2606 644 2650 qnam
682 2589 939 2632 exteriorum
971 2587 1146 2642 docem·7
1174 2586 1274 2646 quia
1304 2586 1333 2628 si
1369 2586 1485 2644 paria
1515 2594 1676 2639 essent,
1713 2584 1767 2627 tin
