1872 3267
0 0 9 287 i

0 381 9 438 1
43 374 328 429 adulterium,
353 373 532 417 damnat
548 370 671 415 illum
687 374 825 416 Deus:
844 371 928 414 hoc
951 379 1095 414 autem
1113 368 1335 430 quomodo
1351 383 1430 413 ve-

5 459 10 511 1
43 461 138 490 rum
160 454 255 489 est:
292 444 334 489 Si
362 458 453 487 non
481 456 635 487 verum
657 438 825 495 dicitis,
851 439 1142 500 exploratores
1170 440 1298 494 estis,
1329 453 1431 483 cum

5 513 10 568 1
42 515 208 561 etiamsi
229 514 513 568 mentiantur,
544 527 635 557 non
656 512 741 557 sint
762 511 1082 571 exploratores?
1104 528 1124 551 «
1152 509 1236 555 Sed
1260 510 1345 554 hoc
1367 517 1432 554 est

6 570 163 652 quod
184 585 300 640 dixi,
330 585 390 630 ita
413 584 581 630 dictum
610 598 725 628 esse:
750 601 771 624 «
795 581 1100 642 Exploratores
1132 579 1258 635 estis,
1282 598 1303 621 »
1330 589 1429 624 tan-

42 672 175 718 quam
192 656 226 702 si
243 655 411 700 dictum
428 663 559 710 esset,
581 652 903 713 exploratorum
920 668 1052 712 poena
1068 650 1187 710 digni
1203 650 1328 706 estis,
1345 651 1431 694 hoc

42 736 131 783 est,
168 724 458 786 exploratores
492 723 812 784 deputabimini
842 723 998 769 merito
1030 718 1245 766 mendacii
1281 720 1426 765 vestri.

46 817 67 842 «
100 797 213 842 Estis
234 814 254 839 »
275 805 421 841 autem
443 794 634 855 potuisse
656 793 757 849 dici,
775 810 870 854 pro,
892 792 1112 838 habemini
1134 801 1177 836 et
1195 791 1431 852 deputabi-

43 869 176 925 mini,
206 868 447 913 innumerae
471 864 631 912 similes
661 865 905 910 locutiones
926 863 1100 910 docent.
1128 862 1253 908 Unde
1275 871 1339 907 est
1355 860 1430 907 illa

42 939 148 985 Eliae
169 958 178 984 :
208 958 228 981 «
248 939 522 999 Quicumque
544 936 784 982 exaudierit
800 938 847 981 in
867 938 988 996 igne,
1008 937 1099 998 ipse
1121 936 1202 981 erit
1222 939 1337 981 Deus
1351 937 1381 979 ¹.
1404 951 1426 976 »

7 1000 12 1058 ’τ
41 1011 137 1056 Non
158 1010 274 1054 enim
298 1019 403 1054 tunc
420 1009 502 1053 erit
516 1043 527 1065 ,
548 1008 624 1053 sed
640 1018 743 1053 tunc
759 1007 1012 1052 habebitur.

352 308 620 346 Qums'rtonns
652 307 698 335 nv
728 305 946 344 cnnxsrm,
981 306 1129 332 mn.1.
1348 293 1429 332 187

543 1125 780 1178 QUAEsrlo
811 1127 924 1167 cxl..

99 1233 216 1286 Qum
228 1241 292 1277 est
304 1229 426 1292 quod
437 1246 541 1276 cum
558 1230 672 1274 inter
685 1243 731 1275 se
743 1229 1008 1289 poenitentes
1022 1226 1102 1272 filii
1124 1226 1254 1271 Israel
1272 1225 1430 1288 loque-

43 1311 191 1346 rentur
207 1301 263 1346 de
284 1300 416 1346 fratre
433 1316 512 1345 suo
530 1303 554 1345 J
558 1300 691 1359 oseph
707 1334 718 1354 ,
743 1298 866 1358 quod
889 1312 991 1342 cum
1010 1296 1087 1342 illo
1110 1296 1224 1341 male
1243 1296 1426 1355 egerint,

43 1382 85 1419 et
109 1373 192 1418 hoc
219 1373 278 1417 eis
300 1371 449 1417 divino
464 1370 630 1432 judicio
658 1368 930 1425 redderetur,
970 1367 1092 1429 quod
1122 1384 1167 1413 se
1195 1366 1429 1428 periclitari

11 1485 13 1505 .
42 1443 272 1498 videbant,
297 1442 498 1504 adjungit
521 1442 741 1501 Scriptura
764 1449 807 1484 et
828 1439 934 1484 dicit
967 1459 976 1486 ς
1008 1459 1029 1482 «
1060 1440 1148 1499 Ipsi
1169 1439 1432 1498 ignorabant

12 1508 13 1575 s
44 1533 66 1557 ³»
98 1514 202 1575 quia
218 1513 426 1558 audiebat
442 1516 465 1557 J
469 1512 603 1572 oseph
622 1531 631 1556 2
650 1511 864 1571 interpres
880 1511 996 1554 enim
1013 1508 1127 1555 inter
1140 1509 1237 1554 illos
1248 1519 1341 1554 erat
1353 1512 1385 1555 ².
1405 1528 1426 1552 »

11 1578 14 1640 1
42 1587 135 1630 Hoc
160 1582 324 1628 scilicet
351 1580 689 1641 intelligendum
721 1590 786 1625 est
805 1616 815 1636 ,
852 1580 950 1624 ideo
989 1595 1060 1625 eos
1089 1589 1263 1640 putasse
1280 1614 1291 1636 ,
1327 1581 1430 1641 quia

12 1670 13 1676 ¹
39 1654 113 1700 ille
146 1670 236 1699 non
257 1653 450 1710 audiret,
483 1652 605 1713 quod
630 1650 838 1697 videbant
870 1652 1175 1712 interpretem,
1207 1651 1284 1712 qui
1316 1652 1430 1696 inter

12 1749 15 1786 1
42 1724 136 1770 illos
158 1735 271 1780 erat,
307 1724 418 1768 nihil
439 1725 477 1768 ei
499 1723 642 1767 dicere
664 1738 813 1767 eorum
833 1758 845 1778 ,
869 1739 969 1783 quae
989 1723 1312 1784 loquebantur,
1348 1738 1429 1768 nec

13 1818 15 1822 v
42 1796 98 1840 ob
123 1794 243 1839 aliud
271 1794 519 1839 adhibitum
542 1793 758 1853 putabant
779 1793 1077 1852 interpretem,
1103 1794 1184 1837 nisi
1206 1793 1329 1854 quod
1351 1809 1428 1838 eo-

13 1881 15 1900 1
42 1882 137 1911 rum
171 1866 367 1924 linguam
402 1864 476 1909 ille
509 1866 714 1921 nesciret,
755 1879 836 1908 nec
865 1880 969 1908 cura
991 1873 1083 1908 erat
1104 1864 1351 1923 interpretis
1377 1880 1428 1909 ea

14 1966 16 2003 3
43 1937 182 1982 dicere
203 1937 292 1992 illi,
319 1953 342 1981 a
365 1952 455 1997 quo
477 1936 642 1995 positus
666 1934 808 1980 fuerat
822 1970 834 1992 ,
864 1951 964 1996 quae
985 1951 1076 1981 non
1097 1936 1153 1980 ad
1173 1935 1298 1980 illum
1318 1970 1328 1991 ,
1354 1936 1428 1980 sed

14 2029 16 2069 ξ
44 2007 153 2052 inter
170 2023 214 2053 se
235 2006 549 2068 loquebantur.

543 2115 780 2167 QUAESTIO
812 2116 942 2157 CXLI.

14 2214 17 2283 Ξ
56 2241 59 2254 2
106 2239 126 2262 «
144 2221 207 2264 ET
227 2220 386 2265 iterum
410 2220 586 2264 accessit
602 2218 658 2263 ad
680 2234 768 2274 eos,
783 2227 827 2263 et
848 2218 955 2263 dixit
974 2218 1082 2263 illis³
1101 2238 1110 2265 ε
1132 2237 1153 2261 »
1172 2234 1252 2263 nec
1271 2218 1430 2280 adjun-

15 2288 17 2298 ‘
47 2290 106 2350 git
125 2290 232 2351 quid
252 2290 336 2335 illis
358 2289 527 2334 dixerit.
557 2289 684 2334 Unde
705 2288 965 2347 intelligitur
986 2290 1082 2335 haec
1100 2289 1253 2335 eadem
1276 2290 1430 2335 dixisse

15 2376 142 2423 quae
163 2361 343 2407 dixerat.

92 2457 142 2490 Ι3
165 2459 242 2500 Reg'.
262 2469 352 2500 xvnr,
370 2456 426 2500 24.
443 2473 485 2482 -·
504 2459 611 2491 ¹.Gen
630 2454 975 2499 xm,23.—³1bid.
999 2455 1057 2499 24.
