1872 3267
377 274 644 313 Quffisrmzvns
676 277 720 308 m
755 276 959 313 sxonnM,
995 276 1078 305 Lus.
1115 277 1163 302 11.
1381 264 1466 309 239

555 384 808 453 „QUAESTIO
840 391 975 430 XLIX.

87 521 94 524 -
143 513 163 536 «
196 495 301 539 CuM
329 503 476 539 autem
507 494 669 539 dimisit
699 495 868 539 Pharao
888 492 1132 554 populum,
1161 505 1253 536 non
1284 491 1468 538 deduxit

83 582 104 607 »
139 580 211 610 eos
234 568 348 610 Deus
368 567 482 611 viam
500 575 626 610 terrae
649 564 879 610 Philistiim
895 600 906 620 ,
931 565 1034 625 quia
1057 578 1193 624 prope
1220 572 1326 608 erat.
1352 563 1468 608 Dixit

83 653 104 677 »
137 636 254 680 enim
277 639 392 682 Deus
410 656 419 681 z
439 639 503 683 Ne
518 637 696 698 quando
717 635 933 696 poeniteat
947 634 1164 696 populum
1185 648 1287 678 cum
1309 632 1470 679 viderit

83 725 103 748 »
138 706 338 767 praelium
353 742 364 763 ,
381 717 426 751 et
447 716 687 753 revertatur
706 707 753 751 in
774 708 1062 766 AEgyptum1.
1084 723 1105 747 υ
1124 705 1206 750 Hic
1223 703 1469 750 ostenditur

81 778 222 822 omnia
250 779 343 822 fieri
365 777 551 834 debere,
585 794 685 838 quae
713 776 893 822 consilio
916 786 1032 822 recte
1058 775 1153 821 fieri
1178 785 1382 837 possunt,
1411 775 1470 821 ad

79 847 313 894 devitanda
329 865 429 909 quae
451 848 630 895 adversa
651 858 772 905 sunt,
799 849 928 894 etiam
951 863 1051 893 cum
1068 851 1184 893 Deus
1200 847 1468 908 apertissime

79 920 253 982 adjutor
277 929 355 965 est.

621 1031 857 1082 QUAESTIO
889 1033 934 1072 L.

141 1152 161 1175 «
198 1136 371 1187 Quuer
406 1143 551 1179 autem
586 1135 794 1194 progenie
830 1131 1121 1178 ascenderunt
1151 1130 1231 1176 filii
1254 1130 1387 1176 Israel
1415 1130 1470 1175 de

83 1223 103 1246 »
138 1213 252 1249 terra
282 1205 512 1264 AEgypti‘2.
541 1223 561 1246 n
594 1208 749 1250 Utrum
772 1203 1025 1264 progeniem
1058 1203 1104 1247 in
1136 1212 1314 1247 centum
1346 1202 1471 1246 annis

81 1275 174 1319 vult
196 1276 462 1335 computari,
486 1285 530 1320 ct
560 1276 657 1319 ideo
680 1275 835 1336 quinta
856 1274 1086 1334 progenie,
1113 1274 1215 1334 quia
1236 1282 1335 1334 post
1356 1289 1469 1334 qua-

81 1345 535 1405 dringentos-triginta
556 1362 691 1391 annos
706 1366 720 1394 ,;
747 1362 803 1390 an
826 1361 904 1405 per
923 1344 1154 1389 hominum
1171 1345 1470 1403 generationes

81 1418 162 1462 hoc
180 1418 323 1477 potius
349 1417 684 1477 intelligendum
709 1426 793 1472 est,
820 1416 875 1460 ab
896 1416 989 1476 ipso
1012 1416 1170 1471 Jacob,
1195 1416 1270 1476 qui
1292 1415 1472 1460 intravit

82 1488 127 1532 in
149 1492 391 1549 AEgyptum
409 1525 419 1545 ,
445 1504 585 1549 usque
616 1488 671 1533 ad
695 1492 901 1546 Moysen,
924 1488 999 1547 qui
1022 1503 1123 1532 cum
1145 1486 1310 1547 populo
1328 1501 1472 1544 egres-

80 1574 149 1604 sus
171 1569 249 1605 est.
276 1560 412 1604 Jacob
431 1560 547 1603 enim
560 1560 744 1619 primus,
763 1559 981 1603 secnudus
998 1558 1124 1613 Levi,
1144 1558 1297 1602 tertius
1312 1558 1468 1613 Caath,

79 1640 263 1690 quartus
284 1631 513 1683 Ambram,
545 1630 724 1690 quintus
758 1632 930 1687 Moyses
951 1628 1187 1673 invenitur.
1215 1631 1301 1673 Has
1323 1637 1469 1672 autem

80 1701 188 1746 dicit
218 1701 444 1761 progenies
478 1700 639 1745 latinus
675 1700 914 1760 interpres,
945 1715 1053 1760 quas
1090 1705 1197 1752 γενεὰς
1220 1699 1360 1743 Graeci
1391 1714 1471 1744 vo-

79 1782 195 1827 cant,
216 1788 316 1832 quae
337 1772 383 1815 in
403 1770 641 1830 Evangelio
660 1771 958 1830 generationes
982 1770 1273 1830 appellantur,
1291 1786 1371 1815 nec
1394 1786 1472 1813 nu-

81 1852 303 1887 merantur
325 1842 405 1885 nisi
429 1857 506 1902 per
522 1841 809 1886 successiones
826 1841 1056 1886 hominum
1069 1876 1079 1896 ,
1104 1856 1195 1886 non
1216 1856 1295 1901 per
1312 1855 1470 1884 nume-

16 1921 17 1947 ἱ
82 1929 178 1957 rum
201 1927 433 1958 annorum.

623 2008 861 2059 QUAESTIO
892 2010 956 2049 LI.

139 2115 271 2156 Drxm
296 2119 444 2156 autem
465 2113 637 2168 Moyses
660 2129 669 2155 :
711 2129 731 2152 «
765 2110 984 2156 Confidite
1000 2144 1012 2167 ,
1043 2119 1087 2155 et
1108 2118 1238 2166 state,
1262 2118 1307 2154 et
1327 2108 1472 2154 videte

86 2201 106 2228 »
139 2183 320 2228 salutem
337 2218 347 2238 ,
370 2198 470 2243 quae
492 2191 556 2226 est
580 2198 603 2226 a
631 2182 840 2238 Domino,
867 2197 1000 2242 quam
1020 2180 1152 2226 faciet
1174 2181 1298 2226 vobis
1315 2179 1464 2226 hodie.

87 2272 108 2296 »
145 2255 263 2299 Sicut
279 2254 396 2298 enim
418 2252 582 2298 vidistis
604 2253 832 2312 AEgyptios
850 2252 996 2308 hodie,
1022 2268 1112 2297 non
1128 2251 1356 2312 apponetis
1378 2266 1474 2297 am-

87 2342 107 2365 »
140 2323 253 2384 plius
269 2323 417 2369 videre
434 2339 506 2368 eos
523 2323 569 2366 in
587 2333 799 2368 aeternum
818 2333 995 2383 tempus
1009 2325 1041 2367 3.
1061 2342 1081 2366 n
1108 2321 1341 2377 Quomodo
1360 2322 1474 2369 acci-

20 2397 23 2417 *
85 2395 240 2454 pienda
268 2403 369 2439 sunt
405 2395 498 2438 haec
527 2394 687 2449 verba,
728 2409 830 2438 cum
859 2394 1051 2439 viderint
1083 2402 1232 2454 postea
1267 2392 1473 2438 Israelitae

86 2466 337 2525 AEgyptios?
360 2467 430 2508 An
451 2465 552 2525 quia
575 2464 665 2519 isti,
692 2464 769 2524 qui
801 2474 907 2509 tunc
932 2463 1143 2509 videbant
1159 2500 1170 2519 ,
1202 2480 1292 2509 non
1314 2479 1385 2508 eos
1407 2461 1476 2506 ul-

22 2568 24 2575 ,
88 2535 217 2580 terius
243 2535 471 2593 viderunt,
506 2536 607 2596 quia
637 2544 681 2579 et
708 2534 772 2578 illi
801 2544 904 2579 sunt
929 2536 1093 2580 mortui
1119 2536 1196 2596 qui
1228 2548 1472 2594 conseque-

56 2634 66 2650 '
133 2640 141 2656 ¹
164 2634 263 2666 Exod.
283 2643 352 2675 xm,
375 2644 424 2676 17.
446 2650 487 2656 —
504 2632 619 2665 21bid.
645 2633 696 2665 18.
716 2648 759 2656 -·
777 2629 790 2655 3
815 2632 948 2672 1d.x1v‚
978 2632 1030 2664 13.
