1872 3267
367 295 450 336 258
793 305 828 334 S.
862 304 1092 338 AUGUSTINI
1124 308 1305 336 EPISCOP1

362 371 606 429 flagitarent
639 385 664 414 a
701 369 888 415 dominis
922 371 1037 427 suis,
1074 370 1309 431 apostolica
1354 373 1587 417 auctoritas
1619 372 1748 433 jubet

364 458 506 487 servos
529 441 715 486 dominis
736 441 822 486 suis
849 456 939 486 esse
960 442 1181 499 subditos,
1206 458 1261 486 ne
1280 458 1441 487 nomen
1472 443 1548 488 Dei
1575 452 1618 488 et
1639 444 1746 488 doc-

364 513 476 558 trina
496 512 861 574 blasphemetur1.
884 512 1002 558 Illud
1033 515 1150 559 enim
1172 530 1223 558 ex
1255 514 1339 559 hoc
1371 514 1471 559 satis
1498 523 1665 561 constat
1701 515 1747 558 in

364 585 574 642 mysterio
594 592 885 644 praeceptum,
904 584 1007 644 quia
1026 594 1069 630 et
1084 585 1292 645 pertundi
1311 584 1469 631 subula
1486 586 1576 646 ejus
1599 600 1750 630 aurem

365 655 421 698 ad
457 663 648 715 postem,
685 654 893 716 praecepit
924 657 1060 712 Deus,
1090 656 1168 716 qui
1198 656 1446 702 libertatem
1465 655 1585 701 illam
1620 672 1748 702 recu-

364 735 508 772 sasset.

821 823 1058 874 QUAEs'rlo
1089 825 1294 865 Lxxvm.

427 927 462 968 Ι.
487 942 507 966 «
535 926 579 969 ⁴51
611 924 708 985 quis
734 933 880 968 autem
913 923 1156 968 vendiderit
1186 924 1319 969 filiam
1350 939 1474 969 suam
1509 922 1746 980 famulam,

368 1013 388 1035 »
411 1010 499 1038 non
522 993 729 1038 abibitita
742 1003 792 1038 ut
806 993 1016 1039 recedunt
1036 993 1218 1039 ancillae.
1236 994 1353 1048 Quid
1374 995 1407 1039 si
1431 1010 1521 1039 non
1540 993 1752 1054 placuerit

370 1083 390 1106 »
416 1064 593 1110 domino
615 1081 715 1120 suo,
740 1081 873 1126 quam
895 1081 984 1110 non
1002 1064 1299 1110 adnominavit
1315 1081 1425 1121 eam,
1456 1064 1752 1110 remunerabit

370 1154 389 1176 »
417 1151 526 1180 eam.
557 1136 686 1180 Genti
708 1145 853 1179 autem
885 1145 1045 1180 exterae
1066 1151 1156 1180 non
1177 1145 1239 1180 est
1263 1135 1465 1181 dominus
1485 1135 1673 1182 vendere
1695 1135 1750 1180 il-

370 1225 390 1248 »
416 1206 518 1262 lam⁷
535 1208 743 1267 quoniam
756 1207 916 1267 sprevit
930 1207 973 1250 in
992 1223 1055 1250 ea.
1083 1206 1212 1260 Quod
1240 1207 1274 1251 si
1296 1207 1384 1251 filio
1407 1207 1753 1252 adnominaverit
1816 1212 1819 1236 ²

370 1295 390 1319 >›
416 1293 526 1333 eam,
552 1277 790 1322 secundum
809 1277 1163 1338 justificationem
1186 1277 1373 1322 siliarum
1391 1278 1520 1322 faciet
1543 1278 1597 1322 ei.
1623 1277 1752 1331 Quod
1815 1290 1818 1327 ὲ

370 1367 390 1390 ))
411 1349 443 1393 si
463 1348 589 1393 aliani.
611 1349 791 1408 accipiet
812 1349 871 1404 ei,
892 1365 990 1409 quae
1012 1365 1120 1409 opus
1143 1357 1265 1404 sunt,
1296 1358 1339 1392 et
1353 1358 1516 1393 vestem
1533 1383 1544 1404 ,
1580 1357 1622 1392 et
1644 1365 1752 1393 con·

368 1437 389 1460 »
409 1420 694 1464 versationem
716 1420 807 1479 ejus
829 1434 918 1463 non
940 1417 1174 1463 fraudabit.
1199 1418 1241 1464 Si
1263 1428 1409 1464 autem
1438 1419 1520 1462 tria
1541 1419 1636 1463 haee
1663 1435 1753 1465 non
1814 1420 1817 1428 “

371 1508 393 1532 ))
418 1489 566 1534 fecerit
584 1489 644 1541 ei,
669 1488 801 1533 exibit
824 1488 953 1548 gratis
975 1489 1067 1532 sine
1098 1489 1279 1549 preti02.
1308 1489 1672 1533 Obscurissimum
1693 1490 1754 1534 is-
1812 1509 1815 1533 ι

371 1570 464 1605 tum
483 1559 631 1605 locum
648 1559 852 1604 inusitata
878 1560 1010 1605 verba
1028 1559 1359 1620 locutionesque
1380 1559 1601 1616 fecerunt,
1625 1560 1685 1605 ita
1705 1569 1755 1605 ut

370 1632 625 1691 interpretes
647 1631 783 1676 nostri
814 1630 1185 1692 quemadmodum
1208 1646 1308 1675 eum
1331 1630 1619 1691 explicarent,
1643 1646 1754 1691 pene
1811 1649 1818 1685 ζ

372 1719 462 1748 non
491 1703 750 1748 invenirent.
784 1705 836 1746 In
864 1702 957 1762 ipso
979 1718 1155 1762 quoque
1185 1718 1326 1761 graeco
1358 1701 1533 1763 eloquio
1564 1702 1754 1748 multum
1810 1724 1812 1743 ι

372 1774 607 1819 obscurum
626 1783 709 1829 est,
735 1774 855 1834 quod
878 1774 947 1818 hic
964 1773 1136 1818 dicitur.
1161 1776 1323 1817 Tamen
1340 1773 1447 1833 quid
1464 1773 1660 1819 videatur
1674 1809 1684 1829 ⁷
1704 1783 1756 1818 ut
1810 1804 1811 1807 =

372 1854 523 1905 potero
538 1880 548 1900 ,
574 1845 777 1904 aperiam.

432 1919 491 1960 II.
523 1935 543 1957 «
571 1916 613 1960 Si
645 1915 741 1975 quis
764 1923 937 1969 autem,
968 1914 1132 1973 inquit,
1172 1912 1420 1958 vendiderit
1457 1913 1590 1957 filiam
1631 1929 1755 1959 suam
1807 1961 1809 1973 ⁴

376 2003 396 2026 »
430 1983 661 2039 famulam,
706 1983 751 2027 id
787 1992 874 2038 est⁷
916 1992 965 2027 ut
998 1982 1053 2026 sit
1082 1981 1274 2038 famula,
1319 1998 1451 2043 quam
1479 1991 1588 2026 οἰκέτεν
1616 1984 1755 2028 Graeei
1806 2003 1809 2030 ;

377 2074 397 2097 ν)
422 2063 601 2109 vocant,
631 2069 720 2098 non
741 2053 881 2097 abibit
910 2053 968 2097 ita
993 2062 1041 2098 ut
1073 2053 1286 2098 recedunt
1310 2052 1499 2108 ancillae,
1533 2071 1554 2094 »
1590 2053 1754 2098 intelli-

374 2123 563 2185 gendum
584 2133 646 2168 est
661 2159 671 2179 ,
700 2140 789 2168 non
811 2123 870 2167 sic
892 2121 1086 2178 recedet,
1109 2122 1330 2184 quomodo
1356 2122 1567 2168 recedunt
1587 2123 1755 2168 ancillae
1805 2136 1807 2158 ³

373 2196 559 2240 hebraeae
583 2202 724 2254 potest
757 2209 827 2237 sex
857 2209 1006 2238 annos.
1033 2196 1141 2238 Eam
1164 2194 1325 2254 quippe
1347 2203 1518 2253 oportet
1552 2194 1681 2238 etiam
1709 2194 1756 2238 in
1804 2198 1806 2204 '

374 2265 556 2311 foemiua
585 2265 758 2308 hebraea
795 2264 934 2321 legem
956 2263 1102 2308 datam
1124 2263 1328 2322 intelligi,
1365 2280 1463 2323 quae
1496 2273 1689 2308 servatur
1709 2264 1755 2307 in
1802 2283 1805 2332 Ξ

376 2337 583 2381 maribus.
606 2338 693 2380 Cur
715 2351 816 2393 ergo
839 2335 918 2379 ista
948 2351 1037 2379 non
1061 2335 1120 2378 ita
1142 2333 1336 2389 recedet,
1359 2335 1439 2378 nisi
1473 2336 1574 2394 quia
1607 2336 1651 2378 in
1679 2334 1754 2379 illo

376 2406 591 2451 famulatu
612 2405 867 2465 intelligitur
890 2404 1136 2460 humiliata,
1162 2404 1282 2465 quod
1299 2404 1337 2447 ei
1358 2420 1401 2447 se
1426 2404 1628 2448 dominus
1651 2405 1754 2449 mis-
1801 2421 1803 2424 ⁴

378 2477 541 2522 cuerit?
554 2479 647 2521 Hoc
660 2476 821 2537 quippe
840 2475 883 2518 in
902 2475 1268 2535 consequentibus
1289 2484 1525 2535 utcumque
1542 2474 1749 2520 clarescit.

382 2549 584 2609 Sequitur
606 2547 720 2591 enim
745 2556 787 2590 ct
819 2545 945 2599 dicit,
977 2566 995 2587 «
1019 2545 1147 2598 Quod
1168 2545 1201 2589 si
1237 2561 1326 2589 non
1347 2544 1556 2605 placuerit
1577 2545 1753 2590 domino
1798 2577 1801 2611 ,³

430 2650 436 2666 ¹
461 2643 575 2687 tiphos.
596 2654 638 2684 vi,
662 2641 694 2673 5.
717 2649 760 2664 ’-·
786 2647 799 2664 ²
818 2641 914 2673 Exod.
937 2652 1002 2681 xxi,
1020 2640 1096 2673 6-8.
