1872 3267
352 225 404 264 38
781 237 813 264 S.
849 237 1078 267 AUGUSTINI
1112 240 1292 267 EPISCOP1

353 320 372 345 >›
409 302 492 348 illis
514 304 743 357 Dominus,
769 304 828 348 ita
846 303 1064 350 fecerunt¹
1087 325 1094 351 ς
1115 325 1133 347 »
1158 305 1264 367 quid
1286 306 1477 360 deesset,
1504 306 1536 350 si
1556 321 1644 350 non
1667 305 1734 350 di-

354 384 525 418 ceretur
546 394 566 417 «
585 375 645 418 ita
662 374 894 419 fecerunt?
918 394 938 417 »

410 447 574 489 XXXI.
598 463 617 486 «
639 445 682 490 Si
703 444 957 505 loqueretur
972 446 1094 490 vobis
1118 448 1282 492 Pharao
1298 447 1467 492 dicens:
1489 449 1595 491 Date
1611 445 1734 490 nobis

356 533 377 557 n
413 516 585 575 signum
601 525 676 559 aut
689 525 966 575 portentum,
981 525 1024 561 et
1042 516 1157 562 dices
1179 521 1325 563 Aaron
1342 517 1464 562 fratri
1482 527 1559 561 tuo
1577 533 1585 557 ι
1606 518 1736 561 Sume

357 605 378 629 »
413 588 599 646 virgam—2
613 606 622 631 2
637 605 656 628 »
671 602 818 631 nonne
830 586 1060 632 locutionis
1076 597 1235 632 nostrae
1249 587 1520 633 consuetudo
1532 587 1738 647 poscebat

351 666 395 702 et
407 656 611 718 quaedam
629 658 719 718 ejus
741 657 986 716 integritas,
1009 667 1059 702 ut
1077 659 1137 703 ita
1154 658 1394 704 diceretur:
1420 679 1440 701 «
1468 658 1511 704 Si
1532 658 1738 719 loquetur

351 730 472 775 vobis
495 729 662 774 Pharao
688 728 857 774 dicens:
882 733 989 774 Date
1011 730 1135 775 nobis
1164 732 1336 790 signum
1357 740 1433 775 aut
1457 738 1735 790 portentum,

351 798 468 844 dices
485 802 631 844 Aaron
648 798 772 843 fratri
788 809 888 844 tuo:
909 802 1039 845 Sume
1052 801 1217 860 virgam
1236 821 1245 846 z
1267 820 1288 844 ‹<
1305 801 1413 862 quid
1426 815 1527 859 ergo
1541 800 1602 843 ibi
1615 798 1740 843 addi-

352 879 448 915 tum
466 880 544 926 est,
564 879 664 925 «et,
682 871 796 915 »nisi
814 871 957 932 aliqua
971 872 1233 931 proprietate
1241 871 1472 918 locutionis
1491 872 1708 916 hebraicae
1727 889 1736 915 ε

351 956 454 986 nam
471 957 614 1002 neque
629 957 768 1000 graeca
789 957 879 986 esse
896 942 1164 1002 perhibetur.

411 1015 596 1058 XXXII.
623 1014 720 1057 Non
741 1013 848 1056 mihi
869 1012 1075 1058 videntur
1097 1013 1196 1058 satis
1218 1013 1448 1058 commode
1469 1011 1742 1072 interpretati

352 1085 478 1130 latini
512 1103 655 1137 σοφιςτας
689 1085 952 1141 Pharaonis,
982 1094 1031 1129 ut
1054 1084 1289 1130 dicerent«
1312 1086 1549 1145 sapientes3
1573 1104 1581 1128 ;
1608 1103 1629 1126 »
1656 1092 1742 1138 σοφοί

353 1158 470 1201 enim
504 1158 716 1216 sapientes
749 1155 970 1202 dicuntur.
1007 1159 1156 1202 Potuit
1183 1159 1298 1202 enim
1337 1158 1499 1202 latinus
1532 1157 1743 1217 interpres

353 1228 566 1288 sophistas
606 1227 771 1282 dicere,
816 1229 1023 1289 quoniam
1066 1245 1157 1273 non
1194 1238 1258 1273 est
1291 1228 1666 1289 quemadmodum
1698 1228 1745 1272 id

353 1297 489 1342 latine
510 1298 701 1353 dicatur,
731 1308 774 1343 et
796 1298 894 1344 ideo
917 1300 999 1344 isto
1025 1300 1161 1344 verbo
1176 1300 1266 1360 jam
1291 1300 1456 1344 utimur
1478 1313 1557 1358 pro
1578 1299 1713 1343 latino
1728 1333 1741 1354 ,

353 1369 465 1414 sicut
479 1370 799 1430 philosophiam
812 1370 996 1415 dicimus
1011 1386 1100 1416 non
1121 1371 1261 1415 solum
1282 1386 1420 1430 graece
1432 1406 1442 1426 ,
1456 1369 1746 1415 verumetiam

354 1439 510 1495 latine,
558 1442 766 1500 sophistas
796 1440 1072 1501 appellarunt
1103 1441 1340 1486 latinarum
1371 1441 1618 1486 litterarum
1651 1439 1745 1485 elo-

356 1511 629 1571 quentissimi
644 1521 858 1556 auctores.

412 1582 620 1625 XXXIII.
642 1599 662 1623 (ι
675 1582 733 1625 Et
750 1580 977 1624 absorbuit
993 1581 1113 1640 virga
1133 1584 1279 1626 Aaron
1299 1582 1440 1642 virgas
1461 1580 1636 1626 illorum
1651 1582 1667 1606 4
1688 1599 1696 1626 ε
1717 1598 1738 1623 »

358 1666 406 1696 ac
428 1651 460 1694 si
478 1650 641 1695 diceret
661 1670 670 1695 :
696 1653 835 1695 Draco
858 1653 1022 1695 Aaron.

412 1724 617 1766 XXXIV.
644 1720 773 1775 Quod
802 1720 970 1766 dictum
993 1730 1056 1766 est
1080 1720 1134 1766 de
1164 1722 1411 1777 Pharaone,
1432 1725 1447 1748 ⁵
1464 1741 1482 1763 ‹<
1511 1723 1625 1766 Ecce
1658 1722 1748 1781 ipse

359 1812 380 1836 »
417 1794 520 1838 exiit
541 1793 595 1837 ad
613 1807 772 1853 aquam
792 1812 800 1837 :
829 1811 849 1834 »
877 1808 1041 1852 graecus
1062 1793 1217 1848 hahet,
1244 1811 1263 1836 «
1284 1809 1413 1853 super
1435 1808 1612 1854 aquam.
1637 1810 1657 1833 n

414 1867 597 1909 XXXV.
629 1882 649 1905 «
674 1864 851 1908 Dimitte
885 1863 1099 1923 populum
1132 1879 1282 1907 meum
1313 1874 1363 1907 ut
1394 1864 1550 1908 serviat
1571 1863 1676 1906 mihi
1703 1863 1750 1906 in

357 1955 378 1978 »
415 1936 608 1989 deserto,
633 1943 677 1978 et
699 1949 798 1978 ecce
819 1950 910 1977 non
932 1933 1143 1977 exaudisti
1166 1948 1305 1993 usque
1328 1932 1496 1977 adhuc⁰
1513 1952 1520 1977 :
1540 1951 1560 1974 »
1579 1932 1750 1993 quoties

356 2005 518 2052 dicitur
543 2025 563 2048 «
589 2004 825 2059 exaudisti,
849 2022 869 2045 n
897 2019 998 2048 cum
1017 2003 1186 2047 homini
1203 2004 1391 2048 dicatur.

416 2078 621 2121 XXXVI.
661 2094 681 2117 «
720 2078 938 2119 Fecerunt
976 2083 1122 2118 autem
1154 2074 1350 2118 similiter
1384 2083 1428 2118 et
1462 2074 1750 2118 incantatores

362 2167 382 2189 n
420 2146 725 2207 AEgyptiorum
749 2145 964 2189 veneficiis
987 2145 1089 2189 suis.
1115 2147 1172 2188 Et
1192 2144 1448 2189 induratum
1466 2153 1528 2189 est
1551 2160 1624 2189 cor
1641 2145 1761 2197 Pha<

361 2237 381 2260 »
418 2218 580 2272 raonis,
602 2226 645 2260 et
670 2233 759 2261 non
787 2215 1006 2261 exaudivit
1035 2230 1131 2270 θος,
1158 2215 1270 2259 sicut
1297 2214 1406 2259 dixit
1432 2216 1670 2277 Dominus⁷
1693 2231 1700 2256 :
1727 2235 1745 2256 η

359 2290 461 2350 quia
483 2290 527 2334 in
556 2305 638 2333 usu
668 2288 901 2347 Scriptura}
924 2296 1013 2341 est,
1044 2306 1064 2328 «
1090 2286 1334 2341 exaudivit,
1364 2305 1383 2327 η
1411 2301 1511 2330 cum
1538 2286 1667 2330 etiam
1696 2286 1751 2330 de

364 2360 540 2406 homine
563 2359 774 2419 loquitur.

419 2432 647 2475 XXXVII.
668 2428 686 2470 i<
708 2429 882 2472 Dimitte
896 2428 1108 2487 populum
1120 2441 1265 2470 mcum
1279 2436 1334 2470 ut
1349 2428 1536 2471 serviant
1551 2427 1675 2470 mihi3
1695 2446 1702 2470 :
1727 2444 1747 2467 η

411 2528 536 2559 ‘Enni
562 2540 616 2567 rit,
638 2530 668 2557 G.
690 2544 730 2548 -—
752 2532 763 2546 ²
784 2526 826 2556 ibi
843 2526 860 2556 Ι.
883 2537 914 2566 ς).
945 2542 980 2546 --
1002 2523 1013 2545 3
1035 2524 1112 2554 ΗιέιΙ.
1146 2534 1194 2555 ῐι.
1218 2522 1391 2554 *Mhi-1.
1421 2533 1468 2554 1’.)..
1500 2541 1538 2546 --
1558 2522 1745 2554 51bi¹l.15.

363 2602 402 2605 ἡ
424 2582 437 2603 '7
458 2584 498 2614 tbi
516 2584 534 2614 ἱ,
560 2584 605 2613 1'3.
654 2600 673 2603 *—
698 2590 707 2614 7
732 2582 809 2613 {bii
833 2590 885 2612 (22,
913 2580 1046 2610 *5⁷:143*
1070 2591 1136 2620 vii:>
1162 2592 1186 2610 ι,
