<?xml version="1.0" encoding="UTF-8"?>
<!DOCTYPE html PUBLIC "-//W3C//DTD XHTML 1.0 Transitional//EN"
    "http://www.w3.org/TR/xhtml1/DTD/xhtml1-transitional.dtd">
<html xmlns="http://www.w3.org/1999/xhtml" xml:lang="en" lang="en">
 <head>
  <title>
</title>
<meta http-equiv="Content-Type" content="text/html;charset=utf-8" />
  <meta name='ocr-system' content='tesseract 3.04.00' />
  <meta name='ocr-capabilities' content='ocr_page ocr_carea ocr_par ocr_line ocrx_word'/>
</head>
<body>
  <div class='ocr_page' id='page_1' title='image "./operaomniaaccura06auguuoft_0519.png"; bbox 0 0 1872 3267; ppageno 0'>
   <div class='ocr_carea' id='block_1_1' title="bbox 0 248 80 2216">
    <p class='ocr_par' dir='ltr' id='par_1_1' title="bbox 0 248 80 2216">
     <span class='ocr_line' id='line_1_1' title="bbox 0 248 61 535; baseline 0 -25"><span class='ocrx_word' id='word_1_1' title='bbox 0 248 61 535; x_wconf 95' lang='lat' dir='ltr'><strong>    </strong></span> 
     </span>
     <span class='ocr_line' id='line_1_2' title="bbox 0 535 36 627; baseline 0 0"><span class='ocrx_word' id='word_1_2' title='bbox 0 535 36 627; x_wconf 95' lang='lat' dir='ltr'><strong>  </strong></span> 
     </span>
     <span class='ocr_line' id='line_1_3' title="bbox 0 627 42 864; baseline 0 -71"><span class='ocrx_word' id='word_1_3' title='bbox 0 627 42 864; x_wconf 95' lang='lat' dir='ltr'><strong>    </strong></span> 
     </span>
     <span class='ocr_line' id='line_1_4' title="bbox 0 864 63 1076; baseline 0 -71"><span class='ocrx_word' id='word_1_4' title='bbox 0 864 63 1076; x_wconf 95' lang='lat' dir='ltr'><strong>    </strong></span> 
     </span>
     <span class='ocr_line' id='line_1_5' title="bbox 0 1076 63 1357; baseline 0 -161"><span class='ocrx_word' id='word_1_5' title='bbox 0 1076 63 1357; x_wconf 95' lang='lat' dir='ltr'><strong>   </strong></span> 
     </span>
     <span class='ocr_line' id='line_1_6' title="bbox 12 1584 45 1798; baseline 0 -85"><span class='ocrx_word' id='word_1_6' title='bbox 12 1584 45 1798; x_wconf 95' lang='lat' dir='ltr'><strong>   </strong></span> 
     </span>
     <span class='ocr_line' id='line_1_7' title="bbox 17 1798 38 1978; baseline 0 -127"><span class='ocrx_word' id='word_1_7' title='bbox 17 1798 38 1978; x_wconf 95' lang='lat' dir='ltr'><strong>   </strong></span> 
     </span>
     <span class='ocr_line' id='line_1_8' title="bbox 20 1978 80 2216; baseline 0 -206"><span class='ocrx_word' id='word_1_8' title='bbox 20 1978 80 2216; x_wconf 95' lang='lat' dir='ltr'><strong>    </strong></span> 
     </span>
    </p>
   </div>
   <div class='ocr_carea' id='block_1_2' title="bbox 220 203 1394 250">
    <p class='ocr_par' dir='ltr' id='par_1_2' title="bbox 220 203 1394 250">
     <span class='ocr_line' id='line_1_9' title="bbox 220 203 1394 250; baseline 0.003 -11"><span class='ocrx_word' id='word_1_9' title='bbox 220 213 486 250; x_wconf 66' lang='lat' dir='ltr'><strong>Quffisnonsss</strong></span> <span class='ocrx_word' id='word_1_10' title='bbox 520 212 564 238; x_wconf 66' lang='lat' dir='ltr'><strong>nv</strong></span> <span class='ocrx_word' id='word_1_11' title='bbox 598 211 999 250; x_wconf 67' lang='lat' dir='ltr'><strong>DEUTERONOMHJM,</strong></span> <span class='ocrx_word' id='word_1_12' title='bbox 1035 215 1117 241; x_wconf 71' lang='lat' dir='ltr'><strong>Lm.</strong></span> <span class='ocrx_word' id='word_1_13' title='bbox 1155 215 1196 240; x_wconf 93' lang='lat' dir='ltr'><strong>v.</strong></span> <span class='ocrx_word' id='word_1_14' title='bbox 1311 203 1394 242; x_wconf 77' lang='lat'><strong>513</strong></span> 
     </span>
    </p>
   </div>
   <div class='ocr_carea' id='block_1_3' title="bbox 14 277 1410 1046">
    <p class='ocr_par' dir='ltr' id='par_1_3' title="bbox 14 277 1410 1046">
     <span class='ocr_line' id='line_1_10' title="bbox 14 277 1398 338; baseline 0.002 -16"><span class='ocrx_word' id='word_1_15' title='bbox 14 278 68 323; x_wconf 91' lang='lat' dir='ltr'><strong>sit</strong></span> <span class='ocrx_word' id='word_1_16' title='bbox 90 278 263 338; x_wconf 87' lang='lat' dir='ltr'><strong>dignus.</strong></span> <span class='ocrx_word' id='word_1_17' title='bbox 303 281 395 323; x_wconf 88' lang='lat' dir='ltr'>Hoc.</span> <span class='ocrx_word' id='word_1_18' title='bbox 418 277 533 322; x_wconf 88' lang='lat' dir='ltr'><strong>enim</strong></span> <span class='ocrx_word' id='word_1_19' title='bbox 555 292 673 322; x_wconf 90' lang='lat' dir='ltr'><strong>nunc</strong></span> <span class='ocrx_word' id='word_1_20' title='bbox 694 277 781 336; x_wconf 83' lang='lat' dir='ltr'><strong>agit</strong></span> <span class='ocrx_word' id='word_1_21' title='bbox 810 279 853 322; x_wconf 89' lang='lat' dir='ltr'><strong>in</strong></span> <span class='ocrx_word' id='word_1_22' title='bbox 881 278 1070 324; x_wconf 84' lang='lat' dir='ltr'>Ecclesia</span> <span class='ocrx_word' id='word_1_23' title='bbox 1099 281 1398 325; x_wconf 85' lang='lat' dir='ltr'><strong>excommuni-</strong></span> 
     </span>
     <span class='ocr_line' id='line_1_11' title="bbox 15 346 1401 410; baseline 0.002 -16"><span class='ocrx_word' id='word_1_24' title='bbox 15 349 141 405; x_wconf 83' lang='lat' dir='ltr'>catio,</span> <span class='ocrx_word' id='word_1_25' title='bbox 158 349 278 410; x_wconf 85' lang='lat' dir='ltr'><strong>quod</strong></span> <span class='ocrx_word' id='word_1_26' title='bbox 297 349 450 409; x_wconf 84' lang='lat' dir='ltr'><strong>agebat</strong></span> <span class='ocrx_word' id='word_1_27' title='bbox 467 359 572 394; x_wconf 90' lang='lat' dir='ltr'><strong>tunc</strong></span> <span class='ocrx_word' id='word_1_28' title='bbox 593 346 852 393; x_wconf 81' lang='lat' dir='ltr'>interfectio.</span> <span class='ocrx_word' id='word_1_29' title='bbox 872 351 1076 403; x_wconf 87' lang='lat' dir='ltr'><strong>Quamvis</strong></span> <span class='ocrx_word' id='word_1_30' title='bbox 1094 361 1137 396; x_wconf 90' lang='lat' dir='ltr'><strong>et</strong></span> <span class='ocrx_word' id='word_1_31' title='bbox 1151 350 1275 396; x_wconf 88' lang='lat' dir='ltr'><strong>aliter</strong></span> <span class='ocrx_word' id='word_1_32' title='bbox 1292 352 1401 397; x_wconf 87' lang='lat' dir='ltr'><strong>illud</strong></span> 
     </span>
     <span class='ocr_line' id='line_1_12' title="bbox 15 417 1401 481; baseline 0.003 -18"><span class='ocrx_word' id='word_1_33' title='bbox 15 418 302 479; x_wconf 87' lang='lat' dir='ltr'><strong>apostolicum</strong></span> <span class='ocrx_word' id='word_1_34' title='bbox 336 419 469 479; x_wconf 85' lang='lat' dir='ltr'>possit</span> <span class='ocrx_word' id='word_1_35' title='bbox 501 417 706 477; x_wconf 74' lang='lat' dir='ltr'>intelligi,</span> <span class='ocrx_word' id='word_1_36' title='bbox 739 427 787 462; x_wconf 85' lang='lat' dir='ltr'><strong>ut</strong></span> <span class='ocrx_word' id='word_1_37' title='bbox 815 421 1115 481; x_wconf 84' lang='lat' dir='ltr'><strong>unusquisque</strong></span> <span class='ocrx_word' id='word_1_38' title='bbox 1148 422 1309 467; x_wconf 86' lang='lat' dir='ltr'>malum</span> <span class='ocrx_word' id='word_1_39' title='bbox 1332 422 1401 467; x_wconf 89' lang='lat' dir='ltr'><strong>vel</strong></span> 
     </span>
     <span class='ocr_line' id='line_1_13' title="bbox 62 488 1400 552; baseline 0.002 -19"><span class='ocrx_word' id='word_1_40' title='bbox 62 488 253 547; x_wconf 88' lang='lat' dir='ltr'><strong>alignum</strong></span> <span class='ocrx_word' id='word_1_41' title='bbox 278 506 329 534; x_wconf 79' lang='lat' dir='ltr'><strong>ex</strong></span> <span class='ocrx_word' id='word_1_42' title='bbox 350 506 393 534; x_wconf 91' lang='lat' dir='ltr'><strong>sc</strong></span> <span class='ocrx_word' id='word_1_43' title='bbox 414 490 506 549; x_wconf 82' lang='lat' dir='ltr'><strong>ipso</strong></span> <span class='ocrx_word' id='word_1_44' title='bbox 528 488 580 532; x_wconf 87' lang='lat' dir='ltr'><strong>sit</strong></span> <span class='ocrx_word' id='word_1_45' title='bbox 592 489 735 548; x_wconf 88' lang='lat' dir='ltr'><strong>jussus</strong></span> <span class='ocrx_word' id='word_1_46' title='bbox 762 489 945 534; x_wconf 84' lang='lat' dir='ltr'><strong>auferre.</strong></span> <span class='ocrx_word' id='word_1_47' title='bbox 973 492 1057 544; x_wconf 89' lang='lat' dir='ltr'><strong>Qui</strong></span> <span class='ocrx_word' id='word_1_48' title='bbox 1078 507 1224 536; x_wconf 89' lang='lat' dir='ltr'><strong>sensus</strong></span> <span class='ocrx_word' id='word_1_49' title='bbox 1246 509 1400 552; x_wconf 86' lang='lat' dir='ltr'><strong>accep-</strong></span> 
     </span>
     <span class='ocr_line' id='line_1_14' title="bbox 36 550 1403 619; baseline 0.004 -16"><span class='ocrx_word' id='word_1_50' title='bbox 36 559 189 604; x_wconf 90' lang='lat' dir='ltr'><strong>abilior</strong></span> <span class='ocrx_word' id='word_1_51' title='bbox 218 569 348 615; x_wconf 77' lang='lat' dir='ltr'><strong>esset,</strong></span> <span class='ocrx_word' id='word_1_52' title='bbox 386 550 420 604; x_wconf 74' lang='lat' dir='ltr'><strong>si</strong></span> <span class='ocrx_word' id='word_1_53' title='bbox 448 560 530 603; x_wconf 93' lang='lat' dir='ltr'><strong>hoc</strong></span> <span class='ocrx_word' id='word_1_54' title='bbox 563 558 754 614; x_wconf 83' lang='lat' dir='ltr'><strong>malum,</strong></span> <span class='ocrx_word' id='word_1_55' title='bbox 792 560 861 604; x_wconf 85' lang='lat' dir='ltr'><strong>vel</strong></span> <span class='ocrx_word' id='word_1_56' title='bbox 897 561 980 605; x_wconf 88' lang='lat' dir='ltr'><strong>hoc</strong></span> <span class='ocrx_word' id='word_1_57' title='bbox 1015 560 1276 619; x_wconf 75' lang='lat' dir='ltr'><strong>malignum,</strong></span> <span class='ocrx_word' id='word_1_58' title='bbox 1314 580 1403 608; x_wconf 87' lang='lat' dir='ltr'><strong>non</strong></span> 
     </span>
     <span class='ocr_line' id='line_1_15' title="bbox 44 629 1406 688; baseline 0.004 -14"><span class='ocrx_word' id='word_1_59' title='bbox 44 639 162 674; x_wconf 87' lang='lat' dir='ltr'><strong>utem</strong></span> <span class='ocrx_word' id='word_1_60' title='bbox 185 631 303 674; x_wconf 90' lang='lat' dir='ltr'><strong>hunc</strong></span> <span class='ocrx_word' id='word_1_61' title='bbox 332 629 571 688; x_wconf 86' lang='lat' dir='ltr'><strong>malignum</strong></span> <span class='ocrx_word' id='word_1_62' title='bbox 600 630 644 673; x_wconf 89' lang='lat' dir='ltr'><strong>in</strong></span> <span class='ocrx_word' id='word_1_63' title='bbox 680 646 820 688; x_wconf 84' lang='lat' dir='ltr'><strong>graeco</strong></span> <span class='ocrx_word' id='word_1_64' title='bbox 844 631 1111 676; x_wconf 86' lang='lat' dir='ltr'><strong>inveniretur</strong></span> <span class='ocrx_word' id='word_1_65' title='bbox 1131 652 1138 677; x_wconf 87' lang='lat'>:</span> <span class='ocrx_word' id='word_1_66' title='bbox 1162 650 1281 678; x_wconf 85' lang='lat' dir='ltr'><strong>nunc</strong></span> <span class='ocrx_word' id='word_1_67' title='bbox 1303 650 1406 679; x_wconf 85' lang='lat' dir='ltr'><strong>vero</strong></span> 
     </span>
     <span class='ocr_line' id='line_1_16' title="bbox 35 699 1407 762; baseline 0.003 -17"><span class='ocrx_word' id='word_1_68' title='bbox 35 699 266 745; x_wconf 68' lang='lat' dir='ltr'><strong>Tedibilius</strong></span> <span class='ocrx_word' id='word_1_69' title='bbox 294 710 372 754; x_wconf 82' lang='lat' dir='ltr'><strong>est,</strong></span> <span class='ocrx_word' id='word_1_70' title='bbox 394 699 448 744; x_wconf 90' lang='lat' dir='ltr'><strong>de</strong></span> <span class='ocrx_word' id='word_1_71' title='bbox 467 701 644 744; x_wconf 88' lang='lat' dir='ltr'><strong>homine</strong></span> <span class='ocrx_word' id='word_1_72' title='bbox 663 700 851 755; x_wconf 85' lang='lat' dir='ltr'><strong>dictum,</strong></span> <span class='ocrx_word' id='word_1_73' title='bbox 876 717 1008 762; x_wconf 83' lang='lat' dir='ltr'>quam</span> <span class='ocrx_word' id='word_1_74' title='bbox 1032 701 1086 746; x_wconf 91' lang='lat' dir='ltr'><strong>de</strong></span> <span class='ocrx_word' id='word_1_75' title='bbox 1106 703 1227 748; x_wconf 88' lang='lat' dir='ltr'><strong>vitio.</strong></span> <span class='ocrx_word' id='word_1_76' title='bbox 1255 708 1407 758; x_wconf 81' lang='lat' dir='ltr'><strong>Quan-</strong></span> 
     </span>
     <span class='ocr_line' id='line_1_17' title="bbox 37 770 1408 833; baseline 0.004 -17"><span class='ocrx_word' id='word_1_77' title='bbox 37 787 151 833; x_wconf 50' lang='lat' dir='ltr'>tuam</span> <span class='ocrx_word' id='word_1_78' title='bbox 173 771 307 831; x_wconf 85' lang='lat' dir='ltr'>possit</span> <span class='ocrx_word' id='word_1_79' title='bbox 329 771 547 829; x_wconf 75' lang='lat' dir='ltr'><strong>eleganter</strong></span> <span class='ocrx_word' id='word_1_80' title='bbox 579 770 763 830; x_wconf 75' lang='lat' dir='ltr'><strong>intelligi</strong></span> <span class='ocrx_word' id='word_1_81' title='bbox 790 772 920 816; x_wconf 87' lang='lat' dir='ltr'><strong>etiam</strong></span> <span class='ocrx_word' id='word_1_82' title='bbox 951 773 1084 818; x_wconf 91' lang='lat' dir='ltr'>homo</span> <span class='ocrx_word' id='word_1_83' title='bbox 1112 774 1281 819; x_wconf 82' lang='lat' dir='ltr'><strong>auferre</strong></span> <span class='ocrx_word' id='word_1_84' title='bbox 1313 793 1336 820; x_wconf 87' lang='lat' dir='ltr'>a</span> <span class='ocrx_word' id='word_1_85' title='bbox 1364 792 1408 821; x_wconf 88' lang='lat' dir='ltr'><strong>se</strong></span> 
     </span>
     <span class='ocr_line' id='line_1_18' title="bbox 67 842 1408 903; baseline 0.003 -15"><span class='ocrx_word' id='word_1_86' title='bbox 67 843 185 888; x_wconf 84' lang='lat' dir='ltr'><strong>alum</strong></span> <span class='ocrx_word' id='word_1_87' title='bbox 217 843 461 898; x_wconf 75' lang='lat' dir='ltr'><strong>hominem,</strong></span> <span class='ocrx_word' id='word_1_88' title='bbox 495 842 869 903; x_wconf 84' lang='lat' dir='ltr'>quemadmodum</span> <span class='ocrx_word' id='word_1_89' title='bbox 897 844 1062 888; x_wconf 85' lang='lat' dir='ltr'><strong>dictum</strong></span> <span class='ocrx_word' id='word_1_90' title='bbox 1090 855 1178 890; x_wconf 83' lang='lat' dir='ltr'><strong>est:</strong></span> <span class='ocrx_word' id='word_1_91' title='bbox 1207 866 1227 888; x_wconf 87' lang='lat'>«</span> <span class='ocrx_word' id='word_1_92' title='bbox 1252 848 1408 892; x_wconf 83' lang='lat' dir='ltr'><strong>Exuite</strong></span> 
     </span>
     <span class='ocr_line' id='line_1_19' title="bbox 24 914 1410 975; baseline 0.006 -19"><span class='ocrx_word' id='word_1_93' title='bbox 24 932 45 956; x_wconf 90' lang='lat'>»</span> <span class='ocrx_word' id='word_1_94' title='bbox 77 929 153 958; x_wconf 91' lang='lat' dir='ltr'><strong>vos</strong></span> <span class='ocrx_word' id='word_1_95' title='bbox 183 923 373 959; x_wconf 89' lang='lat' dir='ltr'><strong>veterem</strong></span> <span class='ocrx_word' id='word_1_96' title='bbox 405 914 626 959; x_wconf 90' lang='lat' dir='ltr'><strong>hominem</strong></span> <span class='ocrx_word' id='word_1_97' title='bbox 652 932 659 957; x_wconf 91' lang='lat'><strong>:</strong></span> <span class='ocrx_word' id='word_1_98' title='bbox 688 932 707 954; x_wconf 84' lang='lat'>»</span> <span class='ocrx_word' id='word_1_99' title='bbox 746 914 867 974; x_wconf 87' lang='lat' dir='ltr'><strong>quod</strong></span> <span class='ocrx_word' id='word_1_100' title='bbox 895 930 1113 975; x_wconf 79' lang='lat' dir='ltr'><strong>exponens</strong></span> <span class='ocrx_word' id='word_1_101' title='bbox 1145 917 1205 963; x_wconf 82' lang='lat' dir='ltr'><strong>ait</strong></span> <span class='ocrx_word' id='word_1_102' title='bbox 1234 937 1241 962; x_wconf 90' lang='lat'>:</span> <span class='ocrx_word' id='word_1_103' title='bbox 1272 937 1289 960; x_wconf 61' lang='grc' dir='ltr'><strong>ιι</strong></span> <span class='ocrx_word' id='word_1_104' title='bbox 1323 919 1410 973; x_wconf 88' lang='lat' dir='ltr'><strong>Qui</strong></span> 
     </span>
     <span class='ocr_line' id='line_1_20' title="bbox 25 985 834 1046; baseline -0.004 -16"><span class='ocrx_word' id='word_1_105' title='bbox 25 1003 45 1026; x_wconf 89' lang='lat'>»</span> <span class='ocrx_word' id='word_1_106' title='bbox 79 985 324 1041; x_wconf 81' lang='lat' dir='ltr'><strong>furabatur,</strong></span> <span class='ocrx_word' id='word_1_107' title='bbox 345 987 436 1046; x_wconf 84' lang='lat' dir='ltr'><strong>jam</strong></span> <span class='ocrx_word' id='word_1_108' title='bbox 458 1000 548 1029; x_wconf 90' lang='lat' dir='ltr'><strong>non</strong></span> <span class='ocrx_word' id='word_1_109' title='bbox 569 985 784 1029; x_wconf 84' lang='lat' dir='ltr'><strong>furetur1.</strong></span> <span class='ocrx_word' id='word_1_110' title='bbox 814 1004 834 1027; x_wconf 88' lang='lat'>»</span> 
     </span>
    </p>
   </div>
   <div class='ocr_carea' id='block_1_4' title="bbox 551 1071 900 1120">
    <p class='ocr_par' dir='ltr' id='par_1_4' title="bbox 551 1071 900 1120">
     <span class='ocr_line' id='line_1_21' title="bbox 551 1071 900 1120; baseline -0.003 -9"><span class='ocrx_word' id='word_1_111' title='bbox 551 1071 788 1120; x_wconf 77' lang='lat' dir='ltr'><strong>QUAEsr1o</strong></span> <span class='ocrx_word' id='word_1_112' title='bbox 820 1072 900 1110; x_wconf 87' lang='lat' dir='ltr'><strong>XL.</strong></span> 
     </span>
    </p>
   </div>
   <div class='ocr_carea' id='block_1_5' title="bbox 0 1148 1416 1406">
    <p class='ocr_par' dir='ltr' id='par_1_5' title="bbox 85 1148 1411 1209">
     <span class='ocr_line' id='line_1_22' title="bbox 85 1148 1411 1209; baseline 0.005 -18"><span class='ocrx_word' id='word_1_113' title='bbox 85 1168 105 1192; x_wconf 87' lang='lat'>«</span> <span class='ocrx_word' id='word_1_114' title='bbox 129 1152 366 1194; x_wconf 78' lang='lat' dir='ltr'><strong>SECUNDUM</strong></span> <span class='ocrx_word' id='word_1_115' title='bbox 387 1148 528 1207; x_wconf 87' lang='lat' dir='ltr'><strong>legem</strong></span> <span class='ocrx_word' id='word_1_116' title='bbox 552 1164 748 1203; x_wconf 86' lang='lat' dir='ltr'><strong>omnem,</strong></span> <span class='ocrx_word' id='word_1_117' title='bbox 776 1164 909 1209; x_wconf 85' lang='lat' dir='ltr'>quam</span> <span class='ocrx_word' id='word_1_118' title='bbox 933 1150 1175 1209; x_wconf 85' lang='lat' dir='ltr'><strong>juraverint</strong></span> <span class='ocrx_word' id='word_1_119' title='bbox 1197 1152 1320 1197; x_wconf 88' lang='lat' dir='ltr'><strong>vobis</strong></span> <span class='ocrx_word' id='word_1_120' title='bbox 1342 1170 1411 1198; x_wconf 84' lang='lat' dir='ltr'><strong>sa-</strong></span> 
     </span>
    </p>

    <p class='ocr_par' dir='ltr' id='par_1_6' title="bbox 0 1216 1413 1279">
     <span class='ocr_line' id='line_1_23' title="bbox 0 1216 1413 1279; baseline 0.005 -17"><span class='ocrx_word' id='word_1_121' title='bbox 0 1216 4 1273; x_wconf 35' lang='lat'><strong>¹.</strong></span> <span class='ocrx_word' id='word_1_122' title='bbox 39 1238 48 1262; x_wconf 92' lang='lat'>›</span> <span class='ocrx_word' id='word_1_123' title='bbox 82 1219 278 1265; x_wconf 89' lang='lat' dir='ltr'><strong>cerdotes</strong></span> <span class='ocrx_word' id='word_1_124' title='bbox 316 1219 476 1265; x_wconf 73' lang='lat' dir='ltr'><strong>Levitae</strong></span> <span class='ocrx_word' id='word_1_125' title='bbox 491 1221 522 1262; x_wconf 78' lang='lat'><strong>².</strong></span> <span class='ocrx_word' id='word_1_126' title='bbox 558 1238 577 1260; x_wconf 88' lang='lat'>»</span> <span class='ocrx_word' id='word_1_127' title='bbox 611 1220 690 1263; x_wconf 92' lang='lat' dir='ltr'><strong>Hic</strong></span> <span class='ocrx_word' id='word_1_128' title='bbox 719 1229 898 1279; x_wconf 86' lang='lat' dir='ltr'><strong>apparet</strong></span> <span class='ocrx_word' id='word_1_129' title='bbox 932 1236 1106 1265; x_wconf 89' lang='lat' dir='ltr'><strong>omnem</strong></span> <span class='ocrx_word' id='word_1_130' title='bbox 1145 1224 1413 1269; x_wconf 78' lang='lat' dir='ltr'><strong>sacerdotem</strong></span> 
     </span>
    </p>

    <p class='ocr_par' dir='ltr' id='par_1_7' title="bbox 0 1290 1416 1406">
     <span class='ocr_line' id='line_1_24' title="bbox 0 1290 1416 1355; baseline 0.004 -21"><span class='ocrx_word' id='word_1_131' title='bbox 0 1347 5 1355; x_wconf 92' lang='lat'>.</span> <span class='ocrx_word' id='word_1_132' title='bbox 64 1291 222 1335; x_wconf 84' lang='lat' dir='ltr'><strong>evitam</strong></span> <span class='ocrx_word' id='word_1_133' title='bbox 256 1290 385 1335; x_wconf 84' lang='lat' dir='ltr'><strong>fuisse</strong></span> <span class='ocrx_word' id='word_1_134' title='bbox 418 1309 426 1334; x_wconf 84' lang='lat' dir='ltr'>z</span> <span class='ocrx_word' id='word_1_135' title='bbox 463 1290 659 1350; x_wconf 83' lang='lat' dir='ltr'>quamvis</span> <span class='ocrx_word' id='word_1_136' title='bbox 702 1305 791 1334; x_wconf 87' lang='lat' dir='ltr'><strong>non</strong></span> <span class='ocrx_word' id='word_1_137' title='bbox 834 1291 974 1335; x_wconf 88' lang='lat' dir='ltr'><strong>omnis</strong></span> <span class='ocrx_word' id='word_1_138' title='bbox 1013 1293 1180 1337; x_wconf 83' lang='lat' dir='ltr'><strong>Levites</strong></span> <span class='ocrx_word' id='word_1_139' title='bbox 1219 1295 1416 1340; x_wconf 80' lang='lat' dir='ltr'><strong>sacerdos</strong></span> 
     </span>
     <span class='ocr_line' id='line_1_25' title="bbox 50 1371 172 1406; baseline -0.008 0"><span class='ocrx_word' id='word_1_140' title='bbox 50 1371 172 1406; x_wconf 80' lang='lat' dir='ltr'><strong>uerit.</strong></span> 
     </span>
    </p>
   </div>
   <div class='ocr_carea' id='block_1_6' title="bbox 535 1445 903 1495">
    <p class='ocr_par' dir='ltr' id='par_1_8' title="bbox 535 1445 903 1495">
     <span class='ocr_line' id='line_1_26' title="bbox 535 1445 903 1495; baseline 0.005 -13"><span class='ocrx_word' id='word_1_141' title='bbox 535 1445 772 1495; x_wconf 75' lang='lat' dir='ltr'>QUAESTIO</span> <span class='ocrx_word' id='word_1_142' title='bbox 804 1448 903 1484; x_wconf 86' lang='lat' dir='ltr'>XLI.</span> 
     </span>
    </p>
   </div>
   <div class='ocr_carea' id='block_1_7' title="bbox 0 1546 1435 2532">
    <p class='ocr_par' dir='ltr' id='par_1_9' title="bbox 0 1546 1435 2532">
     <span class='ocr_line' id='line_1_27' title="bbox 90 1546 1416 1612; baseline 0.005 -22"><span class='ocrx_word' id='word_1_143' title='bbox 90 1568 110 1590; x_wconf 69' lang='grc' dir='ltr'><strong>ι(</strong></span> <span class='ocrx_word' id='word_1_144' title='bbox 139 1551 182 1593; x_wconf 88' lang='lat' dir='ltr'><strong>S1</strong></span> <span class='ocrx_word' id='word_1_145' title='bbox 210 1547 406 1591; x_wconf 88' lang='lat' dir='ltr'><strong>debitum</strong></span> <span class='ocrx_word' id='word_1_146' title='bbox 434 1546 568 1590; x_wconf 82' lang='lat' dir='ltr'><strong>fuerit</strong></span> <span class='ocrx_word' id='word_1_147' title='bbox 600 1546 645 1589; x_wconf 89' lang='lat' dir='ltr'><strong>in</strong></span> <span class='ocrx_word' id='word_1_148' title='bbox 678 1547 874 1605; x_wconf 77' lang='lat' dir='ltr'><strong>proximo</strong></span> <span class='ocrx_word' id='word_1_149' title='bbox 908 1557 982 1591; x_wconf 85' lang='lat' dir='ltr'><strong>tuo</strong></span> <span class='ocrx_word' id='word_1_150' title='bbox 1000 1584 1009 1602; x_wconf 75' lang='lat'><strong>‚</strong></span> <span class='ocrx_word' id='word_1_151' title='bbox 1041 1549 1241 1594; x_wconf 84' lang='lat' dir='ltr'><strong>debitum</strong></span> <span class='ocrx_word' id='word_1_152' title='bbox 1271 1553 1416 1612; x_wconf 80' lang='lat' dir='ltr'><strong>quod-</strong></span> 
     </span>
     <span class='ocr_line' id='line_1_28' title="bbox 43 1616 1415 1681; baseline 0.004 -21"><span class='ocrx_word' id='word_1_153' title='bbox 43 1638 52 1660; x_wconf 91' lang='lat'>›</span> <span class='ocrx_word' id='word_1_154' title='bbox 88 1633 278 1679; x_wconf 85' lang='lat' dir='ltr'><strong>cumque</strong></span> <span class='ocrx_word' id='word_1_155' title='bbox 293 1652 304 1672; x_wconf 70' lang='grc'>,</span> <span class='ocrx_word' id='word_1_156' title='bbox 321 1632 410 1661; x_wconf 89' lang='lat' dir='ltr'><strong>non</strong></span> <span class='ocrx_word' id='word_1_157' title='bbox 429 1616 610 1659; x_wconf 79' lang='lat' dir='ltr'><strong>intrabis</strong></span> <span class='ocrx_word' id='word_1_158' title='bbox 624 1616 670 1659; x_wconf 89' lang='lat' dir='ltr'><strong>in</strong></span> <span class='ocrx_word' id='word_1_159' title='bbox 689 1616 872 1660; x_wconf 87' lang='lat' dir='ltr'>domum</span> <span class='ocrx_word' id='word_1_160' title='bbox 890 1619 982 1677; x_wconf 81' lang='lat' dir='ltr'><strong>ejus</strong></span> <span class='ocrx_word' id='word_1_161' title='bbox 997 1619 1222 1678; x_wconf 76' lang='lat' dir='ltr'><strong>pignerare</strong></span> <span class='ocrx_word' id='word_1_162' title='bbox 1235 1622 1415 1681; x_wconf 78' lang='lat' dir='ltr'><strong>pignus:</strong></span> 
     </span>
     <span class='ocr_line' id='line_1_29' title="bbox 44 1687 1416 1749; baseline 0.005 -18"><span class='ocrx_word' id='word_1_163' title='bbox 44 1708 53 1731; x_wconf 94' lang='lat'>›</span> <span class='ocrx_word' id='word_1_164' title='bbox 88 1689 191 1733; x_wconf 88' lang='lat' dir='ltr'><strong>soris</strong></span> <span class='ocrx_word' id='word_1_165' title='bbox 224 1687 381 1742; x_wconf 80' lang='lat' dir='ltr'><strong>stabis,</strong></span> <span class='ocrx_word' id='word_1_166' title='bbox 412 1697 455 1731; x_wconf 88' lang='lat' dir='ltr'><strong>et</strong></span> <span class='ocrx_word' id='word_1_167' title='bbox 486 1688 619 1731; x_wconf 88' lang='lat' dir='ltr'>homo</span> <span class='ocrx_word' id='word_1_168' title='bbox 642 1687 759 1746; x_wconf 83' lang='lat' dir='ltr'><strong>apud</strong></span> <span class='ocrx_word' id='word_1_169' title='bbox 782 1704 913 1747; x_wconf 79' lang='lat' dir='ltr'><strong>quem</strong></span> <span class='ocrx_word' id='word_1_170' title='bbox 936 1688 1134 1734; x_wconf 83' lang='lat' dir='ltr'><strong>debitum</strong></span> <span class='ocrx_word' id='word_1_171' title='bbox 1166 1700 1292 1736; x_wconf 81' lang='lat' dir='ltr'><strong>tuum</strong></span> <span class='ocrx_word' id='word_1_172' title='bbox 1327 1704 1416 1749; x_wconf 80' lang='lat' dir='ltr'><strong>est,</strong></span> 
     </span>
     <span class='ocr_line' id='line_1_30' title="bbox 45 1757 1421 1822; baseline 0.002 -20"><span class='ocrx_word' id='word_1_173' title='bbox 45 1780 54 1802; x_wconf 86' lang='lat'>›</span> <span class='ocrx_word' id='word_1_174' title='bbox 90 1759 280 1820; x_wconf 84' lang='lat' dir='ltr'><strong>proferet</strong></span> <span class='ocrx_word' id='word_1_175' title='bbox 314 1759 392 1801; x_wconf 86' lang='lat' dir='ltr'><strong>tibi</strong></span> <span class='ocrx_word' id='word_1_176' title='bbox 426 1758 584 1817; x_wconf 87' lang='lat' dir='ltr'><strong>pignus</strong></span> <span class='ocrx_word' id='word_1_177' title='bbox 616 1757 745 1801; x_wconf 81' lang='lat' dir='ltr'><strong>foras.</strong></span> <span class='ocrx_word' id='word_1_178' title='bbox 781 1759 823 1802; x_wconf 86' lang='lat' dir='ltr'><strong>Si</strong></span> <span class='ocrx_word' id='word_1_179' title='bbox 857 1769 1003 1803; x_wconf 85' lang='lat' dir='ltr'><strong>autem</strong></span> <span class='ocrx_word' id='word_1_180' title='bbox 1027 1762 1158 1806; x_wconf 91' lang='lat' dir='ltr'>homo</span> <span class='ocrx_word' id='word_1_181' title='bbox 1181 1775 1304 1822; x_wconf 70' lang='lat' dir='ltr'><strong>eget,</strong></span> <span class='ocrx_word' id='word_1_182' title='bbox 1332 1782 1421 1810; x_wconf 80' lang='lat' dir='ltr'><strong>non</strong></span> 
     </span>
     <span class='ocr_line' id='line_1_31' title="bbox 37 1828 1422 1889; baseline 0.005 -16"><span class='ocrx_word' id='word_1_183' title='bbox 37 1850 57 1873; x_wconf 91' lang='lat'>»</span> <span class='ocrx_word' id='word_1_184' title='bbox 91 1831 278 1876; x_wconf 88' lang='lat' dir='ltr'><strong>dormies</strong></span> <span class='ocrx_word' id='word_1_185' title='bbox 294 1830 340 1873; x_wconf 89' lang='lat' dir='ltr'><strong>in</strong></span> <span class='ocrx_word' id='word_1_186' title='bbox 362 1830 543 1889; x_wconf 84' lang='lat' dir='ltr'><strong>pignore</strong></span> <span class='ocrx_word' id='word_1_187' title='bbox 565 1830 601 1888; x_wconf 85' lang='lat' dir='ltr'><strong>ej</strong></span> <span class='ocrx_word' id='word_1_188' title='bbox 611 1845 673 1883; x_wconf 76' lang='lat' dir='ltr'><strong>us,</strong></span> <span class='ocrx_word' id='word_1_189' title='bbox 694 1828 939 1873; x_wconf 77' lang='lat' dir='ltr'><strong>redditione</strong></span> <span class='ocrx_word' id='word_1_190' title='bbox 956 1830 1110 1876; x_wconf 85' lang='lat' dir='ltr'><strong>reddes</strong></span> <span class='ocrx_word' id='word_1_191' title='bbox 1133 1834 1170 1876; x_wconf 91' lang='lat' dir='ltr'><strong>ei</strong></span> <span class='ocrx_word' id='word_1_192' title='bbox 1187 1836 1422 1880; x_wconf 85' lang='lat' dir='ltr'><strong>vestimen-</strong></span> 
     </span>
     <span class='ocr_line' id='line_1_32' title="bbox 40 1899 1422 1954; baseline 0.007 -11"><span class='ocrx_word' id='word_1_193' title='bbox 40 1922 57 1943; x_wconf 87' lang='lat'>»</span> <span class='ocrx_word' id='word_1_194' title='bbox 94 1912 186 1946; x_wconf 85' lang='lat' dir='ltr'><strong>tum</strong></span> <span class='ocrx_word' id='word_1_195' title='bbox 203 1916 330 1945; x_wconf 85' lang='lat' dir='ltr'>suum</span> <span class='ocrx_word' id='word_1_196' title='bbox 351 1900 463 1944; x_wconf 87' lang='lat' dir='ltr'><strong>circa</strong></span> <span class='ocrx_word' id='word_1_197' title='bbox 482 1914 681 1943; x_wconf 85' lang='lat' dir='ltr'>occasum</span> <span class='ocrx_word' id='word_1_198' title='bbox 698 1899 814 1954; x_wconf 80' lang='lat' dir='ltr'><strong>solis,</strong></span> <span class='ocrx_word' id='word_1_199' title='bbox 835 1909 878 1943; x_wconf 92' lang='lat' dir='ltr'><strong>et</strong></span> <span class='ocrx_word' id='word_1_200' title='bbox 893 1899 1080 1946; x_wconf 81' lang='lat' dir='ltr'><strong>dormiet</strong></span> <span class='ocrx_word' id='word_1_201' title='bbox 1096 1903 1142 1947; x_wconf 87' lang='lat' dir='ltr'><strong>in</strong></span> <span class='ocrx_word' id='word_1_202' title='bbox 1163 1906 1422 1952; x_wconf 86' lang='lat' dir='ltr'><strong>vestimento</strong></span> 
     </span>
     <span class='ocr_line' id='line_1_33' title="bbox 50 1969 1423 2027; baseline 0.006 -13"><span class='ocrx_word' id='word_1_203' title='bbox 50 1992 58 2014; x_wconf 84' lang='lat'>›</span> <span class='ocrx_word' id='word_1_204' title='bbox 92 1989 192 2027; x_wconf 77' lang='lat' dir='ltr'><strong>suo,</strong></span> <span class='ocrx_word' id='word_1_205' title='bbox 223 1981 266 2016; x_wconf 93' lang='lat' dir='ltr'><strong>et</strong></span> <span class='ocrx_word' id='word_1_206' title='bbox 299 1969 529 2015; x_wconf 88' lang='lat' dir='ltr'><strong>benedicet</strong></span> <span class='ocrx_word' id='word_1_207' title='bbox 561 1980 625 2025; x_wconf 78' lang='lat' dir='ltr'><strong>te,</strong></span> <span class='ocrx_word' id='word_1_208' title='bbox 654 1979 696 2013; x_wconf 87' lang='lat' dir='ltr'><strong>et</strong></span> <span class='ocrx_word' id='word_1_209' title='bbox 729 1970 805 2013; x_wconf 89' lang='lat' dir='ltr'><strong>tibi</strong></span> <span class='ocrx_word' id='word_1_210' title='bbox 840 1970 921 2014; x_wconf 86' lang='lat' dir='ltr'><strong>erit</strong></span> <span class='ocrx_word' id='word_1_211' title='bbox 952 1972 1245 2020; x_wconf 81' lang='lat' dir='ltr'><strong>misericordia</strong></span> <span class='ocrx_word' id='word_1_212' title='bbox 1277 1994 1423 2023; x_wconf 80' lang='lat' dir='ltr'><strong>coram</strong></span> 
     </span>
     <span class='ocr_line' id='line_1_34' title="bbox 41 2041 1426 2110; baseline 0.001 -21"><span class='ocrx_word' id='word_1_213' title='bbox 41 2063 60 2086; x_wconf 86' lang='lat'>»</span> <span class='ocrx_word' id='word_1_214' title='bbox 93 2044 279 2089; x_wconf 89' lang='lat' dir='ltr'><strong>Domino</strong></span> <span class='ocrx_word' id='word_1_215' title='bbox 311 2046 400 2087; x_wconf 89' lang='lat' dir='ltr'><strong>Deo</strong></span> <span class='ocrx_word' id='word_1_216' title='bbox 434 2043 555 2086; x_wconf 77' lang='lat' dir='ltr'><strong>tuo3.</strong></span> <span class='ocrx_word' id='word_1_217' title='bbox 591 2059 611 2081; x_wconf 83' lang='lat'>»</span> <span class='ocrx_word' id='word_1_218' title='bbox 650 2044 747 2086; x_wconf 91' lang='lat' dir='ltr'><strong>Non</strong></span> <span class='ocrx_word' id='word_1_219' title='bbox 778 2041 994 2087; x_wconf 84' lang='lat' dir='ltr'><strong>immerito</strong></span> <span class='ocrx_word' id='word_1_220' title='bbox 1025 2044 1200 2090; x_wconf 85' lang='lat' dir='ltr'><strong>videtur</strong></span> <span class='ocrx_word' id='word_1_221' title='bbox 1233 2049 1286 2092; x_wconf 88' lang='lat' dir='ltr'><strong>ad</strong></span> <span class='ocrx_word' id='word_1_222' title='bbox 1317 2066 1426 2110; x_wconf 58' lang='lat' dir='ltr'><strong>opus</strong></span> 
     </span>
     <span class='ocr_line' id='line_1_35' title="bbox 82 2112 1426 2173; baseline 0.004 -13"><span class='ocrx_word' id='word_1_223' title='bbox 82 2114 345 2159; x_wconf 83' lang='lat' dir='ltr'><strong>isericordiae</strong></span> <span class='ocrx_word' id='word_1_224' title='bbox 373 2113 611 2172; x_wconf 83' lang='lat' dir='ltr'><strong>pertinere,</strong></span> <span class='ocrx_word' id='word_1_225' title='bbox 644 2121 693 2155; x_wconf 87' lang='lat' dir='ltr'><strong>ut</strong></span> <span class='ocrx_word' id='word_1_226' title='bbox 726 2127 816 2156; x_wconf 88' lang='lat' dir='ltr'><strong>non</strong></span> <span class='ocrx_word' id='word_1_227' title='bbox 844 2112 978 2157; x_wconf 84' lang='lat' dir='ltr'><strong>intret</strong></span> <span class='ocrx_word' id='word_1_228' title='bbox 1004 2115 1254 2173; x_wconf 79' lang='lat' dir='ltr'><strong>pigneratm</strong></span> <span class='ocrx_word' id='word_1_229' title='bbox 1276 2120 1321 2163; x_wconf 86' lang='lat' dir='ltr'><strong>in</strong></span> <span class='ocrx_word' id='word_1_230' title='bbox 1343 2120 1426 2166; x_wconf 85' lang='lat' dir='ltr'><strong>do-</strong></span> 
     </span>
     <span class='ocr_line' id='line_1_36' title="bbox 83 2181 1426 2250; baseline 0.003 -20"><span class='ocrx_word' id='word_1_231' title='bbox 83 2202 174 2242; x_wconf 74' lang='lat' dir='ltr'><strong>um,</strong></span> <span class='ocrx_word' id='word_1_232' title='bbox 195 2201 250 2230; x_wconf 88' lang='lat' dir='ltr'><strong>ne</strong></span> <span class='ocrx_word' id='word_1_233' title='bbox 268 2186 343 2229; x_wconf 86' lang='lat' dir='ltr'><strong>fiat</strong></span> <span class='ocrx_word' id='word_1_234' title='bbox 356 2183 628 2244; x_wconf 84' lang='lat' dir='ltr'><strong>perturbatio</strong></span> <span class='ocrx_word' id='word_1_235' title='bbox 651 2181 861 2227; x_wconf 88' lang='lat' dir='ltr'><strong>debitori:</strong></span> <span class='ocrx_word' id='word_1_236' title='bbox 882 2184 959 2228; x_wconf 90' lang='lat' dir='ltr'><strong>sed</strong></span> <span class='ocrx_word' id='word_1_237' title='bbox 973 2201 1023 2229; x_wconf 85' lang='lat' dir='ltr'><strong>ex</strong></span> <span class='ocrx_word' id='word_1_238' title='bbox 1036 2186 1118 2231; x_wconf 80' lang='lat' dir='ltr'><strong>hoc</strong></span> <span class='ocrx_word' id='word_1_239' title='bbox 1137 2188 1266 2233; x_wconf 85' lang='lat' dir='ltr'><strong>etiam</strong></span> <span class='ocrx_word' id='word_1_240' title='bbox 1285 2190 1426 2250; x_wconf 82' lang='lat' dir='ltr'><strong>ipsum</strong></span> 
     </span>
     <span class='ocr_line' id='line_1_37' title="bbox 0 2249 1430 2316; baseline -0.001 -13"><span class='ocrx_word' id='word_1_241' title='bbox 0 2249 23 2277; x_wconf 73' lang='lat'><strong>¹³</strong></span> <span class='ocrx_word' id='word_1_242' title='bbox 45 2257 281 2303; x_wconf 85' lang='lat' dir='ltr'><strong>debitorem</strong></span> <span class='ocrx_word' id='word_1_243' title='bbox 299 2255 507 2300; x_wconf 88' lang='lat' dir='ltr'><strong>admonet</strong></span> <span class='ocrx_word' id='word_1_244' title='bbox 528 2256 597 2314; x_wconf 85' lang='lat' dir='ltr'><strong>pig</strong></span> <span class='ocrx_word' id='word_1_245' title='bbox 603 2270 682 2298; x_wconf 89' lang='lat' dir='ltr'><strong>nus</strong></span> <span class='ocrx_word' id='word_1_246' title='bbox 704 2254 818 2298; x_wconf 70' lang='lat' dir='ltr'><strong>iolas</strong></span> <span class='ocrx_word' id='word_1_247' title='bbox 841 2256 1036 2315; x_wconf 82' lang='lat' dir='ltr'><strong>profelre</strong></span> <span class='ocrx_word' id='word_1_248' title='bbox 1053 2258 1272 2304; x_wconf 87' lang='lat' dir='ltr'><strong>creditori.</strong></span> <span class='ocrx_word' id='word_1_249' title='bbox 1300 2265 1430 2316; x_wconf 78' lang='lat' dir='ltr'><strong>Quod</strong></span> 
     </span>
     <span class='ocr_line' id='line_1_38' title="bbox 69 2324 1431 2406; baseline 0.004 -33"><span class='ocrx_word' id='word_1_250' title='bbox 69 2345 141 2373; x_wconf 81' lang='lat' dir='ltr'><strong>elo</strong></span> <span class='ocrx_word' id='word_1_251' title='bbox 155 2329 284 2406; x_wconf 39' lang='lat' dir='ltr'><strong>jube-t</strong></span> <span class='ocrx_word' id='word_1_252' title='bbox 301 2327 613 2387; x_wconf 86' lang='lat' dir='ltr'><strong>egentipignus</strong></span> <span class='ocrx_word' id='word_1_253' title='bbox 636 2324 789 2369; x_wconf 87' lang='lat' dir='ltr'><strong>eodem</strong></span> <span class='ocrx_word' id='word_1_254' title='bbox 812 2325 882 2370; x_wconf 89' lang='lat' dir='ltr'><strong>die</strong></span> <span class='ocrx_word' id='word_1_255' title='bbox 904 2328 1091 2384; x_wconf 80' lang='lat' dir='ltr'><strong>iestitui‚</strong></span> <span class='ocrx_word' id='word_1_256' title='bbox 1118 2339 1167 2374; x_wconf 89' lang='lat' dir='ltr'><strong>ut</strong></span> <span class='ocrx_word' id='word_1_257' title='bbox 1187 2331 1231 2375; x_wconf 90' lang='lat' dir='ltr'><strong>in</strong></span> <span class='ocrx_word' id='word_1_258' title='bbox 1254 2348 1305 2378; x_wconf 89' lang='lat' dir='ltr'><strong>eo</strong></span> <span class='ocrx_word' id='word_1_259' title='bbox 1327 2334 1431 2379; x_wconf 85' lang='lat' dir='ltr'><strong>dor-</strong></span> 
     </span>
     <span class='ocr_line' id='line_1_39' title="bbox 47 2396 1434 2460; baseline 0.004 -15"><span class='ocrx_word' id='word_1_260' title='bbox 47 2400 167 2455; x_wconf 89' lang='lat' dir='ltr'><strong>miat,</strong></span> <span class='ocrx_word' id='word_1_261' title='bbox 198 2399 275 2460; x_wconf 87' lang='lat' dir='ltr'><strong>qui</strong></span> <span class='ocrx_word' id='word_1_262' title='bbox 296 2397 541 2443; x_wconf 88' lang='lat' dir='ltr'><strong>nonhabet</strong></span> <span class='ocrx_word' id='word_1_263' title='bbox 562 2397 640 2440; x_wconf 88' lang='lat' dir='ltr'><strong>ubi</strong></span> <span class='ocrx_word' id='word_1_264' title='bbox 671 2396 880 2453; x_wconf 78' lang='lat' dir='ltr'><strong>doimiat‚</strong></span> <span class='ocrx_word' id='word_1_265' title='bbox 914 2400 1067 2444; x_wconf 87' lang='lat' dir='ltr'><strong>merito</strong></span> <span class='ocrx_word' id='word_1_266' title='bbox 1094 2413 1266 2459; x_wconf 82' lang='lat' dir='ltr'><strong>movet,</strong></span> <span class='ocrx_word' id='word_1_267' title='bbox 1293 2414 1342 2450; x_wconf 88' lang='lat' dir='ltr'><strong>ut</strong></span> <span class='ocrx_word' id='word_1_268' title='bbox 1366 2422 1434 2450; x_wconf 80' lang='lat' dir='ltr'><strong>le-</strong></span> 
     </span>
     <span class='ocr_line' id='line_1_40' title="bbox 49 2467 1435 2532; baseline -0.003 -17"><span class='ocrx_word' id='word_1_269' title='bbox 49 2471 239 2532; x_wconf 79' lang='lat' dir='ltr'><strong>quiratur</strong></span> <span class='ocrx_word' id='word_1_270' title='bbox 261 2485 339 2514; x_wconf 85' lang='lat' dir='ltr'><strong>cur</strong></span> <span class='ocrx_word' id='word_1_271' title='bbox 370 2484 459 2514; x_wconf 85' lang='lat' dir='ltr'><strong>non</strong></span> <span class='ocrx_word' id='word_1_272' title='bbox 481 2467 626 2528; x_wconf 86' lang='lat' dir='ltr'><strong>potius</strong></span> <span class='ocrx_word' id='word_1_273' title='bbox 661 2467 864 2511; x_wconf 88' lang='lat' dir='ltr'><strong>creditori</strong></span> <span class='ocrx_word' id='word_1_274' title='bbox 894 2471 1148 2530; x_wconf 84' lang='lat' dir='ltr'><strong>praeceperit</strong></span> <span class='ocrx_word' id='word_1_275' title='bbox 1171 2482 1220 2518; x_wconf 83' lang='lat' dir='ltr'><strong>ut</strong></span> <span class='ocrx_word' id='word_1_276' title='bbox 1242 2490 1334 2521; x_wconf 79' lang='lat' dir='ltr'><strong>non</strong></span> <span class='ocrx_word' id='word_1_277' title='bbox 1358 2494 1435 2522; x_wconf 69' lang='lat' dir='ltr'><strong>au-</strong></span> 
     </span>
    </p>
   </div>
   <div class='ocr_carea' id='block_1_8' title="bbox 93 2550 1300 2653">
    <p class='ocr_par' dir='ltr' id='par_1_10' title="bbox 93 2550 1300 2653">
     <span class='ocr_line' id='line_1_41' title="bbox 93 2550 1204 2599; baseline 0.003 -13"><span class='ocrx_word' id='word_1_278' title='bbox 93 2562 102 2578; x_wconf 84' lang='lat'>¹</span> <span class='ocrx_word' id='word_1_279' title='bbox 122 2555 374 2599; x_wconf 64' lang='lat' dir='ltr'><strong>Ephes.1v·‚22</strong></span> <span class='ocrx_word' id='word_1_280' title='bbox 390 2557 424 2587; x_wconf 85' lang='lat' dir='ltr'><strong>et</strong></span> <span class='ocrx_word' id='word_1_281' title='bbox 441 2553 494 2586; x_wconf 81' lang='lat'><strong>28.</strong></span> <span class='ocrx_word' id='word_1_282' title='bbox 519 2569 561 2576; x_wconf 88' lang='lat'><strong>-—</strong></span> <span class='ocrx_word' id='word_1_283' title='bbox 584 2558 596 2574; x_wconf 78' lang='lat'><strong>2</strong></span> <span class='ocrx_word' id='word_1_284' title='bbox 612 2554 706 2584; x_wconf 85' lang='lat' dir='ltr'><strong>Deut.</strong></span> <span class='ocrx_word' id='word_1_285' title='bbox 726 2562 814 2591; x_wconf 78' lang='lat' dir='ltr'>xxw,</span> <span class='ocrx_word' id='word_1_286' title='bbox 835 2551 866 2584; x_wconf 88' lang='lat'><strong>8.</strong></span> <span class='ocrx_word' id='word_1_287' title='bbox 887 2567 929 2575; x_wconf 89' lang='lat'><strong>—</strong></span> <span class='ocrx_word' id='word_1_288' title='bbox 953 2550 966 2576; x_wconf 82' lang='grc'>3</span> <span class='ocrx_word' id='word_1_289' title='bbox 985 2553 1066 2587; x_wconf 84' lang='lat' dir='ltr'><strong>lbid</strong></span> <span class='ocrx_word' id='word_1_290' title='bbox 1099 2556 1204 2590; x_wconf 83' lang='lat'>10-.13</span> 
     </span>
     <span class='ocr_line' id='line_1_42' title="bbox 179 2613 1300 2653; baseline 0.001 -2"><span class='ocrx_word' id='word_1_291' title='bbox 179 2619 303 2651; x_wconf 79' lang='lat' dir='ltr'><strong>exin.</strong></span> <span class='ocrx_word' id='word_1_292' title='bbox 1250 2613 1300 2653; x_wconf 84' lang='lat'><strong>33</strong></span> 
     </span>
    </p>
   </div>
  </div>
 </body>
</html>
