1872 3267
421 201 504 241 508
855 211 888 239 s.
923 211 1154 241 Aucus'nm
1186 213 1368 242 EPISCOPI

891 305 1127 354 QUAESTIO
1160 306 1318 345 XXXII.

480 412 500 435 «
523 395 619 438 NON
642 402 770 438 erunt
791 409 891 439 vasa
914 394 994 438 viri
1014 410 1142 455 super
1162 394 1415 438 mulierem1
1444 413 1453 439 ε
1480 412 1501 436 »
1527 409 1626 439 vasa
1648 392 1804 438 bellica

416 463 512 508 vult
531 463 739 524 intelligi,
760 465 806 510 id
824 474 887 509 est
901 500 912 521 ,
933 481 1065 511 arma.
1084 469 1193 512 Nam
1216 465 1396 526 quidam
1418 465 1547 510 etiam
1564 465 1648 510 hoc
1666 465 1803 509 inter-

416 535 571 594 pretati
593 543 708 579 sunt.

418 799 438 822 ))

418 870 438 893 ))

419 940 439 963 ))

418 1011 438 1034 ))

418 1081 438 1105 ))

418 1152 438 1175 ))

417 1223 437 1246 ))

418 1294 438 1317 ))

417 1364 437 1386 ))

417 1435 436 1457 ))

417 1503 437 1526 ))

417 1575 437 1598 ))

419 1645 439 1668 ))

417 1715 438 1739 ))

419 1787 437 1809 ))

418 1857 438 1881 ))

418 1929 438 1951 ))

418 1999 438 2021 ))

419 2069 438 2091 ))

418 2140 437 2162 ))

418 2211 437 2234 ))

890 621 1128 671 QUAESTIO
1159 623 1317 661 XXXIII
1326 653 1335 661 .

479 730 500 753 «
526 713 571 756 St
594 720 740 755 autem
761 709 856 771 quis
890 711 1104 770 acceperit
1129 727 1331 767 uxorem,
1358 720 1401 755 et
1421 710 1684 756 habitaverit
1704 726 1804 756 cum

475 796 545 835 ea,
572 790 615 825 et
637 779 777 825 oderit
800 796 893 824 eam
912 816 922 836 ‚
958 790 1001 825 et
1032 781 1229 841 imponat
1251 782 1290 825 ei
1323 781 1560 826 occasionis
1583 781 1738 836 verba,
1763 790 1807 826 et

475 850 681 895 detulerit
711 852 748 895 ei
782 867 941 897 nomen
969 851 1234 910 malignum,
1266 861 1311 896 ct
1346 851 1503 895 dixerit
1533 867 1541 892 ε
1576 851 1806 895 Mulierem

476 922 589 966 hanc
611 922 778 982 accepi,
802 931 844 967 et
866 921 1074 966 accedens
1096 922 1152 966 ad
1173 936 1267 966 eam
1290 937 1379 966 non
1401 921 1547 966 inveni
1565 922 1656 981 ejus
1676 921 1807 979 virgi-

474 992 586 1038 nalia
612 1014 620 1038 z
657 1003 700 1038 et
730 993 943 1053 accipiens
972 1003 1095 1053 pater
1128 992 1285 1053 puellae
1319 1002 1362 1037 et
1387 1002 1524 1037 mater
1558 991 1804 1052 producent

473 1064 698 1122 virginalia
718 1064 877 1124 puellae
907 1063 962 1108 ad
991 1064 1177 1108 seniores
1199 1063 1253 1108 ad
1274 1072 1446 1123 portam
1475 1072 1518 1107 et
1540 1063 1656 1107 dicet
1680 1071 1804 1122 pater

475 1134 633 1194 puellae
665 1135 906 1179 senioribus
939 1154 948 1179 :
987 1134 1140 1179 Filiam
1169 1149 1310 1178 meam
1346 1135 1458 1179 hane
1497 1133 1599 1178 dedi
1639 1134 1804 1178 homini

474 1205 576 1250 huic
619 1221 821 1261 uxorem,
864 1214 906 1249 ct
943 1205 1043 1250 odio
1075 1206 1241 1250 habens
1272 1221 1389 1261 eam,
1426 1206 1516 1265 ipse
1557 1221 1676 1250 nunc
1717 1205 1803 1249 im-

474 1276 599 1335 ponit
633 1276 670 1319 ei
709 1275 943 1320 occasionis
984 1276 1116 1319 verba
1151 1275 1298 1319 dicens
1335 1295 1343 1320 :
1388 1278 1485 1321 Non
1519 1276 1665 1319 inveni
1704 1275 1805 1319 filiae

458 1355 562 1390 tuae
581 1345 804 1404 virginalia
832 1365 841 1390 z
867 1355 909 1390 et
937 1361 1036 1390 ecce
1056 1345 1283 1404 virginalia
1306 1344 1406 1389 filiae
1437 1361 1560 1390 meae.
1587 1348 1643 1389 Et
1671 1344 1804 1405 repli-

472 1417 637 1460 cabunt
671 1415 853 1476 pallium
885 1431 1031 1461 coram
1054 1416 1229 1460 senibus
1250 1415 1433 1460 civitatis
1454 1415 1583 1460 illius.
1611 1419 1668 1460 Et
1689 1415 1804 1460 acci-

472 1485 594 1545 pient
627 1497 747 1529 senes
786 1486 970 1530 civitatis
1006 1486 1226 1529 hominem
1259 1485 1406 1540 illum,
1444 1496 1488 1530 et
1528 1485 1831 1544 castigabunt¹

473 1571 573 1600 eum
590 1591 600 1611 ‚
628 1565 670 1600 et
695 1554 1042 1600 damnificabunt
1064 1571 1163 1600 eum
1187 1566 1366 1600 centum
1396 1555 1505 1600 siclis
1525 1591 1536 1611 ,
1564 1565 1608 1600 et
1633 1555 1806 1601 dabunt
1828 1599 1831 1608 ,

474 1626 586 1686 patri
601 1625 960 1683 adolescentulae3
984 1626 1085 1686 quia
1106 1625 1287 1685 protulit
1309 1641 1470 1670 nomen
1493 1625 1658 1670 malum
1676 1641 1807 1686 super
1871 1639 1872 1645 ¹

473 1697 686 1756 virginem
716 1695 982 1740 Israelitem:
1017 1705 1060 1741 et
1083 1696 1215 1755 ipsius
1254 1697 1334 1741 erit
1370 1712 1496 1751 uxor,
1522 1711 1611 1740 non
1646 1696 1806 1755 poterit

473 1766 689 1811 dimittere
704 1783 799 1811 eam
822 1776 1034 1827 perpetuo
1062 1776 1271 1825 tempore.
1308 1766 1350 1811 Si
1372 1776 1516 1810 autem
1538 1782 1691 1811 verum
1709 1766 1804 1811 fac-

478 1849 568 1883 tum
607 1838 660 1882 sit
691 1839 775 1883 hoc
816 1838 1021 1892 verbum,
1060 1846 1103 1881 et
1136 1852 1225 1881 non
1261 1836 1539 1881 inveniantur
1582 1837 1803 1895 virginalia

473 1909 652 1970 puellae,
669 1919 712 1953 et
728 1908 971 1969 producent
993 1906 1362 1952 adolescentulam
1378 1907 1432 1951 ad
1447 1908 1627 1967 januam
1649 1907 1805 1953 domus

473 1981 604 2040 patris
619 1980 749 2039 ipsius
767 2002 777 2038 3
802 1989 845 2024 et
865 1978 1125 2039 lapidabunt
1141 1994 1237 2022 eam
1254 1978 1334 2023 viri
1357 1978 1540 2023 civitatis
1564 1980 1654 2039 ejus
1675 1979 1720 2022 in
1737 1979 1803 2023 la-
1828 2022 1831 2037 Ι

474 2049 649 2110 pidibus
667 2086 677 2105 ‚
704 2060 747 2094 et
775 2050 1013 2107 morietur3
1039 2049 1247 2110 quoniam
1276 2048 1378 2093 fecit
1406 2048 1722 2108 impudentiam
1757 2049 1803 2094 in
1828 2108 1830 2111 ι

474 2121 571 2165 filiis
596 2120 750 2175 Israel,
781 2120 1039 2180 prostituere
1068 2119 1250 2164 domum
1271 2120 1403 2180 patris
1431 2120 1497 2164 sui
1522 2139 1531 2165 :
1563 2129 1606 2164 et
1634 2118 1803 2165 auferes
1828 2113 1831 2116 ⁴

474 2191 713 2250 malignum
738 2208 787 2236 ex
809 2192 930 2237 vobis
956 2191 1100 2251 ipsis2.
1129 2209 1148 2232 »
1183 2191 1291 2236 Satis
1314 2191 1416 2235 hinc
1445 2200 1623 2250 apparet
1645 2207 1803 2252 quem-

415 2261 653 2307 admodum
685 2261 878 2306 subditas
911 2261 1112 2307 foeminas
1145 2261 1271 2317 viris,
1298 2271 1340 2306 ct
1368 2276 1479 2321 pene
1500 2260 1684 2306 famulas
1714 2265 1802 2306 Lex

415 2349 505 2378 csse
536 2333 722 2377 voluerit
749 2348 931 2378 uxores:
965 2331 1085 2393 quod
1113 2332 1260 2377 dicens
1292 2331 1495 2377 adversus
1523 2348 1705 2377 uxorem
1735 2333 1818 2377 vir,

416 2404 711 2449 testimonium
735 2405 854 2449 unde
875 2403 1139 2464 lapidaretur
1155 2402 1247 2458 illa,
1279 2404 1311 2448 si
1333 2404 1414 2448 hoc
1437 2419 1590 2448 verum
1612 2419 1702 2448 esse
1724 2404 1802 2448 de-

417 2484 755 2534 monstraretur3
789 2475 878 2535 ipse
906 2484 1051 2518 tamen
1075 2490 1164 2519 non
1191 2473 1375 2519 vicissim
1401 2473 1634 2533 lapidatur,
1660 2475 1691 2517 si
1716 2475 1799 2518 hoc

468 2567 474 2582 ¹
504 2562 597 2591 Dour.
614 2570 694 2602 xxii,
721 2561 752 2592 5.
773 2577 813 2582 -—
834 2567 846 2583 ²
862 2559 942 2591 ibid.
968 2560 1079 2590 133-71.

1845 263 1872 311 lals

1845 335 1872 381 dai]

1844 402 1872 450 voli

1844 475 1872 522 eui«

1845 546 1872 592 len

1845 616 1872 678 ple<
