1872 3267
21 2406 25 2474 t

22 2475 26 2547 i

23 2555 28 2702 t

28 2929 32 3020 t

371 321 636 360 QUAESTIONES
669 322 713 348 m
746 318 963 360 GENEsm,
998 321 1081 349 Lm.
1118 322 1148 348 1.
1367 310 1446 348 201

72 408 80 430 )

82 408 90 430 -e

127 398 240 434 terra
258 390 437 450 AEgypti
459 388 579 448 prius
602 402 733 448 quam
758 386 814 431 ad
844 396 885 431 te
906 387 1098 432 venirem
1117 387 1163 430 in
1184 389 1450 446 AEgyptum3

126 460 211 504 mei
233 469 356 514 sunt,
397 460 603 519 Ephraem
640 468 682 502 et
717 460 936 512 Manasse‚
971 467 1179 517 tanquam
1214 458 1374 501 Ruben
1411 466 1454 501 ct

128 531 301 575 Simeon
327 539 456 574 erunt
479 529 612 585 mihi3
648 531 796 587 (natos
819 538 963 572 antem
1000 529 1030 572 si
1056 528 1253 585 genueris
1276 537 1423 587 postea
1439 563 1450 583 ‚

128 601 205 644 tibi
228 610 356 644 erunt
373 604 413 658 ς)
435 601 479 644 in
502 600 679 644 nomine
706 598 891 643 fratrum
914 614 1092 643 suorum
1115 598 1455 657 appellabuntur

125 672 170 714 in
205 673 393 716 sortibus
432 673 605 716 eorum¹
629 691 636 715 :
677 690 696 711 »
735 670 847 715 saliit
881 670 1071 729 legentes
1107 669 1369 729 aliquando,
1407 677 1457 712 ut

66 742 312 787 existiment
330 744 387 787 ita
406 744 569 788 dictum
588 778 598 797 ,
626 752 833 802 tanquam
858 743 891 786 si
909 742 1013 786 alios
1037 741 1252 799 genuisset
1275 741 1453 799 Joseph,

67 814 248 858 istorum
272 815 522 859 nominibus
543 830 615 858 eos
640 814 776 858 Jacob
805 813 1012 874 appellari
1030 813 1311 872 prfeciperet:
1335 811 1456 871 quod

66 900 155 928 non
179 885 236 929 ita
270 895 347 929 est.
378 885 623 929 Verborum
659 886 821 945 quippe
850 884 958 929 ordo
980 883 1248 938 contexitur,
1273 902 1293 924 «
1329 885 1456 927 Nunc

125 971 228 1014 ergo
252 956 329 999 filii
351 957 415 1000 tui
437 955 549 1011 duo,
589 956 664 1016 qui
697 956 801 1000 faeti
834 965 936 999 sunt
963 955 1044 998 tibi
1067 955 1113 997 in
1142 963 1255 998 terra
1277 953 1457 1012 AEgypti

70 1044 88 1066 n
124 1026 243 1084 prius
271 1042 402 1086 quam
444 1026 498 1069 ad
534 1035 574 1070 te
607 1027 799 1070 venirem
829 1026 873 1069 in
906 1028 1147 1084 AEgyptum
1166 1059 1176 1078 ‚
1203 1023 1288 1067 mei
1326 1033 1455 1078 sunt,

125 1096 330 1155 Ephraem
353 1106 396 1140 et
412 1100 622 1150 Manasse,
649 1105 859 1155 tanquam
883 1095 1042 1138 Rubcn
1063 1103 1107 1138 et
1131 1094 1306 1138 Simeon
1329 1102 1458 1138 erunt

70 1185 89 1207 η
124 1167 248 1222 mihi,
275 1167 319 1211 in
344 1168 520 1212 nomine
538 1168 723 1213 fratrum
741 1182 920 1211 suorum
943 1164 1285 1225 appellabuntur
1306 1165 1351 1207 in
1368 1180 1457 1208 sor-

69 1256 89 1277 »
129 1237 243 1281 tibus
267 1254 435 1293 eorum,
456 1257 474 1278 >³
488 1239 571 1282 hoc
594 1247 678 1291 est,
706 1236 831 1281 simul
847 1235 1144 1279 haereditatem
1164 1235 1339 1295 capient
1356 1250 1458 1280 cum

66 1307 274 1353 fratribus
295 1310 403 1363 suis,
428 1318 479 1352 ut
500 1307 629 1352 simul
649 1317 864 1352 vocentur
886 1306 964 1350 filii
988 1305 1134 1350 Isra'e'l.
1161 1309 1269 1350 Dure
1291 1307 1458 1367 quippe

65 1379 169 1438 ipsae
190 1379 328 1423 tribus
353 1378 569 1439 adjunctae
588 1388 712 1434 sunt,
733 1388 974 1438 utexcepta
992 1377 1106 1421 tribu
1129 1378 1254 1433 Levi,
1281 1393 1380 1437 quae
1398 1393 1459 1421 sa·

65 1449 294 1494 cerdotalis
316 1448 424 1504 fuit,
447 1449 681 1493 duodecim
705 1458 846 1493 essent
869 1465 969 1509 quae
1002 1458 1162 1492 terram
1184 1447 1456 1504 dividerent,

71 478 80 501 )

82 478 90 501 ν

70 547 80 570 )

82 549 90 570 ν

71 619 79 641 )

81 619 89 641 v

70 690 79 711 )

81 690 89 712 v

69 973 78 996 )

81 974 89 996 ν

70 1114 78 1134 )

81 1114 89 1136 ν

0 1539 1 1544 ’
65 1529 109 1564 et
126 1520 313 1564 decimas
334 1519 728 1580 praeberentlllud
750 1529 896 1563 autem
913 1520 1218 1580 interpositum
1239 1529 1319 1575 est,
1336 1517 1457 1579 quod

65 1590 120 1635 dc
139 1590 231 1635 aliis
253 1590 350 1635 filiis
368 1592 530 1651 Joseph
551 1592 585 1635 si
604 1600 885 1635 nascerentur
902 1590 1027 1634 dixit.

561 1701 798 1750 QnAEsrlo
831 1702 977 1742 CLXV.

125 1805 252 1857 Qnon
275 1803 412 1848 Jacob
440 1803 530 1847 filio
553 1819 631 1847 suo
663 1804 824 1863 Joseph
852 1813 1063 1864 tanquam
1091 1803 1299 1848 nescienti
1321 1803 1460 1848 voluit

67 1872 256 1918 indicare
272 1909 283 1928 ‚
309 1873 386 1917 ubi
409 1883 452 1917 et
478 1873 655 1934 quando
685 1873 902 1933 sepelierit
929 1883 1112 1918 matrem
1135 1875 1225 1934 ejus
1242 1910 1252 1930 ⁷
1280 1890 1382 1918 cum
1417 1885 1460 1920 et

68 1944 156 2004 ipse
178 1943 309 1988 simul
338 1943 469 1988 suerit
500 1944 830 1989 cumfratribus
867 1945 1001 2002 suis23
1042 1945 1118 1989 sed
1141 1945 1216 1989 etsi
1247 1954 1338 1989 erat
1375 1955 1460 1989 tam

67 2031 224 2074 parvus
246 2024 373 2059 aetate
389 2050 400 2070 ,
426 2024 476 2059 ut
496 2014 607 2058 illuct
626 2015 696 2059 vel
725 2031 875 2059 curare
898 2015 968 2059 vel
993 2016 1137 2059 animo
1161 2017 1346 2059 retinere
1370 2032 1458 2060 non

67 2095 232 2145 posset,
274 2101 373 2146 quae
411 2101 476 2129 res
500 2085 713 2144 compulit
734 2085 866 2129 modo
900 2085 1010 2130 dici?
1041 2086 1122 2130 nisi
1145 2085 1258 2131 forte
1292 2087 1346 2131 ad
1369 2103 1460 2131 rem

67 2157 276 2216 pertinuit
297 2172 638 2201 commemorare
660 2157 722 2200 ibi
743 2156 959 2217 sepultam
976 2167 1161 2202 matrem
1182 2159 1361 2218 Joseph,
1382 2158 1458 2202 ubi

69 2227 264 2272 Christus
280 2227 423 2272 fuerat
440 2228 702 2272 nasciturus.

542 2325 778 2374 QUESTIO
812 2326 978 2365 CLXVI.

128 2428 254 2479 Qnon
284 2427 344 2470 ita
371 2425 591 2470 benedicit
620 2435 798 2485 nepotes
829 2443 927 2471 suos
963 2426 1120 2482 Israel,
1162 2438 1208 2472 ut
1240 2428 1460 2474 dexteram

71 2512 249 2541 manum
267 2498 425 2542 minori
442 2498 660 2557 imponat,
684 2499 838 2559 majori
861 2508 1007 2543 autem
1025 2499 1282 2555 sinisti-affl,
1309 2510 1352 2544 et
1374 2501 1458 2545 hoc

73 2567 160 2612 silio
197 2584 275 2612 suo
301 2569 461 2628 Joseph
485 2568 649 2613 volenti
677 2569 890 2628 corrigere
927 2571 1048 2630 quasi
1078 2580 1290 2615 errantem
1322 2581 1452 2632 atque

122 2665 224 2695 ¹Gen.
246 2663 515 2705 x1,x·111,13‚(3.-—
532 2664 643 2695 21bid.
665 2674 696 2705 7.
724 2681 764 2686 —
787 2662 799 2687 3
819 2665 897 2695 thid.
928 2664 977 2707 [ᾖ.
