1872 3267
338 295 605 335 QcAEs-monsss
637 297 682 322 IN
714 295 917 332 ExoonM,
953 295 1035 321 Lm.
1071 295 1120 320 11.
1339 280 1425 318 279

46 373 139 408 tura
170 363 317 418 dieit¹,
343 378 444 407 eum
471 361 668 422 superius
697 375 767 404 sex
789 359 970 414 dixerit,
1009 357 1265 417 intelligitur
1286 371 1427 401 annu-

42 433 216 480 meratis
238 433 408 478 duabus
429 431 710 491 angularibus
731 439 830 476 octo
851 429 959 474 fieri.

550 537 786 590 QUAEsrlo
815 538 931 579 oxu.

108 664 127 687 «
146 648 216 693 ET
233 644 400 690 dividet
419 643 541 689 vobis
562 643 763 688 velamen
782 643 895 687 inter
915 639 1109 686 medium
1129 641 1338 686 Sanctum
1353 674 1364 695 ,
1389 649 1433 685 et

47 735 66 759 υ
85 714 399 762 intermedium
412 718 620 761 Sanctum
632 717 922 760 sanctorum‘2:
937 733 957 755 n
970 713 1016 758 id
1027 721 1106 768 est,
1117 720 1168 755 ut
1179 711 1293 755 inter
1304 713 1434 756 Sanc-

48 798 140 834 tum
156 797 199 832 et
214 789 420 832 Sanctum
438 797 688 832 sanctorum
705 787 760 830 sit
781 787 864 830 hoe
886 784 1084 829 velamen
1096 819 1106 839 ,
1132 783 1188 827 de
1204 798 1293 843 quo
1315 799 1434 828 nunc

43 859 255 919 loquitur,
272 859 315 902 in
329 867 517 919 quatuor
534 857 747 903 columnis
761 864 998 902 extentum.
1011 858 1074 900 De
1086 856 1169 900 hae
1186 854 1434 898 differentia

45 930 158 974 inter
173 932 377 974 Sanctum
393 938 436 973 et
452 931 660 973 Sanctum
681 937 930 972 sanctorum
948 925 1004 971 ad
1022 925 1229 971 Hebraeos
1240 924 1436 985 Epistola

43 1000 364 1061 loquitur,quia
377 1000 453 1044 ubi
462 1004 574 1045 Area
587 999 837 1054 testimonii,
849 998 910 1042 ibi
924 1000 1132 1044 Sanctum
1145 998 1433 1053 sanctorum³,

45 1072 128 1116 hoc
150 1081 234 1127 est,
269 1072 387 1116 intus
410 1071 523 1115 ultra
544 1070 716 1116 velum:
742 1070 847 1114 foris
868 1078 1012 1114 autem
1035 1083 1182 1114 mensa
1205 1077 1249 1112 et
1274 1068 1437 1112 cande-

44 1142 218 1186 labrum
235 1178 245 1198 ,
271 1151 314 1186 et
335 1152 490 1187 caetera
521 1158 620 1203 quae
644 1140 776 1202 paulo
802 1150 902 1184 ante
930 1139 1037 1184 dixit
1064 1137 1437 1199 quemadmodum

42 1214 221 1268 fierent,
245 1223 392 1258 saneta
418 1213 534 1257 dieta
559 1222 685 1267 sunt,
713 1222 756 1256 et
778 1227 869 1256 non
894 1213 1051 1255 Sancta
1079 1219 1345 1255 sanctorum.
1379 1213 1435 1255 Et

44 1284 308 1343 significatur
325 1283 428 1329 foris
446 1287 580 1328 Vetus
599 1287 940 1337 Testamentum,
952 1282 1068 1326 intus
1081 1291 1229 1326 autem
1246 1284 1435 1337 Novum,

45 1370 145 1400 cum
168 1355 223 1400 sit
249 1363 487 1415 utrumque
509 1355 554 1398 in
582 1354 769 1399 lectione
792 1353 959 1398 Veteris
984 1353 1268 1409 Testamenti,
1295 1363 1339 1397 et
1363 1369 1439 1397 ex-

45 1441 240 1486 pressum
263 1425 489 1485 operibus,
506 1435 550 1470 et
571 1424 882 1483 significatione
899 1424 1152 1483 figuratum.
1179 1427 1242 1469 Ac
1264 1439 1341 1484 per
1354 1425 1438 1470 hoc

45 1497 89 1541 in
111 1496 267 1542 sanetis
288 1498 428 1556 figura
451 1506 515 1542 est
534 1497 703 1556 figurae,
729 1497 830 1556 quia
849 1497 988 1555 figura
1012 1505 1076 1540 est
1092 1495 1262 1539 Veteris
1287 1498 1438 1540 Testa-

44 1568 181 1612 menti
204 1587 212 1612 :
238 1568 282 1611 in
307 1568 473 1613 Sanctis
494 1577 642 1612 autem
664 1576 913 1612 sanctorum
929 1566 1068 1625 figura
1090 1576 1154 1610 est
1169 1566 1303 1627 ipsius
1322 1568 1440 1611 veri-

44 1639 159 1694 tatis,
174 1639 274 1699 quia
289 1639 429 1698 figura
446 1648 510 1683 est
520 1638 632 1684 Novi
648 1638 926 1682 Testamenti.
950 1640 1108 1682 Totum
1121 1637 1286 1698 quippe
1304 1640 1440 1683 Vetus

48 1712 374 1754 Testamentum
391 1709 437 1752 in
456 1709 522 1753 his
542 1709 671 1753 rebus
689 1718 732 1753 et
749 1707 1114 1754 celebrationibus
1127 1744 1138 1766 ,
1162 1697 1263 1769 quae
1279 1709 1338 1754 ita
1358 1709 1441 1755 ob-

45 1780 254 1826 servanda
270 1780 586 1841 praecipiuntur
600 1815 611 1835 ,
638 1780 777 1838 figura
798 1789 876 1824 est.

541 1887 779 1938 QUAEsrio
811 1888 945 1929 exin.

107 1997 170 2038 DE
199 1994 324 2038 altari
345 1993 571 2054 quaeritur,
596 1991 819 2053 quomodo
847 1991 986 2036 tribus
1007 1992 1166 2036 cubitis
1189 1992 1327 2037 altum
1348 2008 1439 2038 esse

49 2063 234 2110 voluerit
248 2066 280 2120 4,
317 2080 416 2109 cum
450 2073 572 2108 tanta
604 2062 694 2107 fere
726 2063 781 2107 sit
809 2072 985 2107 staturae
1013 2063 1201 2108 hominis
1234 2062 1435 2109 altitudo.

49 2136 278 2191 Quomodo
300 2152 404 2195 ergo
435 2135 765 2180 ministrabatur
787 2134 933 2190 altari,
964 2151 1064 2180 cum
1089 2137 1248 2194 gradus
1276 2136 1439 2189 habere

5 2247 7 2251 Α
48 2208 180 2253 altare
197 2208 280 2253 alio
299 2208 396 2253 loco
419 2207 677 2267 prohibeat?
703 2226 723 2249 ι(
740 2210 804 2253 Ne
822 2207 1030 2268 pudenda
1046 2238 1066 2264 ,-
1080 2208 1246 2270 inquit,
1272 2218 1347 2254 tua
1365 2225 1437 2253 re-

0 2308 2 2338 ;
49 2298 70 2321 »
105 2280 218 2325 veles
251 2296 379 2340 super
407 2279 562 2323 illud⁵.
593 2297 613 2321 »
644 2278 728 2324 Sed
746 2278 834 2324 illic
863 2279 1034 2325 dicebat
1056 2279 1111 2324 de
1147 2280 1295 2337 altari,
1319 2282 1439 2342 quod

0 2349 3 2396 ἶ
47 2360 157 2397 terra
188 2352 258 2396 vel
291 2351 509 2412 lapidibus
537 2352 880 2397 construendum
903 2363 1039 2407 esset,
1067 2353 1145 2397 ubi
1167 2353 1324 2412 gradus
1358 2355 1438 2414 ipsi

32 2422 299 2467 ,coaedificati
332 2422 388 2467 ad
426 2440 582 2483 eorpus
616 2423 758 2468 altaris
789 2424 944 2484 utique
976 2425 1246 2484 pertinerent
1274 2445 1282 2470 z
1316 2442 1436 2470 nunc

0 2510 1 2513 ¹
47 2507 147 2537 vero
169 2492 224 2536 de
249 2493 409 2538 tabulis
438 2494 529 2537 fieri
555 2494 688 2537 altare
715 2494 935 2554 praecipit,
967 2511 1055 2555 quo
1080 2496 1114 2540 si
1142 2506 1436 2556 apponeretur

96 2597 102 2612 ¹
129 2592 226 2622 llxod.
252 2603 346 2631 ww,
367 2592 420 2623 23.
445 2610 485 2614 —
502 2599 513 2613 ⁹
537 2592 618 2622 HM.
642 2592 694 2622 3⁶1.
718 2610 756 2613 ⁷—
779 2590 791 2613 3
816 2592 914 2623 Helu:
942 2605 993 2631 11,
1018 2605 1043 2623 1.
1063 2610 1104 2614 ——
1124 2592 1137 2622 4
1160 2594 1257 2624 [md.
1277 2605 1382 2627 xxvii.
1404 2607 1429 2625 1.

49 2663 89 2668 -
109 2645 120 2667 “”’
140 2649 183 2678 hl.
206 2659 257 2680 νς.
280 2650 332 2679 ¹20.
