1872 3267
416 277 496 315 176
840 289 873 317 s.
909 290 1139 319 Auensnm
1172 292 1350 320 1-:121500111

411 358 711 418 appellabatur
735 368 845 404 terra
872 361 1028 406 Edoni.
1059 365 1156 408 Non
1177 362 1293 406 enim
1318 377 1477 406 nomen
1503 363 1583 407 nisi
1613 363 1668 407 ab
1696 364 1788 423 ipso

411 429 525 472 Esaii
544 427 731 473 inditum
753 439 817 474 est
845 439 970 474 terrae
988 466 998 486 ,
1030 432 1235 491 quoniam
1269 431 1384 476 idem
1417 432 1506 491 ipse
1536 442 1579 476 et
1605 434 1717 477 Esaii
1746 442 1789 477 et
1854 464 1856 467 v

411 501 553 546 Edom
575 504 814 548 vocabatur
835 502 890 547 de
913 519 1000 563 quo
1017 504 1242 564 propagati
1258 513 1360 548 sunt
1378 502 1584 559 Idumaei,
1604 504 1686 549 hoe
1707 513 1785 560 est,

411 587 515 630 gens
533 572 688 618 Edom.

900 671 1135 720 QUAESTIO
1167 671 1300 712 CXXI.

469 773 595 824 QUOD
616 771 824 830 scriptum
853 779 946 814 est:
986 790 1003 813 «
1032 773 1090 815 Et
1109 771 1154 814 hi
1176 786 1294 829 reges
1325 772 1399 831 qui
1426 780 1717 830 regnaverunt
1744 771 1789 815 in
1850 775 1851 816 f

413 859 433 882 »
469 841 637 898 Edom,
672 851 905 902 antequam
939 851 1139 900 regnaret
1173 858 1245 886 rex
1271 843 1318 886 in
1352 842 1532 898 Israkss',
1561 861 1580 883 »
1613 859 1702 887 non
1730 843 1789 887 sic
1848 857 1850 895 ξ

409 911 711 970 accipiendum
729 921 819 967 est,
841 921 1048 973 tanquam
1068 927 1217 956 omnes
1235 928 1355 972 reges
1374 912 1585 957 nominati
1606 913 1693 957 sint
1715 929 1789 957 us-
1848 928 1849 936 ¹

409 982 496 1041 'que
516 981 571 1025 ad
594 997 642 1025 ea
671 990 888 1041 tempora,
922 981 1081 1042 quibus
1103 991 1330 1042 coeperunt
1359 998 1479 1041 reges
1502 981 1654 1037 Israe'l,
1679 999 1790 1043 quo-
1846 993 1848 1041 5

411 1067 508 1096 rum
523 1051 688 1110 primus
706 1051 789 1095 suit
808 1050 923 1096 Saiil.
944 1050 1074 1096 Multi
1095 1051 1211 1095 enim
1224 1051 1403 1096 fuerunt
1420 1052 1465 1096 in
1488 1051 1630 1097 Edom
1652 1068 1789 1113 usque
1844 1091 1845 1097 ,

409 1122 465 1166 ad
492 1132 687 1181 tempora
722 1121 851 1177 Saiil,
884 1122 1151 1182 temporibus
1179 1123 1309 1167 etiam
1338 1123 1569 1179 Judicum,
1601 1139 1788 1184 quorum
1844 1128 1845 1136 ¹

410 1201 605 1252 tempora
635 1191 815 1236 fuerunt
836 1202 937 1236 ante
961 1208 1080 1251 reges
1105 1212 1113 1237 ;
1141 1192 1217 1237 sed
1238 1209 1288 1236 ex
1309 1193 1374 1237 his
1401 1193 1549 1238 multis
1572 1209 1644 1238 eos
1676 1193 1788 1238 solos
1842 1206 1844 1213 ¹

407 1263 550 1322 potuit
571 1278 908 1307 commemorare
930 1266 1101 1320 Moyses
1116 1298 1127 1318 ,
1152 1263 1227 1322 qui
1248 1262 1428 1306 fuerunt
1449 1273 1682 1324 antequam
1698 1264 1788 1323 ipse
1841 1279 1843 1302 f

408 1343 663 1378 moreretur.
680 1335 768 1379 Nee
781 1334 939 1377 mirum
953 1343 1016 1377 est
1032 1334 1151 1393 quod
1164 1334 1492 1378 numerantibus
1505 1334 1788 1378 abAbraham
1840 1331 1842 1366 ἶ

408 1420 485 1463 per
513 1405 628 1448 Esaii
654 1413 820 1463 patrem
848 1404 986 1462 gentis
1014 1403 1182 1458 Edom,
1210 1412 1340 1462 atque
1365 1419 1441 1463 per
1463 1403 1629 1462 Raguel
1649 1403 1787 1448 filium

408 1476 549 1530 Esaii,
585 1484 629 1519 et
661 1478 765 1518 Zara
787 1473 925 1517 filium
946 1472 1135 1532 Raguel,
1162 1482 1204 1517 et
1227 1473 1369 1517 Jobah
1392 1474 1529 1518 filium
1560 1478 1686 1530 Zara,
1717 1475 1788 1519 cui

409 1547 432 1588 J
437 1545 552 1589 obab
569 1545 772 1589 suecessit
792 1544 835 1588 in
859 1559 990 1601 regno
1008 1542 1160 1598 Balac,
1183 1542 1259 1603 qui
1273 1543 1436 1602 primus
1457 1543 1503 1588 in
1521 1553 1629 1588 terra
1647 1544 1787 1589 Edom
1836 1575 1837 1607 i

409 1630 481 1659 rex
498 1614 628 1659 fuisse
643 1624 1024 1669 commemoratur,
1046 1629 1182 1672 usque
1200 1612 1256 1657 ad
1275 1612 1477 1657 ultimum
1497 1629 1641 1673 regem
1658 1630 1788 1674 quem

408 1685 552 1743 potuit
573 1684 797 1729 nominare
814 1687 984 1741 Moyses
999 1718 1010 1738 ,
1030 1682 1176 1742 plures
1191 1683 1487 1741 generationes
1508 1683 1789 1728 inveniuntur
1833 1730 1834 1742 χ

408 1771 542 1815 quam
558 1764 843 1799 numerantur
859 1754 914 1797 ab
936 1754 1155 1797 Abraham
1177 1768 1253 1812 per
1275 1753 1411 1797 Jacob
1430 1769 1566 1814 usque
1587 1754 1640 1800 ad
1660 1758 1788 1812 Moy-
1832 1758 1833 1798 ἶ

408 1841 499 1870 sen.
527 1828 634 1870 Nam
658 1824 745 1868 illic
762 1823 1045 1868 inveniuntur
1063 1822 1152 1867 fere
1175 1822 1431 1878 duodecim,
1457 1824 1526 1867 hic
1549 1833 1695 1868 autem
1718 1841 1789 1869 us-

407 1911 493 1956 que
515 1895 571 1940 ad
592 1899 773 1952 Moysen
795 1894 929 1938 ferme
950 1903 1128 1953 septem.
1157 1893 1270 1937 Fieri
1291 1894 1406 1937 enim
1429 1895 1571 1953 potuit
1586 1929 1597 1950 ,
1622 1904 1672 1939 ut
1691 1895 1788 1940 ideo
1830 1887 1831 1932 }

408 1965 467 2009 ibi
486 1965 629 2025 plures
651 1965 996 2020 nominarentur,
1017 1963 1117 2023 quia
1135 1963 1260 2007 eitius
1281 1963 1507 2008 moriendo
1525 1964 1667 2024 plures
1682 1964 1788 2010 alter
1828 2019 1829 2029 ἵ

408 2034 531 2079 alteri
549 2044 860 2079 successerunt.
891 2034 958 2078 Sic
981 2034 1112 2077 etiam
1134 2034 1315 2092 contigit
1333 2069 1343 2089 ,
1369 2043 1418 2078 ut
1440 2033 1573 2077 alium
1590 2034 1788 2079 ordinem

408 2121 591 2164 sequens
613 2105 870 2159 Matthaeus,
896 2104 950 2147 ab
979 2104 1199 2147 Abraham
1236 2118 1374 2163 usque
1406 2103 1461 2147 ad
1492 2105 1651 2164 Joseph
1678 2120 1788 2165 qua-
1826 2131 1827 2138 κ

409 2175 735 2234 draginta-duas
764 2174 1060 2234 generationes
1096 2184 1372 2219 numeraret:
1399 2178 1535 2219 Lucas
1566 2185 1711 2219 autem
1743 2176 1788 2220 in

408 2245 560 2290 ordine
582 2245 665 2290 alio
693 2261 924 2289 numerans
955 2245 1250 2303 generationes
1278 2261 1367 2289 non
1388 2261 1465 2304 per
1489 2246 1784 2301 Salomonem,
1822 2280 1823 2298 2

408 2316 519 2360 sieut
536 2315 608 2359 ille
623 2351 633 2371 ,
660 2315 734 2360 sed
757 2331 832 2375 per
853 2315 1023 2361 Nathan
1039 2350 1049 2369 ,
1075 2315 1129 2358 ab
1156 2315 1375 2359 Abraham
1397 2330 1534 2374 usque
1556 2314 1610 2359 ad
1627 2316 1787 2375 Joseph
1821 2322 1823 2348 ἒ

407 2385 942 2446 quinquaginta-quinque
961 2394 1283 2429 commemoret.
1305 2389 1356 2429 In
1372 2384 1447 2429 illo
1458 2385 1619 2445 quippe
1637 2386 1787 2430 ordine
1819 2423 1821 2435 2

408 2456 485 2500 ubi
506 2456 649 2515 plures
667 2464 967 2510 numerantur,
994 2455 1119 2498 citius
1139 2455 1300 2499 mortui
1324 2464 1425 2499 sunt
1440 2490 1450 2510 ,
1472 2470 1603 2514 quam
1621 2455 1689 2499 hic
1711 2455 1787 2498 ubi

406 2527 644 2585 pauciores.
676 2529 738 2572 Ne
765 2525 875 2571 forte
901 2535 1046 2569 autem
1080 2534 1251 2569 moveat
1279 2524 1495 2585 aliquem,
1530 2524 1651 2585 quod
1678 2525 1787 2569 inter
1816 2573 1817 2580 ἵ

454 2630 462 2646 ¹
485 2627 564 2657 Gen.
587 2625 766 2666 xxxv1,31.
