1872 3267
351 252 436 292 238
800 265 834 293 s.
870 262 1100 301 Auouszrmr
1132 265 1313 294 Emscom

347 337 442 384 est,
466 341 557 375 non
575 336 868 388 computetur.
889 332 989 378 Non
1009 331 1158 391 itaque
1179 329 1301 391 quod
1322 329 1397 384 ait,
1425 347 1447 372 α
1472 331 1526 373 In
1544 328 1731 377 servitu-

352 416 374 440 »
408 407 498 444 tem
519 397 717 458 redigent
738 414 809 446 eos
829 408 874 445 et
893 401 1116 451 nocebunt
1135 401 1218 446 illis
1231 436 1242 458 ‚
1270 419 1290 442 »
1316 399 1372 445 ad
1392 398 1734 461 quadringentos

350 484 487 515 annos
498 467 774 524 referendum
789 480 867 527 est,
879 480 1086 532 tanquam
1098 488 1175 533 per
1189 481 1255 518 tot
1267 486 1402 517 annos
1414 486 1487 516 eos
1498 470 1734 517 habuerint

351 540 399 585 in
419 541 626 587 servitute
650 561 658 586 :
678 542 755 586 sed
781 541 997 595 referendi
1027 553 1130 588 sunt
1151 542 1458 604 quadringenti
1479 542 1582 587 anni
1603 540 1659 589 ad
1688 540 1734 588 id

349 610 472 672 quod
494 611 661 657 dictum
679 621 743 657 est
757 647 768 669 ,
792 631 812 656 ι(
831 614 1113 672 Peregrinum
1130 616 1210 659 erit
1235 629 1382 659 semen
1402 622 1530 659 tuum
1554 613 1601 656 in
1621 621 1735 659 terra

353 699 375 724 »
410 698 500 727 non
511 683 706 743 propria:
725 702 745 726 »
763 684 862 744 quia
874 684 961 729 sive
978 685 1023 729 in
1040 695 1150 730 terra
1162 686 1385 740 Chanaan,
1401 684 1489 730 sive
1505 684 1551 732 in
1563 686 1735 743 AEgyp-

356 761 424 809 top,
450 754 731 813 peregrinum
752 763 844 798 erat
863 751 974 799 illud
992 770 1159 812 semen,
1182 765 1416 815 antequam
1437 753 1735 799 haereditatem

352 832 575 868 sumerent
612 833 769 869 terram
800 840 851 869 ex
881 825 1161 884 promissione
1192 826 1299 883 Dei·⁷
1334 824 1454 885 quod
1481 822 1645 874 factum
1673 831 1737 870 est

352 903 637 955 posteaquam
660 910 712 941 ex
739 898 933 956 AEgypto
953 895 1125 941 liberati
1144 906 1247 941 sunt
1267 916 1276 944 ;
1301 905 1352 940 ut
1368 894 1645 956 hyperbaton
1664 893 1736 940 hic

353 963 648 1023 intelligatur,
675 974 719 1010 et
739 965 848 1010 ordo
876 966 1109 1012 verborum
1130 967 1204 1023 sit⁷
1229 986 1250 1008 «
1276 964 1461 1012 Sciendo
1483 964 1610 1020 sciaS‚
1635 963 1736 1024 quia

356 1053 378 1077 »
411 1036 690 1095 peregrinum
708 1037 790 1081 erit
804 1053 951 1082 semen
972 1047 1098 1083 tuum
1120 1038 1167 1083 in
1188 1047 1300 1083 terra
1323 1053 1412 1082 non
1434 1035 1607 1096 propria
1628 1050 1738 1095 qua-

356 1123 378 1148 »
412 1105 651 1166 dringentis
664 1107 808 1166 annis3
822 1127 841 1149 »
854 1107 965 1153 illud
977 1118 1124 1153 autem
1137 1109 1439 1169 interpositum
1455 1106 1735 1165 intelligatur,

358 1195 379 1219 »
413 1180 471 1223 Et
488 1177 534 1221 in
555 1178 808 1223 servitutem
825 1178 1022 1237 redigent
1037 1195 1109 1224 eos
1132 1189 1176 1224 et
1196 1179 1422 1224 nocebunt
1442 1177 1550 1235 illis3
1569 1195 1589 1219 »
1614 1176 1674 1224 ita
1690 1185 1740 1223 ut

354 1247 412 1292 ad
426 1247 765 1307 quadringentos
785 1265 919 1294 annos
936 1250 1015 1294 ista
1037 1250 1305 1310 interpositio
1327 1265 1417 1295 non
1433 1248 1662 1308 pertineat.
1689 1250 1741 1294 In

356 1327 549 1363 extrema
586 1319 703 1365 enim
735 1329 857 1379 parte
894 1336 1108 1365 annorum
1130 1336 1311 1365 summae
1346 1320 1475 1379 hujus
1490 1353 1502 1374 ,
1526 1318 1611 1362 hoc
1647 1326 1712 1361 est
1726 1351 1738 1372 ‚

358 1399 458 1449 post
476 1399 662 1435 mortem
693 1391 851 1450 Joseph
874 1390 1040 1436 factum
1073 1400 1136 1435 est
1151 1426 1163 1446 ,
1187 1400 1237 1435 ut
1257 1392 1303 1436 in
1323 1394 1518 1451 AEgypto
1552 1387 1742 1450 populus

359 1460 439 1505 Dei
462 1461 617 1505 duram
639 1471 863 1522 perageret
880 1457 1147 1507 servitutem.

829 1558 1068 1608 QUAEs'rlo
1099 1558 1269 1597 xnvm.

419 1662 536 1713 Qum
560 1669 624 1704 est
645 1659 766 1720 quod
793 1659 874 1716 ait,
899 1675 1000 1705 cum
1023 1659 1077 1706 de
1097 1660 1260 1705 Pascha
1283 1659 1560 1720 praeciperet,
1597 1671 1617 1700 «
1649 1658 1746 1705 Erit
1808 1656 1811 1662 ’

364 1748 385 1771 ))
425 1730 501 1774 tibi
530 1731 576 1774 in
597 1730 769 1789 signum
789 1746 917 1787 super
948 1746 1127 1774 manum
1153 1732 1320 1785 tuam1,
1350 1748 1369 1770 »
1401 1745 1458 1773 an
1488 1728 1745 1787 intelligitur
1808 1775 1810 1791 ⁵
1847 1755 1849 1770 .

363 1817 493 1862 super
516 1817 647 1862 opera
678 1811 776 1858 tua⁷
800 1801 847 1846 id
867 1811 954 1857 est⁷
987 1801 1108 1862 quod
1129 1800 1333 1861 praeferre
1361 1800 1520 1846 debeas
1542 1800 1746 1861 operibus
1807 1826 1809 1839 2
1847 1816 1849 1842 1

364 1872 474 1916 tuis?
511 1871 706 1916 Pertinet
739 1872 852 1916 enim
892 1873 1053 1916 Pascha
1074 1880 1252 1931 propter
1284 1870 1542 1915 occisionem
1579 1870 1669 1915 ovis
1691 1870 1747 1914 ad

363 1939 496 1985 fidem
518 1941 705 1997 Christi,
737 1950 780 1985 et
813 1941 1065 1999 sanguinem
1093 1956 1181 2001 quo
1214 1940 1426 2000 redempti
1454 1955 1616 1984 sumus.
1643 1943 1747 1984 Haeo
1805 1957 1809 2002 ς
1847 1956 1849 1985 ς

365 2019 513 2055 autem
540 2009 647 2055 fides
686 2009 889 2070 operibus
922 2010 1215 2070 praeponenda
1253 2018 1317 2054 est
1336 2044 1348 2065 ,
1388 2019 1438 2053 ut
1471 2009 1526 2054 sit
1554 2009 1747 2070 quodam
1805 2058 1807 2076 ἰ
1847 2024 1849 2049 1

365 2080 498 2126 modo
520 2097 649 2142 super
670 2097 865 2137 manum,
886 2082 1089 2127 adversus
1109 2080 1222 2136 illos,
1242 2081 1319 2141 qui
1336 2081 1382 2125 in
1403 2081 1606 2141 operibus
1624 2081 1746 2139 Legis
1804 2089 1807 2137 ξ
1848 2101 1850 2133 f

1804 2143 1806 2158 l

366 2150 685 2212 gloriabantur,
710 2150 765 2195 de
794 2167 881 2211 qua
911 2167 956 2195 re
978 2150 1211 2212 Apostolus
1236 2150 1456 2212 loquitur,
1493 2160 1536 2195 et
1555 2150 1747 2196 multum

366 2222 480 2281 agit3
499 2222 575 2283 qui
592 2222 724 2265 fidem
747 2222 950 2282 operibus
973 2222 1030 2266 sie
1048 2221 1142 2266 vult
1163 2222 1384 2281 anteponi,
1400 2230 1448 2266 ut
1470 2236 1522 2265 ex
1545 2221 1617 2266 illa
1639 2237 1749 2282 pen-
1803 2230 1805 2265 i

366 2290 500 2336 deant
521 2307 650 2351 opera
680 2291 817 2346 bona,
852 2301 983 2352 atque
1019 2291 1074 2335 ab
1107 2306 1156 2335 ea
1194 2291 1516 2350 praeveniantur
1546 2307 1636 2337 non
1657 2292 1748 2352 ipsa
1802 2318 1805 2355 3

365 2360 487 2406 velut
517 2361 682 2405 meritis
714 2361 931 2405 bonorum
962 2376 1143 2421 operum
1175 2361 1356 2406 retribui
1381 2361 1628 2406 videntia-2.
1667 2360 1746 2407 Illa

367 2431 483 2476 enim
506 2430 561 2476 ad
586 2431 765 2491 gratiam
788 2431 976 2492 pertinet
1004 2450 1012 2476 :
1047 2431 1080 2476 si
1102 2440 1247 2476 autem
1276 2431 1409 2490 gratia
1426 2466 1437 2487 ,
1466 2433 1558 2493 jam
1584 2447 1674 2478 non
1695 2446 1744 2480 ex
1801 2425 1803 2453 ¹

369 2502 572 2562 operibus
586 2503 626 2560 ³3
645 2501 837 2562 alioquin
856 2501 989 2559 gratia
1005 2502 1095 2562 jam
1119 2517 1208 2547 non
1229 2510 1293 2546 est
1314 2503 1462 2563 gratia.

417 2604 426 2620 ¹
447 2597 545 2631 Exod.
567 2609 632 2641 xm,
654 2608 687 2641 9.
708 2614 750 2621 -
768 2604 780 2620 ²
798 2596 899 2631 Galat.
915 2608 961 2639 ιιι,
980 2601 1014 2630 et
1029 2597 1129 2631 Hebr.
1150 2608 1194 2639 xi,
1212 2597 1246 2630 6.
1272 2615 1313 2621 —
1327 2596 1341 2622 3
1356 2600 1446 2631 Rom.
1462 2609 1506 2641 xi,
1525 2599 1558 2631 6.
