1872 3267
324 260 578 288 LOCUHONES
611 260 663 286 ut:
696 259 912 297 nummus,
950 261 1031 287 mu.
1070 257 1126 285 iv.
1362 249 1411 286 81

40 335 255 386 protantes
282 345 302 368 «
327 328 465 387 prima
492 327 563 371 die
584 326 741 370 mensis
757 360 768 381 ,
797 344 817 366 »
849 325 1131 370 necessariam
1153 323 1420 369 locutionem

39 398 428 457 praetermiserunt,
462 397 658 458 quamvis
689 412 712 440 a
739 397 951 441 sententia
980 396 1215 442 verborum
1239 412 1329 441 non
1351 411 1421 440 re-

38 477 258 512 cesscrmt.

100 538 387 583 LXXXVIII.
408 538 631 583 «Vitulum
643 553 781 582 unum
791 553 840 582 ex
848 538 1006 594 bobus,
1018 538 1196 582 arietem
1203 539 1359 581 unum¹
1375 557 1383 581 ;
1399 556 1419 578 »

42 623 131 653 non
159 608 241 663 ait,
272 627 292 651 «
312 623 362 652 ex
381 608 557 663 ovibus,
583 626 602 649 »
625 608 736 652 sicut
757 607 888 664 illud,
918 628 937 650 «
958 623 1010 652 ex
1028 606 1193 663 bobus,
1219 626 1238 649 »
1265 622 1366 652 cum
1382 616 1426 651 et

42 677 152 722 illud
172 678 206 722 si
225 678 411 734 deesset,
436 678 615 738 plenum
637 687 762 723 esset.

103 749 344 792 LXXXIX.
376 767 395 788 «
416 751 562 806 Agnos
582 747 809 793 anniculos
825 748 916 792 sine
936 747 1041 792 vitio
1062 756 1228 808 septem
1241 751 1258 775 2
1277 767 1286 792 :
1306 766 1325 788 »
1344 747 1428 792 hoc

44 819 165 879 quod
179 819 223 863 in
241 819 362 877 agnis
381 819 541 879 posuit,
569 839 588 861 «
604 819 695 864 sine
714 819 836 876 vitio,
856 839 875 861 »
898 835 974 880 per
989 819 1134 864 omnia
1148 819 1426 874 subauditur,

45 898 88 934 ct
109 889 153 933 in
175 888 311 934 vitulo
333 888 515 946 scilicet,
545 899 589 934 et
609 890 655 934 in
676 890 823 935 ariete.

104 962 196 1007 XC.
237 960 449 1005 «Decima
470 961 638 1006 decima
660 977 772 1021 agno
799 962 902 1017 uni,
937 971 1103 1022 septem
1134 961 1279 1021 agnis³
1303 981 1311 1006 :
1340 981 1360 1004 »
1387 960 1433 1006 id

47 1041 130 1087 est,
155 1031 323 1092 singula
341 1032 537 1092 singulis.

105 1105 222 1149 XCI.
255 1104 490 1164 «Exceptis
504 1105 615 1149 votis
628 1104 793 1159 vestris,
811 1113 854 1148 et
865 1102 1112 1149 voluntaria
1129 1114 1286 1161 vestra,
1303 1114 1346 1149 et
1359 1105 1435 1150 ho-

51 1194 71 1217 »
107 1174 417 1220 locaustomata
433 1185 589 1231 vestra,
607 1175 812 1221 sacrificia
824 1187 981 1232 vestra,
997 1185 1039 1220 et
1051 1175 1261 1221 libamina
1275 1187 1433 1233 vestra,

51 1264 71 1286 »
108 1254 151 1289 et
179 1245 380 1290 salutaria
402 1247 584 1290 vestra4.
614 1265 633 1288 n
663 1248 786 1290 Hanc
808 1245 1076 1291 locutionem
1093 1282 1103 1302 ,
1140 1247 1174 1291 si
1202 1247 1272 1292 vel
1299 1263 1440 1306 graeca

50 1324 174 1371 esset,
191 1331 280 1360 non
294 1325 515 1361 notarem:
537 1332 626 1361 non
644 1316 761 1361 enim
783 1317 841 1361 ait
867 1336 875 1361 :
907 1319 1143 1377 «Exceptis
1160 1319 1270 1363 votis
1287 1320 1438 1364 vestris

54 1405 75 1427 ))
110 1395 154 1431 et
164 1386 418 1432 voluntariis
439 1388 604 1443 vestris,
627 1406 647 1429 »
668 1397 711 1432 et
724 1397 895 1444 caetera,
911 1397 960 1433 ut
970 1398 1186 1449 coeperat,
1205 1391 1280 1434 sed
1298 1407 1443 1451 neque

52 1459 244 1517 Excepta
256 1466 358 1502 vota
373 1466 530 1513 vestra,
547 1467 598 1502 ut
610 1459 665 1503 ab
683 1458 776 1519 ipso
797 1458 920 1504 velut
934 1459 1179 1504 soloecismo
1196 1459 1410 1521 inciperet
1428 1482 1437 1506 :

51 1526 128 1572 sed
150 1543 250 1573 cum
272 1528 391 1588 prius
412 1537 528 1574 recte
551 1528 708 1574 usitata
727 1528 949 1574 locutione
967 1530 1166 1585 dixisset,
1198 1550 1217 1572 α
1239 1533 1444 1592 Exceptis

56 1616 77 1638 »
112 1598 224 1642 votis
235 1598 408 1655 vestris,
425 1617 446 1640 η
468 1614 518 1643 ea
534 1598 695 1643 deinde
714 1599 913 1659 adjunxit
929 1615 1006 1660 per
1023 1599 1158 1644 alium
1174 1617 1320 1647 casum
1332 1638 1343 1658 ,
1366 1603 1446 1647 ubi

54 1667 279 1712 subaudiri
299 1684 388 1712 non
402 1669 551 1728 possit,
582 1688 602 1711 «
619 1669 821 1728 exceptis,
847 1687 867 1710 »
893 1668 969 1713 sed
990 1680 1186 1730 excepta,
1213 1672 1335 1733 quod
1355 1689 1446 1718 non

56 1738 247 1784 admittit
268 1755 348 1784 nec
370 1754 507 1797 graeca
527 1755 607 1784 nec
629 1739 763 1784 latina
780 1739 960 1784 locutio.

114 1813 253 1855 XCII.
285 1829 303 1851 «
327 1813 495 1866 Homo,
522 1812 655 1855 homo
685 1811 954 1871 quicumque
973 1813 1141 1857 voverit
1175 1823 1330 1859 votum
1364 1818 1446 1861 Do-

61 1899 82 1922 »
116 1880 260 1924 mino⁵
285 1899 294 1925 ε
322 1899 342 1922 η
379 1896 458 1940 pro
481 1896 532 1925 eo
550 1880 678 1941 quod
699 1891 778 1936 est,
806 1881 947 1926 omnis
968 1882 1117 1927 homo.

117 1952 276 1995 CXIII.
316 1970 336 1993 «
368 1954 482 1997 Cum
513 1960 659 1996 autem
686 1952 842 1996 mulier
862 1953 1030 1998 voverit
1056 1962 1211 1998 votum
1234 1956 1444 2012 Domino,

65 2041 85 2063 »
121 2032 196 2067 aut
217 2022 433 2067 definierit
446 2022 699 2068 definitione
714 2023 759 2067 in
772 2023 903 2068 domo
919 2025 1053 2084 patris
1075 2025 1140 2069 sui
1160 2025 1451 2087 injuventute

0 2123 2 2129 .
66 2110 87 2133 »
121 2095 239 2137 sua⁶.
258 2093 375 2137 »Hic
399 2093 643 2149 mulierem,
659 2092 887 2138 foeminam
905 2094 1025 2150 dicit,
1048 2096 1214 2140 etiamsi
1232 2097 1356 2157 virgo
1377 2099 1448 2155 sit,

65 2177 183 2207 more
207 2163 525 2223 Scripturarum
545 2183 553 2208 :
578 2163 696 2208 unde
718 2164 847 2209 etiam
870 2163 925 2209 de
947 2165 1121 2212 Christo
1143 2176 1227 2224 est,
1252 2169 1375 2229 quod
1393 2170 1453 2215 ait

0 2267 4 2275 .
66 2233 324 2292 Apostolus,
354 2237 574 2279 «Factum
596 2250 647 2278 ex
668 2234 889 2279 mulierc⁷.
915 2254 935 2277 »

123 2306 280 2350 XCIV.
333 2325 353 2347 «
387 2309 444 2350 Et
480 2305 665 2350 audierit
691 2315 815 2366 pater
841 2308 934 2367 ejus
964 2316 1064 2352 vota
1100 2309 1191 2369 ejus
1225 2319 1268 2354 et
1295 2309 1454 2356 defini-

0 2383 3 2389 '
71 2391 92 2414 »
126 2374 264 2419 tiones
285 2376 391 2436 ejus,
407 2392 514 2438 quas
531 2375 728 2422 definivit
743 2378 774 2422 ⁸.
799 2377 1080 2424 Definitiones
1098 2378 1311 2437 definivit,
1341 2401 1360 2423 >›
1387 2382 1456 2427 lo-

0 2479 7 2487 .
71 2444 186 2490 cutio
208 2455 286 2491 est.

119 2547 128 2564 ¹
151 2542 245 2574 Num.
270 2552 359 2583 xxix,
378 2551 409 2575 2.
431 2559 472 2566 —-
492 2548 506 2566 ²
524 2543 605 2576 Ibid.
630 2560 674 2568 —-
701 2542 714 2567 3
733 2542 814 2577 Ibid.
836 2544 856 2588 4
875 2562 917 2570 —-
936 2544 953 2577 4
971 2545 1053 2579 Ibid.
1083 2546 1135 2590 39.
1164 2563 1205 2571 —-
1224 2546 1240 2572 ⁵
1260 2550 1306 2583 Id.
1327 2562 1403 2593 xxx,
1423 2553 1454 2585 3.

73 2611 115 2620 —-
137 2593 151 2618 G
169 2595 251 2628 Ibid.
268 2594 298 2636 ί..
319 2613 359 2619 —-
379 2603 392 2630 7
410 2597 590 2641 Gal.1v‚4.
614 2615 655 2622 -·
671 2598 686 2622 8
700 2601 792 2633 Num.
814 2611 892 2641 xxx,
913 2600 945 2644 4.

286 2660 408 2690 exui.
1224 2658 1248 2697 6
