1872 3267
394 185 472 223 134
733 207 736 210 ›
814 193 845 220 S.
885 195 1111 223 Auons'riw
1146 197 1323 223 smscom

856 299 1090 348 QUAESTIO
1122 302 1294 340 xxxvl.

450 420 470 443 α
498 403 562 445 ΕΤ
595 400 704 445 dixit
735 401 942 445 Dominus
973 400 1028 445 ad
1048 402 1268 446 Abraham
1295 421 1303 448 :
1326 405 1470 456 Quare
1489 403 1582 449 risit
1605 406 1706 450 Sara
1722 406 1768 451 in

389 489 410 514 »
446 471 673 530 semetipsa
699 470 848 515 dicens
879 489 887 515 :
927 473 1042 529 Ergo
1072 487 1172 517 vere
1205 473 1398 532 pariam?
1430 489 1508 533 ego
1531 484 1677 520 autem
1699 492 1768 522 se-

389 561 410 585 »
445 542 563 587 nui¹.
584 560 604 583 »
626 541 847 596 Quaeritur
865 556 998 601 quare
1014 543 1140 587 istam
1157 542 1388 602 redarguat
1417 545 1642 602 Dominus,
1667 562 1769 593 cum

388 623 432 659 et
459 614 680 659 Abraham
697 608 850 657 vriserit
865 648 876 669 ‚
906 613 987 657 nisi
1012 614 1113 674 quia
1133 613 1248 658 illius
1271 614 1379 660 risus
1405 614 1700 662 admirationis
1726 627 1770 663 et

387 684 552 729 laetitiae
575 683 674 739 fuit,
698 686 811 729 Sarae
829 692 975 728 autem
997 683 1302 742 dubitationis,
1327 694 1370 730 et
1386 686 1442 731 ab
1463 685 1539 732 illo
1560 687 1643 733 hoc
1660 687 1771 748 diju-

389 754 522 800 dicari
539 755 697 815 potuit,
717 754 794 815 qui
807 754 938 799 corda
955 754 1183 798 hominum
1200 755 1337 800 novit.

853 863 1033 913 QUAEST
1038 862 1089 903 10
1119 864 1312 903 XXXVII.

451 986 472 1010 «
486 969 684 1013 NEGAvrr
709 968 826 1023 Sara,
846 965 1014 1011 dicens:
1035 968 1133 1030 Non
1154 965 1222 1010 risi
1241 966 1410 1011 :timuit
1426 966 1582 1013 enim2.
1611 985 1631 1009 »
1656 969 1774 1022 Quo-
1839 983 1841 1030 j

388 1037 521 1083 modo
541 1036 845 1096 intelligebant
866 1039 1006 1081 Deum
1021 1051 1110 1080 esse
1131 1036 1205 1097 qui
1221 1034 1500 1096 loquebatur,
1524 1053 1626 1082 cum
1643 1038 1772 1083 etiam

389 1124 548 1168 negare
570 1124 671 1152 ausa
692 1109 746 1152 sit
764 1110 865 1153 Sara
887 1106 1008 1168 quod
1030 1107 1188 1162 riserit,
1210 1116 1419 1168 tanquam
1431 1108 1515 1152 hoc
1537 1107 1610 1152 ille
1631 1116 1773 1168 posset

389 1181 614 1239 ignorare:
639 1178 720 1222 nisi
743 1176 853 1223 forte
884 1180 984 1222 Sara
1006 1177 1204 1221 homines
1225 1193 1297 1222 eos
1319 1178 1523 1237 putabat,
1553 1178 1773 1223 Abraham
1837 1194 1839 1238 ᾗ

388 1266 491 1295 vero
520 1253 659 1294 Deum
690 1247 988 1307 intelligebat?
1018 1246 1102 1292 Sed
1124 1247 1253 1291 etiam
1280 1247 1371 1307 ipse
1394 1247 1467 1292 illa
1492 1248 1774 1294 humanitatis
1836 1287 1838 1294 ,

388 1320 531 1365 officia
558 1318 818 1379 praebendo,
843 1318 898 1362 de
925 1317 1085 1378 quibus
1116 1333 1245 1377 supra
1271 1317 1382 1374 dixi,
1415 1335 1515 1379 quae
1536 1320 1774 1365 necessaria
1836 1317 1837 1362 ἓ

387 1393 468 1438 nisi
490 1392 674 1436 infirmae
695 1390 814 1435 carni
839 1405 929 1434 esse
950 1406 1039 1434 non
1061 1399 1255 1449 possent,
1281 1391 1441 1434 mirum
1470 1391 1551 1435 nisi
1576 1392 1774 1436 homines

388 1464 508 1523 prius
526 1477 615 1506 esse
632 1462 865 1505 arbitratus
885 1469 948 1504 est
965 1480 973 1505 ;
998 1459 1074 1504 sed
1095 1459 1285 1505 fortassis
1302 1461 1347 1504 in
1364 1461 1522 1521 quibus
1544 1465 1683 1506 Deum
1708 1461 1775 1508 lo-
1834 1449 1837 1523 2
1870 1486 1872 1490 .

391 1534 467 1594 qui
494 1531 727 1586 intellexit,
754 1530 1016 1591 quibusdam
1045 1530 1202 1574 divinae
1231 1532 1463 1592 majestatis
1497 1532 1776 1578 existentibus
1834 1542 1835 1566 ἓ

390 1613 434 1648 et
456 1602 766 1662 apparentibus
787 1601 916 1660 signis
933 1637 943 1656 ,
969 1602 1079 1645 sicut
1107 1601 1153 1645 in
1174 1601 1426 1646 hominibus
1455 1602 1533 1646 Dei
1560 1618 1674 1663 saepe
1696 1619 1776 1664 ap·
1833 1604 1835 1644 J

390 1674 581 1735 paruisse
612 1673 831 1732 Scriptura
862 1680 1058 1716 testatur.
1096 1670 1179 1716 Sed
1210 1687 1358 1716 rursus
1380 1673 1612 1733 quaeritur,
1649 1674 1683 1717 si
1717 1673 1776 1719 ita

390 1755 469 1801 est,
487 1744 604 1789 unde
620 1743 807 1802 Angelos
825 1742 955 1786 fuisse
968 1750 1115 1801 postea
1137 1743 1434 1800 cognoverint,
1451 1743 1532 1787 nisi
1547 1741 1659 1788 forte
1675 1759 1776 1790 cum

390 1817 450 1861 eis
474 1815 722 1861 videntibus
744 1815 789 1858 in
813 1813 975 1858 coelum
997 1813 1160 1856 iissent.

844 1933 1080 1983 QUAESTIO
1112 1934 1323 1974 xxxvnl.

453 2059 473 2082 «
504 2041 598 2084 Sem
621 2038 738 2083 enim
774 2038 875 2098 quia
904 2036 1137 2081 constituet
1163 2034 1260 2080 filiis
1288 2036 1398 2091 suis,
1429 2044 1473 2080 et
1500 2036 1652 2081 domui
1686 2052 1776 2081 suae

393 2130 415 2154 >›
449 2120 547 2171 post
567 2126 632 2164 se,
669 2119 711 2154 et
728 2108 974 2154 custodient
994 2107 1082 2151 vias
1106 2106 1301 2162 Domini,
1329 2116 1371 2152 et
1399 2106 1542 2152 facere
1562 2107 1775 2168 justitiam
1828 2116 1830 2151 ζ

393 2201 414 2224 »
451 2191 494 2225 et
511 2180 726 2241 judicium
742 2216 752 2235 ,
784 2188 833 2223 ut
855 2177 1043 2223 adducat
1068 2177 1275 2221 Dominus
1296 2177 1342 2221 in
1369 2178 1587 2222 Abraham
1605 2178 1771 2234 omnia,

392 2271 415 2294 )›
450 2268 548 2312 quae
566 2250 737 2308 locutus
759 2248 893 2293 estad
914 2247 1079 2291 illum&
1114 2266 1133 2288 >³
1159 2251 1272 2292 Ecce
1290 2248 1366 2292 ubi
1389 2248 1604 2307 promittit
1622 2248 1773 2292 Domi-

389 2339 472 2368 nus
504 2322 692 2367 Abrahae
714 2336 802 2364 non
831 2319 972 2364 solum
993 2318 1167 2378 praemia
1182 2354 1192 2373 ,
1230 2318 1306 2362 sed
1324 2319 1453 2362 etiam
1481 2317 1773 2363 obedientiam

386 2393 565 2454 justitiae
588 2391 775 2435 filiorum
793 2391 898 2450 ejus,
924 2399 972 2432 ut
993 2389 1103 2433 circa
1121 2404 1191 2432 eos
1214 2389 1342 2433 etiam
1366 2389 1541 2448 praemia
1564 2389 1771 2449 promissa

395 2463 711 2523 compleantur.

441 2567 447 2581 ¹
478 2562 555 2589 Gon.
577 2571 664 2597 xviri,
696 2557 744 2588 13.
763 2574 802 2579 --
823 2564 834 2578 ⁹-
852 2557 929 2587 lbid.
956 2556 1004 2586 ις’).
1034 2572 1068 2578 ·-=-
1089 2554 1101 2577 3
1124 2555 1201 2586 niul.
1234 2566 1283 2596 19.
