1872 3267
8 2802 19 2935 22207-ffr

344 274 614 314 QUAESTmNES
644 277 689 303 ιΝ
723 275 931 313 ΕΧοουΜ,
967 277 1050 302 Lm.
1087 277 1134 301 11.
1349 263 1433 302 275

50 341 208 386 tortilia
222 373 234 396 ‚
259 356 360 402 quae
382 356 518 400 graece
534 350 748 386 vocantur
771 349 937 398 στρεπτάς
962 339 1032 385 vel
1051 338 1276 384 canalibus
1291 374 1302 395 ,
1323 339 1436 384 sicut

44 421 146 456 sunt
177 410 394 457 columnae
416 411 611 469 tortile33
636 420 713 456 aut
743 410 974 470 implicatis
997 409 1168 455 duabus
1188 409 1368 469 virgulis
1389 411 1438 454 in

46 482 226 528 modum
246 484 383 538 restis,
402 482 658 527 sicut.etiam
676 491 852 543 torques
868 482 961 526 fieri
974 480 1128 526 solent.
1147 480 1277 534 Quod
1289 491 1437 525 autem

47 553 127 598 ait:
147 573 167 596 «
182 557 240 598 Et
254 552 485 599 fabricabis
503 553 566 598 illi
582 562 772 614 quatuor
789 553 974 599 annulos
993 569 1161 609 aureos⁷
1177 562 1221 597 et
1239 554 1436 614 impones

50 634 71 666 ›5
105 640 236 685 super
255 635 445 686 quatuor
465 625 599 671 latera
616 660 627 681 ,
653 624 763 670 duos
785 625 969 670 annulos
994 625 1042 669 in
1061 624 1175 670 latus
1196 641 1358 681 unum,
1393 634 1437 669 et

50 714 70 738 »
105 695 214 741 duos
233 696 416 742 annulos
433 696 607 741 inlatus
624 696 914 742 secundum1:
935 715 957 739 ³)
977 695 1034 741 ad
1047 705 1236 757 quatuor
1254 694 1438 755 angulos

47 776 285 812 occurrunt
300 778 491 829 quatuor
507 768 660 812 annuli
676 768 836 827 singuli
851 769 898 812 in
919 767 1112 827 singulis,
1139 777 1183 812 et
1201 766 1279 829 per
1297 780 1438 826 angu-

46 837 190 883 lorum
212 854 445 883 numerum
462 840 527 895 fit,
548 849 598 883 ut
620 840 742 900 quod
759 841 803 883 in
822 839 995 884 duobus
1017 839 1224 883 lateribus
1242 839 1437 900 ponitur,

48 910 95 954 in
112 911 316 955 omnibus
333 920 524 971 quatuor
544 922 749 972 ponatur.
778 914 895 956 Unus
919 912 1035 955 enim
1054 910 1241 971 angulus
1265 910 1441 955 duobus

48 979 258 1025 lateribus
291 982 535 1026 communis
558 992 629 1026 est
651 1002 660 1027 ε
694 982 887 1043 alioquin
920 998 1009 1026 non
1038 984 1248 1037 occurrit,
1274 992 1326 1025 ut
1348 981 1442 1025 bini

49 1051 201 1095 annuli
233 1062 455 1112 ponantur
487 1068 565 1113 per
591 1062 780 1114 quatuor
807 1053 966 1107 latera⁷
1001 1067 1102 1097 cum
1131 1053 1216 1096 sint
1248 1062 1442 1112 quatuor

50 1123 200 1167 annuli
218 1145 229 1181 3
249 1134 348 1169 octo
372 1126 536 1185 quipp-e
553 1141 643 1170 esse
663 1125 929 1173 debuerunt,
947 1125 980 1168 si
1001 1124 1125 1168 aliter
1140 1123 1441 1183 intelligimus,

51 1210 182 1254 quam
211 1196 333 1256 quod
355 1195 442 1240 dixi
472 1198 566 1241 fieri
588 1213 772 1242 numero
800 1196 1080 1255 angulorum.
1115 1195 1186 1240 Ad
1212 1196 1297 1240 hoc
1324 1197 1444 1240 enim

51 1266 201 1311 annuli
218 1267 262 1310 in
281 1268 451 1327 angulis
467 1278 709 1328 ponuntur,
730 1284 821 1329 quo
840 1266 1106 1312 inducamur
1122 1268 1446 1327 subportatoria

50 1335 121 1381 vel
134 1339 378 1396 gestatoria,
397 1340 558 1399 quibus
575 1355 672 1384 arca
686 1355 709 1383 a
727 1348 917 1399 quatuor
929 1339 1182 1384 hominibus
1194 1339 1298 1384 hinc
1312 1349 1446 1400 atque

51 1406 155 1453 inde
178 1419 390 1469 portetur.

569 1507 806 1558 QUAESTIO
839 1507 918 1549 ev.

114 1611 489 1654 Pnomnmomuu
528 1610 637 1670 quid
677 1608 793 1654 dicat
834 1608 1283 1669 superimponendum
1320 1627 1450 1671 super
1483 1650 1486 1652 μ

53 1683 242 1736 arcan1²‚
268 1681 406 1740 quaeri
428 1681 558 1726 solet:
584 1679 660 1725 sed
683 1697 783 1725 eum
806 1696 989 1725 aureum
1015 1681 1109 1725 fieri
1125 1681 1281 1741 jubeat
1296 1718 1307 1738 ,
1333 1684 1448 1743 ejus-

51 1762 138 1811 que
155 1750 476 1807 longitudinem
493 1758 538 1794 et
554 1750 834 1795 latitudinem
851 1760 1020 1796 tantam
1036 1752 1264 1811 exprimat,
1282 1763 1449 1814 quanta

50 1827 94 1865 et
110 1821 242 1880 ipsius
263 1836 375 1866 arcae
401 1821 519 1865 dicta
540 1829 605 1865 est
618 1855 629 1876 ,
659 1820 817 1881 procul
838 1819 976 1865 dubio
996 1821 1120 1865 velut
1149 1822 1347 1868 tabulam
1369 1841 1448 1870 au·-

51 1907 168 1938 ream
189 1901 323 1938 tantae
351 1891 504 1939 formae
526 1892 620 1937 fieri
643 1892 864 1953 praecipit,
885 1908 974 1953 qua
995 1901 1217 1951 tegeretur
1239 1910 1337 1939 arca
1359 1915 1367 1940 :
1387 1896 1450 1941 ita

51 1972 101 2008 ut
122 1964 169 2008 in
188 1965 282 2024 ipso
304 1964 605 2024 propitiatorio
628 1972 771 2008 essent
786 1963 876 2008 duo
898 1963 1137 2023 Cherubim
1154 1999 1165 2021 ‚
1190 1964 1294 2010 hinc
1316 1975 1450 2027 atque

50 2033 152 2079 inde
172 2033 433 2080 alterutrum
461 2033 735 2080 attendentes
749 2069 761 2090 ‚
786 2034 847 2079 ita
869 2043 919 2078 ut
936 2034 1086 2080 vultus
1107 2050 1261 2080 eorum
1279 2036 1326 2080 in
1346 2053 1447 2097 pro—

51 2106 319 2166 pitiatorium
340 2116 483 2151 essent
497 2141 508 2162 ‚
533 2115 576 2150 et
597 2106 752 2166 pennis
778 2106 864 2151 suis
892 2107 1212 2153 obumbrarent
1232 2109 1447 2169 propitia-

52 2179 230 2223 torium:
255 2178 377 2240 quod
395 2193 606 2237 magnum
630 2187 694 2223 est
715 2188 1052 2223 sacramentum.
1079 2182 1252 2224 Aurum
1282 2182 1447 2242 quippe

50 2248 262 2308 signifieat
278 2249 535 2310 sapientiam
547 2284 557 2304 ,
580 2264 678 2294 arca
694 2248 910 2308 significat
931 2259 1145 2295 secretum
1163 2252 1257 2295 Dei.
1283 2256 1335 2296 ln
1349 2269 1447 2299 arca

45 2319 160 2380 jussa
181 2330 284 2366 sunt
305 2321 410 2380 poni
433 2324 544 2375 Lex⁷
569 2329 614 2364 et
633 2335 793 2364 manna
810 2355 823 2375 ‚
847 2330 892 2365 et
911 2321 1032 2379 virga
1053 2325 1201 2367 Aaron
1231 2338 1239 2363 ε
1265 2323 1311 2366 in
1329 2326 1446 2383 Lege

51 2402 266 2452 praecepta
288 2402 390 2436 sunt
403 2427 414 2447 ,
434 2392 558 2450 ,virga
577 2400 767 2452 potestas
788 2393 1074 2452 significatur,
1095 2409 1256 2438 manna
1276 2396 1411 2454 gratia
1429 2417 1442 2454 3

51 2462 151 2522 quia
171 2464 253 2508 nisi
275 2479 378 2509 cum
414 2464 551 2523 gratia
581 2479 674 2508 non
698 2472 762 2508 est
787 2473 977 2524 potestas
999 2475 1217 2526 praecepta
1239 2465 1442 2513 faciendi.

52 2534 365 2579 Verumtamen
395 2535 498 2595 quia
520 2537 609 2578 Lex
630 2551 655 2578 a
677 2535 833 2595 quovis
856 2536 1110 2595 proficiente
1131 2552 1223 2581 non
1244 2553 1296 2581 ex
1325 2538 1446 2582 omni

93 2637 109 2658 *¹
131 2632 229 2665 Exod.
246 2644 322 2674 xxv,
346 2642 395 2664 12.
416 2650 458 2655 —
478 2639 490 2655 2
507 2633 590 2664 Ibid.
619 2643 670 2674 ¹7·

1165 2690 1226 2727 18.
