1872 3267
336 237 591 265 Locinoixns
624 239 676 264 m:
711 239 928 275 muruco,
970 239 1046 263 mu.
1086 238 1148 263 ιιι.
1386 225 1439 262 65

118 306 368 347 XXXVlll.
395 323 414 345 «
436 307 491 348 Et
516 304 647 348 homo
669 304 930 363 cuicumque
952 303 1101 346 exierit
1131 319 1180 345 cx
1205 317 1254 346 co
1277 316 1442 345 concu-

60 391 81 414 >›
115 374 233 418 bitus
249 374 420 418 seminis
442 377 472 417 ².
501 393 519 414 n

116 447 323 488 XXXIX.
349 443 450 488 (Et
471 460 601 489 omne
636 459 766 504 super
788 444 1100 504 quodcumque
1133 443 1295 487 dormit
1316 457 1445 502 super

60 533 81 556 »
117 514 227 560 illud
246 535 254 560 ε
280 525 324 560 et
347 531 476 560 omne
497 531 627 575 super
649 515 769 576 quod
787 515 946 559 sederit
966 529 1094 574 super
1107 513 1232 569 illud,
1252 513 1446 558 immun-

64 606 81 627 »
117 585 224 630 dum
247 587 328 631 erit
345 590 378 630 Ἰ.
408 605 428 627 »

116 660 209 701 XL.
235 659 328 701 «Et
347 657 516 701 emittet
532 657 578 700 in
599 672 733 701 manu
750 657 937 701 hominis
955 655 1092 716 parati
1111 656 1157 699 in
1171 657 1408 700 eremum&
1424 672 1445 696 n

58 727 103 772 id
126 737 210 783 est,
236 728 420 772 Emittet
437 728 484 771 in
499 742 693 771 eremum
708 728 752 771 in
769 744 903 772 manu
917 727 1104 771 hominis
1120 725 1270 771 adhoc
1287 726 1448 786 parati,

57 797 113 842 de
130 799 252 843 hirco
269 798 488 843 emissario
503 798 768 858 loquebatur
785 814 887 843 cum
902 799 986 843 hoc
997 796 1185 842 diceret:
1206 796 1451 842 notandum

58 878 123 913 est
145 879 291 914 autem
313 868 536 930 quomodo
553 868 669 914 dicat
693 870 914 929 Scriptura
931 905 941 924 ‚
968 889 987 912 «
1012 869 1057 913 in
1079 884 1228 913 manu.
1249 886 1270 909 ι)

116 943 216 984 XLI
225 975 233 984 .
259 959 279 982 «
305 943 470 995 Homo,
496 940 628 984 homo
648 940 837 984 filiorum
854 940 985 984 Israel
1001 941 1015 965 ‘¹
1035 959 1044 984 :
1067 959 1086 981 »
1112 939 1158 983 id
1175 949 1260 995 est,
1287 955 1337 983 ex
1353 939 1451 984 filiis

60 1011 221 1069 Israe13
245 1012 323 1055 ista
346 1021 492 1055 autem
524 1012 724 1071 repetitio
753 1011 996 1073 quemlibet
1031 1011 1255 1055 hominem
1278 1009 1451 1055 videtur

58 1083 321 1142 significare,
346 1082 393 1127 id
414 1083 563 1127 estille
581 1093 656 1128 aut
676 1083 764 1127 ille.

117 1157 257 1198 XLII.
277 1174 297 1196 «
322 1154 657 1214 Turpitudinem
671 1153 804 1214 patris
823 1154 887 1198 tui
905 1163 948 1198 et
967 1153 1284 1214 turpitudinem
1303 1154 1453 1198 matris

61 1244 82 1267 »
119 1235 205 1269 tuae
227 1241 317 1269 non
340 1223 550 1269 revelabis
566 1226 605 1268 ⁵:
625 1242 645 1265 ι)
670 1225 752 1268 hac
773 1223 996 1270 locutione
1009 1225 1296 1271 concubitum
1312 1225 1452 1270 vetuit

57 1312 158 1341 cum
172 1297 238 1340 his
262 1296 469 1356 personis.

117 1370 276 1411 XLIII.
307 1387 326 1409 «
354 1365 689 1426 Turpitudinem
712 1364 855 1411 fratris
876 1367 1010 1426 patris
1035 1367 1097 1412 tui
1115 1383 1204 1412 non
1221 1366 1449 1422 revelabis,

62 1458 83 1481 »
119 1449 163 1484 et
184 1441 239 1483 ad
272 1455 451 1484 uxorem
474 1439 564 1498 ejus
591 1454 680 1483 non
709 1439 936 1483 introibis:
961 1439 1208 1498 propinqua
1239 1439 1355 1482 enim
1382 1448 1454 1483 tua

62 1529 82 1552 ι)
119 1513 232 1556 est02
258 1520 323 1565 et,
352 1529 372 1552 n
398 1510 564 1570 posuit,
596 1525 698 1570 pro,
728 1508 775 1553 id
797 1517 884 1566 est3
907 1509 1023 1552 hanc
1045 1509 1161 1552 enim
1189 1509 1295 1553 dicit
1317 1509 1452 1570 turpi-

58 1581 259 1625 tudinem
291 1580 435 1624 fratris
457 1580 589 1639 patris
623 1581 735 1640 ejus,
762 1579 807 1624 id
829 1588 907 1635 est,
932 1579 1253 1639 turpitudinem
1289 1581 1449 1640 patrui,

59 1650 266 1711 pudenda
282 1650 427 1694 uxoris
448 1650 607 1709 patrui.

119 1724 274 1765 XLIV.
305 1740 325 1763 «
350 1724 407 1764 Et
437 1719 663 1764 exhorruit
698 1728 811 1764 terra
848 1735 942 1776 eos,
983 1722 1059 1781 qui
1095 1722 1287 1767 insident
1322 1737 1454 1782 super

65 1810 86 1833 ι)
121 1794 242 1836 eam⁷
271 1811 280 1837 :
309 1809 329 1832 »
349 1790 395 1835 id
416 1799 500 1845 est,
526 1789 646 1834 sedes
668 1790 846 1845 liabent,
867 1790 986 1852 quod
1004 1801 1083 1846 est,
1107 1792 1324 1837 habitant.

10 1909 13 1924 Ι
120 1865 254 1908 XLV.
287 1882 306 1905 «
330 1866 388 1908 Et
408 1862 752 1923 permetentibus
777 1861 899 1906 vobis
916 1878 1100 1908 messem
1131 1873 1254 1909 terra:
1276 1873 1454 1919 vestrae,

67 1953 86 1976 n
122 1950 210 1979 non
237 1934 466 1994 perficietis
488 1948 671 1977 messem
692 1942 877 1977 vestram
911 1934 1003 1993 agri
1026 1934 1089 1978 tui
1112 1937 1402 1994 permetereS.
1430 1954 1453 1975 ι)

11 1999 12 2003 “
64 2009 158 2050 Hoc
179 2005 300 2066 quod
329 2022 353 2050 a
388 2004 547 2065 plurali
582 2005 739 2064 coepit,
776 2014 819 2050 et
840 2005 894 2049 ad
923 2005 1187 2063 singularem
1219 2022 1454 2051 numerum

10 2083 15 2127 ῖ,
62 2076 310 2121 terminavit
330 2112 340 2132 ‚
380 2075 578 2136 plerique
613 2075 737 2119 latini
765 2076 1038 2135 interpretari
1067 2075 1305 2121 noluerunt
1324 2113 1334 2133 ,
1379 2077 1457 2122 sed

10 2139 14 2187 f
63 2145 301 2190 dixerunt«
327 2146 414 2204 agri
437 2145 594 2200 vestri,
614 2163 634 2188 n
661 2145 736 2189 ubi
758 2146 925 2190 dictum
941 2156 1003 2191 est
1031 2166 1049 2189 «
1069 2148 1160 2205 agri
1172 2148 1235 2192 tui
1254 2183 1264 2203 ,
1289 2166 1309 2189 >›
1330 2148 1454 2208 quasi

64 2232 228 2276 graecus
249 2217 332 2261 hoc
350 2232 444 2260 nou
462 2224 605 2275 posset
626 2215 768 2260 dicere
788 2235 796 2261 ι
814 2216 950 2275 magis
961 2232 1065 2276 ergo
1081 2217 1244 2263 locutio
1260 2218 1453 2263 notanda

60 2286 147 2333 fuit
167 2302 300 2347 quam
324 2285 610 2330 emendanda.

124 2361 276 2402 XLVI.
299 2377 317 2398 «
344 2357 619 2418 Quicumque
642 2358 856 2418 acceperit
877 2374 1069 2404 sororem
1105 2376 1228 2404 suam
1256 2377 1307 2405 ex
1329 2371 1453 2422 patre

70 2446 90 2470 »
124 2444 200 2473 suo
222 2437 298 2472 aut
320 2444 369 2471 ex
390 2437 526 2471 matre
549 2444 650 2483 sua,
675 2437 717 2471 et
739 2428 896 2472 viderit
928 2430 1242 2489 turpitudinem
1271 2433 1382 2491 ejus,
1408 2441 1455 2476 et

115 2532 121 2546 ¹
146 2527 221 2556 Lev.
243 2535 297 2564 xv,
324 2525 435 2555 1‹3.-—
452 2529 464 2545 2
484 2524 564 2555 thid.
590 2534 643 2555 Ἡ.
670 2541 710 2546 -—
728 2523 740 2545 3
766 2524 811 2555 Μ.
835 2536 900 2563 xvi,
922 2535 975 2556 21.
993 2524 1062 2554 ——fi
1084 2526 1129 2557 hl.
1152 2538 1232 2568 xvn,
1259 2527 1290 2559 3.
1312 2543 1352 2549 ——-
1371 2525 1450 2560 51·1.

71 2591 159 2622 xviii,
180 2590 209 2621 7.
231 2596 272 2601 —-
289 2578 303 2600 ‘³'
324 2579 402 2610 ibid.
429 2578 477 2620 iti.
500 2586 571 2611 -ῖ
600 2579 678 2610 lbial.
700 2579 753 2611 ἐὶ
776 2597 815 2602 -—
834 2579 847 2601 8
870 2581 912 2611 l·l.
938 2592 1000 2612 xix.
1021 2594 1051 2624 9,

230 2644 351 2673 cxxii.
1244 2637 1269 2676 5
