1872 3267
390 297 475 337 374
813 309 847 338 S.
883 308 1114 341 Auens‘nm
1145 314 1327 342 EPISCOPI

388 377 499 431 tari,
540 375 750 420 sacerdoti
787 378 902 421 enim
934 378 1209 425 debebantur
1246 396 1345 424 cum
1371 381 1555 425 brachiis
1583 380 1765 438 dextris,

388 446 495 508 quid
527 447 608 491 sibi
631 446 755 492 vult?
778 450 847 492 An
879 449 1212 509 intelligendum
1244 460 1307 495 est
1331 471 1339 495 :
1376 454 1433 495 Et
1456 452 1601 511 posuit
1623 452 1769 512 adipes

387 520 463 580 qui
484 528 586 563 sunt
614 534 743 578 super
763 519 1044 578 pectuscula?
1067 521 1179 580 ipsos
1208 521 1323 565 enim
1346 522 1515 580 posuit,
1548 538 1657 582 quos
1683 522 1768 566 im-

387 598 569 650 poneret
592 588 715 632 altari
738 605 761 632 a
784 589 1042 648 pectusculis
1062 590 1276 651 demptos.
1294 594 1402 636 Nam
1431 592 1486 635 ita
1515 601 1558 635 et
1574 592 1768 651 superius

385 668 665 720 praeceperat.
684 659 880 719 Denique
897 661 1118 720 sequitur,
1145 679 1166 704 «
1184 665 1240 706 Et
1256 662 1462 722 imposuit
1475 661 1621 721 adipes
1641 677 1769 722 super

390 750 411 773 »
428 717 586 786 altare,
619 740 663 774 et
684 730 981 789 pectusculum
1016 741 1059 775 et
1095 732 1321 776 brachium
1355 732 1558 776 dextrum
1590 733 1770 777 abstulit

390 821 410 844 >›
437 806 583 846 Aaron
604 800 868 845 ablationem
887 810 984 845 ante
1000 802 1237 846 Dominum
1263 823 1271 847 :
1303 821 1322 844 »
1348 802 1479 847 modo
1497 802 1770 861 singulariter

387 874 578 918 inferens
598 907 609 929 ‚
643 882 687 917 et
720 873 1023 933 pectusculum
1055 874 1224 930 dicens,
1261 874 1414 934 utique
1449 883 1687 935 utrumque
1719 890 1769 918 ex

387 954 575 1004 utroque
597 944 836 1000 animante,
857 960 955 1005 quae
977 943 1228 1003 pectuscula
1247 943 1427 989 dixerat.

859 1041 1095 1091 QUAESTIO
1126 1043 1302 1082 xxviii.

447 1148 563 1198 Qun)
585 1153 647 1188 est
665 1144 785 1204 quod
799 1144 877 1196 ait⁷
905 1162 924 1184 «
945 1145 1057 1187 Cum
1075 1142 1294 1186 extulisset
1311 1145 1456 1187 Aaron
1477 1158 1631 1187 manus
1643 1159 1771 1203 super

390 1234 412 1259 >›
438 1214 652 1275 populum
667 1250 677 1270 ‚
719 1213 940 1258 benedixit
970 1229 1067 1268 eos,
1107 1223 1150 1257 ct
1186 1212 1407 1257 descendit
1422 1249 1432 1268 ‚
1472 1229 1572 1257 cum
1605 1212 1772 1258 fecisset
1825 1271 1828 1282 ,

391 1307 410 1329 »
432 1285 553 1347 quod
568 1301 644 1345 pro
657 1293 851 1344 peccato,
869 1293 911 1328 ct
923 1283 1313 1338 holocaustomata,
1331 1292 1373 1326 et
1387 1300 1485 1344 quae
1499 1283 1768 1329 salutaris1P»

387 1357 473 1402 Ubi
496 1364 642 1400 autem
664 1354 745 1398 ista
766 1352 891 1408 fecit,
925 1354 1005 1397 nisi
1032 1369 1161 1412 super
1195 1353 1327 1397 altare
1342 1389 1353 1409 ‚
1376 1354 1423 1397 id
1445 1363 1529 1409 est,
1560 1354 1616 1398 ad
1639 1354 1772 1400 altare

387 1439 504 1473 stans
535 1427 661 1487 eique
694 1425 962 1469 deserviens?
990 1424 1097 1468 Inde
1128 1440 1231 1483 ergo
1262 1423 1487 1469 descendit
1508 1425 1585 1469 ubi
1611 1427 1768 1471 stabat.
1824 1430 1827 1440 ’

386 1499 603 1545 Nimirum
618 1495 733 1540 illius
755 1494 913 1539 solutio
935 1495 1185 1554 quaestionis
1203 1494 1397 1555 adjuvari
1419 1495 1502 1539 hoc
1524 1495 1772 1540 testimonio

386 1568 582 1623 videtur,
607 1567 685 1610 ubi
707 1565 1013 1626 quaesieramus
1034 1564 1081 1607 in
1098 1564 1251 1609 Exodo
1273 1564 1496 1625 quomodo
1519 1565 1666 1610 serviri
1694 1582 1773 1626 po-

387 1640 520 1685 tuerit
541 1637 596 1682 ad
618 1637 751 1681 altare
765 1640 804 1691 ².-
830 1634 950 1696 quod
968 1644 1058 1678 erat
1081 1633 1215 1678 altum
1229 1635 1385 1679 cubitis
1403 1635 1566 1679 tribus?
1580 1636 1773 1681 Gradum
1822 1678 1825 1682 Α
1861 1648 1866 1655 ’

387 1712 552 1772 quippe
580 1707 668 1752 illic
705 1706 945 1764 intelligere
968 1706 1327 1765 prohibebamur,
1355 1707 1456 1767 quia
1483 1705 1528 1750 id
1554 1710 1667 1752 Deus
1694 1723 1771 1753 ve-

388 1790 553 1835 tuerat,
578 1795 634 1823 ne
655 1793 784 1838 super
800 1777 932 1821 altare
954 1775 1160 1836 pudenda
1181 1776 1319 1821 virilia
1346 1777 1626 1822 ministrantis
1647 1794 1771 1824 reve—

388 1853 604 1906 larentur‚
630 1847 751 1909 quod
773 1848 926 1908 utique
948 1847 1094 1902 fieret,
1123 1847 1157 1890 si
1176 1862 1273 1906 pars
1295 1845 1440 1891 altaris
1462 1847 1618 1906 gradus
1635 1859 1769 1905 esset,

389 1923 434 1968 id
447 1932 525 1977 est,
542 1922 574 1965 si
587 1928 837 1979 compactus
853 1917 1108 1962 adhaereret.
1124 1918 1321 1977 Denique
1336 1918 1396 1961 ibi
1418 1919 1502 1963 hoc
1525 1920 1679 1973 vetuit,
1695 1921 1771 1964 ubi
1822 1962 1824 1966 ,
1862 1928 1866 1933 “

389 1995 445 2039 de
467 1992 591 2037 altari
612 1988 796 2034 structili
816 1987 1105 2048 loquebatur,
1123 2003 1261 2030 unum
1280 1988 1396 2030 enim
1409 1997 1494 2031 esst
1515 1988 1647 2032 altare
1670 2005 1770 2033 cum

390 2063 530 2124 gradu
550 2062 672 2121 cujus
694 2075 791 2119 pars
818 2067 926 2102 esset
953 2056 1110 2115 gradus
1127 2092 1138 2111 ,
1170 2066 1213 2100 et
1239 2056 1336 2101 ideo
1363 2058 1547 2102 vetitum
1573 2069 1637 2103 est
1658 2079 1666 2103 :
1701 2061 1771 2105 hic
1826 2087 1827 2090 =
1867 2055 1868 2058 ¹

388 2149 492 2180 vero
508 2132 587 2176 ubi
600 2129 743 2174 altaris
762 2137 881 2172 tanta
896 2126 1037 2170 suerat
1051 2125 1236 2171 altitudo
1248 2162 1258 2182 ,
1277 2136 1327 2170 ut
1338 2127 1419 2171 nisi
1436 2127 1631 2173 sacerdos
1644 2145 1772 2190 super
1826 2127 1827 2130 ¹
1866 2122 1867 2125 Ἴ

392 2201 558 2263 aliquid
579 2209 712 2245 staret
728 2235 738 2254 ‚
765 2208 864 2258 apte
888 2198 1128 2241 ministrare
1150 2214 1239 2242 non
1260 2207 1423 2257 posset,
1440 2198 1770 2257 intelligendum
1830 2210 1831 2214 ’
1869 2211 1872 2238 ι’

390 2284 456 2320 est
471 2309 482 2329 ⁷
508 2270 725 2333 quidquid
746 2268 855 2313 illud
885 2278 998 2324 erat,
1039 2267 1160 2329 quod
1194 2268 1249 2313 ad
1273 2270 1425 2313 horam
1448 2270 1772 2316 ministrationis

389 2344 638 2406 ponebatur
654 2350 697 2385 et
725 2338 1026 2393 auferebatur,
1053 2355 1142 2383 non
1164 2338 1293 2382 fuisse
1327 2338 1471 2383 altaris
1502 2350 1693 2398 partem,
1729 2352 1772 2386 et

392 2415 491 2460 idco
521 2429 610 2457 non
637 2410 766 2456 fuisse
788 2418 936 2453 contra
968 2419 1260 2468 praeceptum,
1291 2425 1378 2469 quo
1401 2409 1581 2467 gradum
1610 2411 1772 2456 habere
1825 2434 1828 2437 ι
1864 2435 1866 2444 ,η

389 2484 663 2546 prohibitum
685 2490 748 2525 est
773 2500 781 2524 ;
806 2480 889 2523 hoc
925 2489 1070 2523 autem
1102 2479 1421 2540 ‹Alualecumquc
1455 2479 1608 2536 fuerit,
1634 2482 1770 2526 tacuit

395 2557 613 2615 Scriptura
627 2589 637 2609 ,
663 2562 706 2597 et
726 2551 823 2596 ideo
844 2551 1026 2610 quaestio
1048 2548 1161 2595 facta
1183 2560 1260 2595 est.
1289 2551 1373 2596 Sed
1394 2568 1511 2598 nunc
1543 2568 1643 2598 cum
1666 2552 1771 2598 dicit

444 2661 453 2676 ¹
470 2654 573 2686 Levit.
593 2663 639 2693 lx,
658 2661 711 2683 22.
732 2667 773 2673 --
793 2657 805 2673 ²
826 2648 895 2681 Lib.
915 2660 952 2690 ιι,
970 2654 1081 2691 quaest.
1099 2659 1180 2680 exui.
