1872 3267
349 214 614 252 φιλ-3111111115
647 216 687 241 m
722 214 939 252 GENEStM,
976 217 1057 241 riu.
1096 217 1123 241 1.
1350 206 1430 243 173

5 255 7 334 i
48 296 137 326 esse
160 289 411 340 potuerunt.
433 281 595 339 Viginti
616 296 804 341 namque
822 296 957 325 annos
975 280 1061 325 illic
1090 280 1302 340 explevit,
1323 297 1435 342 quo-

5 352 9 400 ἱ
50 368 144 397 rum
162 352 309 411 primis
327 361 491 412 septem
513 352 604 396 sine
625 352 828 412 conjugio
854 352 957 407 fuit,
984 352 1123 397 donec
1143 352 1370 397 serviendo
1389 354 1434 398 id

48 423 366 483 adipisceretur.
399 425 450 467 [t
470 439 572 481 ergo
586 423 725 482 primo
749 439 884 477 anno,
910 440 998 483 quo
1021 423 1145 467 duxit
1167 439 1345 468 uxorem
1362 460 1372 480 ‚
1394 425 1434 468 ei

7 516 9 551 1
47 493 159 538 filius
181 503 453 548 nasceretur,
480 492 714 538 duodecim
747 509 962 538 annorum
985 509 1074 537 esse
1107 493 1252 552 potuit
1285 494 1434 553 primi-

7 578 10 600 1
48 565 184 619 tivus‚
210 580 311 608 cum
335 563 436 607 inde
463 562 683 623 profectus
715 573 793 608 cst.
822 564 1008 608 Proinde
1029 564 1064 607 si
1083 564 1173 623 jam
1198 573 1434 624 conceptus

47 633 188 680 fuerat
231 634 479 694 Benjamin,
529 635 642 678 intra
687 633 837 679 decem
871 650 1038 679 menses
1068 633 1142 678 illa
1184 635 1323 679 omnis
1364 635 1434 679 via

47 714 217 766 peracta
239 714 324 759 est,
351 713 393 748 et
417 704 634 765 quidquid
648 705 692 749 in
714 705 866 749 itinere
887 705 1097 764 scriptum
1118 713 1182 749 est
1201 704 1255 748 de
1278 705 1430 750 Jacob.

50 776 171 822 Unde
199 777 420 837 sequitur,
448 786 497 820 ut
530 776 607 820 filii
636 778 726 837 ejus
763 786 849 821 tam
878 776 1048 837 parvuli
1082 792 1159 836 pro
1181 793 1325 821 sorore
1358 793 1434 821 sua

47 849 154 894 Dina
199 857 362 893 tantam
399 857 585 907 stragem
635 847 839 904 fecerint,
886 857 950 893 tot
1000 848 1198 892 homines
1241 848 1433 893 trucida-

47 919 212 974 verint,
238 918 297 962 ita
320 918 664 978 expugnaverint
693 919 943 963 civitatem¹
968 938 976 963 :
1004 919 1049 961 in
1071 918 1230 978 quibus
1262 920 1436 964 Simeon

10 1004 14 1037 ¹.
48 998 91 1034 et
121 989 253 1044 Levi,
285 989 362 1049 qui
393 988 521 1048 primi
556 988 709 1047 gladiis
740 989 921 1034 accincti
951 988 1226 1032 intraverunt
1253 989 1308 1033 ad
1339 989 1436 1034 illos

48 1059 241 1105 homines
264 1075 422 1119 eosque
440 1069 739 1118 peremerunt,
764 1058 970 1103 undecim
989 1075 1102 1103 unus
1121 1094 1131 1114 ‚
1159 1058 1267 1103 alter
1290 1069 1433 1104 autem

12 1130 15 1138 '
47 1129 196 1174 decem
228 1145 442 1173 annorum
481 1129 612 1173 fuisse
641 1129 908 1189 reperiatur,
941 1129 1108 1173 etiamsi
1131 1145 1206 1188 per
1240 1129 1434 1188 singulos

49 1216 180 1245 annos
203 1201 293 1244 sine
321 1199 636 1244 intermissione
657 1199 730 1243 illa
753 1209 979 1259 pepererat
1001 1219 1009 1244 :
1036 1199 1157 1260 quod
1183 1200 1336 1260 utique
1366 1200 1436 1244 in-

49 1269 253 1316 credibile
276 1280 364 1325 est,
392 1270 445 1314 ab
479 1269 594 1314 illius
631 1270 768 1314 aetatis
801 1271 945 1330 pueris
966 1269 1040 1314 illa
1063 1270 1207 1315 onmia
1240 1272 1331 1315 fieri
1354 1287 1434 1331 po-

53 1342 208 1399 tuisse,
228 1340 406 1401 quando
428 1350 471 1385 et
490 1341 579 1400 ipsa
603 1341 712 1385 Dina
735 1341 806 1386 vix
821 1341 966 1385 adhuc
989 1357 1061 1386 sex
1085 1358 1299 1386 annorum
1333 1342 1430 1387 fuit.

108 1416 188 1456 111.
226 1411 413 1456 Proinde
432 1411 554 1455 aliter
571 1410 779 1456 solvenda
801 1412 985 1472 quaestio
1008 1421 1094 1467 est,
1123 1422 1170 1456 ut
1191 1412 1289 1457 ideo
1307 1413 1436 1457 intel-

48 1482 205 1541 ligatur
222 1483 410 1537 dictum,
436 1482 782 1526 commemoratis
803 1482 1036 1526 duodecim
1058 1482 1154 1527 filiis
1177 1502 1185 1527 :
1216 1503 1235 1525 «
1255 1483 1310 1527 Hi
1333 1493 1436 1528 sunt

18 1548 19 1612 J
49 1571 70 1593 »
105 1552 181 1595 filii
204 1552 361 1606 Jacob,
388 1552 463 1612 qui
489 1550 589 1596 facti
609 1561 710 1596 sunt
735 1552 773 1595 ei
796 1552 842 1595 in
863 1553 1177 1612 Mesopotamia
1208 1554 1387 1611 Syr—taff,
1408 1573 1428 1595 »

18 1627 21 1668 ἓ
47 1623 149 1682 quia
166 1622 279 1666 inter
298 1637 464 1676 omnes,
490 1622 565 1681 qui
589 1631 677 1665 tam
701 1622 827 1666 multi
845 1632 992 1677 erant,
1018 1639 1132 1667 unus
1154 1632 1321 1668 tantum
1345 1634 1436 1669 erat

19 1685 21 1743 ἰ
48 1693 106 1738 ibi
127 1702 275 1747 natus,
302 1691 378 1752 qui
400 1701 546 1735 tamen
568 1690 670 1735 inde
691 1692 847 1736 habuit
868 1693 1075 1737 nascendi
1093 1710 1264 1738 causam
1278 1730 1288 1750 ,
1314 1695 1436 1755 quod

20 1752 22 1816 Ξ
50 1763 108 1807 ibi
132 1772 268 1808 mater
290 1763 380 1823 ejus
410 1762 523 1821 patri
545 1760 747 1821 copulata
769 1770 846 1805 est.
877 1763 960 1806 Sed
989 1762 1149 1807 solutio
1182 1763 1260 1808 ista
1289 1781 1434 1825 quaes-

21 1850 23 1857 ’
52 1834 173 1879 tionis
196 1833 342 1894 aliquo
364 1831 560 1892 exemplo
583 1831 730 1876 similis
743 1831 975 1876 locutionis
997 1834 1210 1878 firmanda
1233 1844 1311 1878 est.

109 1907 182 1949 IV.
217 1903 345 1950 Nulla
368 1912 515 1947 tamen
545 1911 607 1946 est
628 1901 796 1947 facilior
824 1902 981 1947 solutio
1004 1905 1253 1963 quaestionis
1278 1906 1406 1965 hujus
1421 1941 1432 1961 ⁷

22 2004 25 2038 g
51 1990 177 2036 quam
214 1983 264 2018 ut
296 1990 372 2034 per
393 1973 700 2031 synecdochen
728 1972 893 2017 dictum
922 1973 1170 2034 accipiatur.
1209 1975 1290 2019 Ubi
1319 1977 1435 2020 enim

23 2052 25 2107 l
51 2062 146 2106 pars
167 2048 303 2107 major
326 2054 410 2100 est,
444 2054 519 2088 aut
542 2044 700 2104 potior,
726 2044 835 2088 solet
857 2046 949 2105 ejus
972 2046 1148 2090 nomine
1172 2046 1302 2090 etiam
1325 2046 1436 2091 illud

24 2110 25 2174 l
54 2115 360 2177 comprehendi
393 2114 511 2175 quod
536 2114 591 2158 ad
614 2115 754 2174 ipsum
779 2131 940 2159 nomen
966 2132 1055 2160 non
1077 2117 1281 2175 pertinet.
1317 2117 1437 2162 Sicut

24 2178 28 2301 ἱ
55 2187 109 2232 ad
136 2187 365 2231 duodecim
393 2185 622 2246 Apostolos
645 2187 735 2245 jam
769 2202 858 2230 non
890 2186 1137 2245 pertinebat
1170 2187 1304 2231 Judas
1323 2223 1333 2243 ,
1360 2188 1436 2248 qui

56 2258 181 2302 etiam
202 2266 399 2301 mortuus
418 2256 503 2300 fuit
529 2271 630 2300 cum
654 2256 863 2300 Dominus
886 2257 1115 2300 resurrexit
1134 2274 1157 2301 a
1174 2258 1372 2313 mortuis,
1394 2267 1438 2302 et

26 2373 28 2390 Ι
57 2338 196 2372 tamen
211 2328 342 2388 ipsius
359 2326 616 2373 duodenarii
634 2326 804 2370 numeri
824 2343 984 2371 nomen
1001 2326 1234 2386 Apostolus
1257 2328 1301 2371 in
1320 2329 1440 2387 Epis-

26 2395 29 2452 ’1
61 2398 141 2444 tola
162 2415 236 2443 sua
258 2399 423 2454 tenuit,
450 2399 526 2443 ubi
560 2398 640 2452 ait,
677 2412 778 2441 eum
811 2398 1058 2457 apparuisse
1081 2397 1164 2442 illis
1187 2398 1436 2443 duodecim.

27 2459 162 2535 {Cum
193 2469 373 2514 articulo
407 2469 523 2514 enim
563 2470 646 2513 hoc
680 2467 808 2526 graeci
849 2468 1019 2514 codices
1060 2469 1246 2525 habent,
1273 2478 1323 2513 ut
1351 2485 1441 2514 non

103 2563 112 2580 ¹
134 2558 214 2590 Cen.
237 2567 347 2599 xxmv,
368 2560 422 2589 25.
443 2573 485 2579 —-
505 2563 517 2579 ²
542 2567 551 2588 1
577 2558 648 2589 Cor.
672 2566 728 2596 xv,
747 2555 779 2587 6.
