1872 3267
384 217 437 256 48
830 226 862 253 S·
900 226 1130 256 AUGUSTINI
1163 229 1343 256 EPISCOI'I

376 302 503 338 sunt:
525 290 602 335 sed
618 306 708 335 non
731 291 862 335 habet
882 294 1163 337 necessariam
1185 293 1543 352 significationem
1565 313 1584 335 «
1604 309 1767 352 cogno-

379 381 398 404 »
421 364 687 407 minavero:»
700 362 986 422 propinquius
1000 373 1146 408 autem
1163 363 1322 407 dicitur
1337 364 1762 422 «cognominavero»

374 448 508 493 quam
528 452 548 474 «
564 432 868 477 nominavero:
895 450 915 474 »
942 448 1043 477 nam
1061 443 1105 478 et
1124 434 1208 478 hoc
1221 433 1356 494 aliqui
1372 434 1634 494 interpretes
1653 433 1770 478 dixe·
1829 485 1832 496 Ι

376 512 502 547 runt.

434 577 567 620 XCV.
598 593 618 617 «
644 577 700 619 Et
726 575 896 619 veniam
937 575 993 618 ad
1016 584 1081 630 te,
1108 584 1152 619 et
1190 575 1448 619 benedicam
1474 584 1517 619 te
1533 578 1544 599 ¹
1568 595 1577 619 2
1610 593 1630 616 »
1667 590 1770 619 cum

377 646 577 705 superius
600 645 825 706 pluraliter
844 645 1119 706 loqueretur,
1141 666 1161 689 «
1186 646 1352 690 facietis
1367 656 1409 691 et
1422 645 1728 702 immolabitis,
1748 665 1767 688 »

378 716 500 771 dicit,
532 734 549 757 «
574 716 747 761 veniam
770 716 824 760 ad
846 725 911 771 te,
943 736 960 758 »
988 724 1196 776 tanquam
1213 717 1294 777 ipsi
1316 716 1473 772 Israel,
1501 716 1547 761 id
1574 726 1662 772 est,
1688 732 1770 777 po-

382 786 502 847 pulo.

435 861 593 904 XCVI.
626 862 723 904 «Et
750 859 1160 919 haejustificationes
1183 875 1290 920 quas
1324 874 1460 919 pones
1495 875 1642 904 coram
1659 858 1769 911 illis,

382 948 402 971 »
441 930 483 975 Si
529 930 683 974 emeris
726 946 924 985 servum,
968 930 1229 973 Hebraeum2
1246 966 1256 985 ‚
1280 939 1363 975 etc.
1400 949 1420 971 >›
1470 930 1672 976 Notanda
1706 929 1775 974 10-

380 1001 521 1057 cutio,
549 1000 926 1062 quemadmodum
948 1017 1048 1045 cum
1074 1000 1185 1045 illud
1207 1001 1373 1045 dictum
1397 1002 1450 1046 sit
1479 1001 1535 1046 ad
1565 1005 1771 1060 Moysen,

381 1073 464 1117 hoc
476 1081 556 1127 est,
578 1092 597 1115 «
614 1073 682 1116 hae
691 1081 793 1116 sunt
800 1072 1132 1132 justificationes
1146 1087 1252 1132 quas
1267 1087 1457 1131 appones
1470 1088 1615 1116 coram
1629 1071 1735 1130 illis3
1751 1090 1772 1113 »

378 1143 469 1202 jam
490 1141 545 1186 ad
562 1142 776 1202 populum
798 1143 939 1202 ipsum
963 1151 1117 1187 caetera
1141 1141 1349 1186 dicuntur
1367 1143 1490 1202 quasi
1501 1142 1556 1186 ad
1568 1145 1772 1200 Moysen,
1832 1195 1834 1206 k

387 1231 407 1254 «
435 1213 477 1257 Si
500 1213 652 1256 emeris
673 1228 845 1257 servum
869 1213 1118 1256 Hebraeum.
1145 1215 1242 1256 Non
1271 1212 1388 1255 enim
1416 1213 1498 1256 hoc
1521 1212 1662 1269 Moysi
1685 1212 1777 1256 dic-
1824 1230 1827 1239 ·

388 1292 479 1326 tum
498 1293 561 1328 est
576 1319 586 1339 ‚
608 1283 683 1328 sed
703 1283 823 1344 quod
845 1283 1011 1343 populo
1029 1283 1194 1327 diceret
1207 1317 1217 1337 ‚
1236 1292 1409 1328 tantum
1432 1283 1512 1343 ipsi
1528 1283 1693 1343 populo
1715 1282 1779 1327 di-

388 1355 529 1398 cebat.
620 1359 624 1363 “
1823 1394 1825 1411 2

444 1428 624 1470 XCVII.
655 1445 674 1467 ι(
701 1424 942 1470 Pertundet
965 1425 1004 1468 ei
1026 1423 1235 1469 Dominus
1258 1424 1498 1468 auriculam
1522 1423 1576 1468 de
1597 1424 1774 1479 subula,
1822 1458 1825 1483 ;

383 1503 427 1537 ct
449 1496 604 1539 serviet
631 1496 670 1539 ei
692 1496 737 1539 in
759 1495 1098 1555 sempiternum5
1118 1529 1128 1549 ,
1160 1512 1180 1534 »
1216 1493 1285 1537 vel
1324 1513 1343 1535 «
1380 1495 1425 1537 in
1457 1503 1672 1537 aeternum
1704 1513 1713 1538 ε
1755 1512 1776 1535 ι»
1822 1520 1823 1525 =

385 1564 505 1625 quod
555 1580 720 1623 graecus
769 1564 924 1619 habet,
958 1571 997 1610 εἰς
1019 1572 1069 1604 τὸν
1091 1571 1200 1604 αἰῶνα.
1241 1567 1355 1608 Ecce
1407 1565 1780 1624 quemadmodum
1822 1563 1824 1572 ¹

389 1636 608 1695 Scriptura
623 1634 770 1678 multis
784 1633 889 1678 locis
910 1634 1016 1679 dicit
1027 1634 1270 1679 secundum
1287 1636 1370 1679 hoc
1382 1636 1568 1680 verbum
1589 1651 1780 1694 graecum

391 1725 409 1747 ε(
426 1707 768 1765 sempiternum»
787 1705 855 1749 vel
874 1725 892 1747 α
905 1714 1131 1749 aeternum.
1143 1725 1161 1746 »
1179 1706 1264 1750 Ubi
1279 1722 1368 1750 non
1385 1705 1645 1765 intelligitur
1662 1716 1782 1750 aeter-
1820 1732 1823 1768 ᾗ

387 1777 498 1821 nitas
511 1776 583 1820 illa
600 1813 610 1832 ,
627 1776 867 1821 secundum
882 1791 1014 1836 quam
1030 1777 1155 1821 nobis
1176 1786 1338 1821 aeterna
1355 1778 1693 1836 promittuntur,
1712 1776 1781 1821 vel
1819 1793 1822 1827 3

387 1847 629 1892 secundum
661 1863 793 1908 quam
828 1863 850 1890 a
885 1848 1101 1892 contrario
1131 1848 1231 1907 igne
1272 1857 1434 1892 aeterno
1469 1847 1571 1892 maii
1614 1863 1781 1892 crema-
1819 1863 1821 1897 1

385 1918 572 1962 buntur:
597 1933 740 1975 neque
754 1918 869 1960 enim
887 1926 1035 1959 servus
1046 1918 1124 1958 iste
1138 1919 1214 1975 qui
1230 1918 1374 1958 vivere
1394 1918 1438 1958 in
1455 1928 1668 1960 aeternum
1691 1933 1782 1961 non
1818 1921 1821 1928 '

385 1997 530 2046 posset
544 2021 554 2040 ‚
580 1994 723 2045 posset
741 1984 899 2027 servire
921 1983 967 2027 in
982 1993 1218 2029 aeternum:
1244 1984 1320 2029 sed
1340 1984 1601 2044 intelligitur
1621 1995 1782 2031 «aeter-

390 2075 409 2097 »
446 2072 552 2099 num
578 2073 596 2095 η
624 2054 813 2109 dictum⁷
839 2055 961 2113 cujus
985 2055 1191 2114 temporis
1217 2055 1314 2098 finis
1338 2071 1428 2099 non
1451 2065 1537 2100 est:
1567 2066 1643 2101 aut
1666 2066 1782 2102 certe
1818 2093 1820 2098 .

386 2126 551 2186 aliquid
572 2126 656 2170 hoc
674 2135 947 2170 sacramento
965 2125 1232 2184 significatur
1252 2135 1481 2169 aeternum.

444 2199 649 2241 XCVIII.
683 2196 851 2241 «Dabo
880 2195 958 2240 tibi
990 2195 1157 2251 locum,
1196 2196 1241 2239 in
1276 2211 1409 2256 quem
1443 2195 1583 2255 fugiat
1613 2195 1675 2239 ibi
1704 2196 1781 2256 qui
1816 2218 1818 2243 ;

391 2285 412 2309 ))
447 2265 657 2311 occiderit
673 2267 705 2309 ”’.
737 2286 755 2307 »

444 2339 604 2382 XCIX.
636 2355 654 2377 «
691 2337 732 2382 Si
766 2337 862 2397 quis
893 2337 1149 2396 percusserit
1173 2351 1346 2380 servum
1373 2351 1500 2380 suum
1533 2344 1609 2380 aut
1649 2336 1783 2381 ancil·
1814 2346 1816 2360 ²

387 2426 405 2448 »
442 2407 529 2452 lam
552 2423 673 2452 suam
694 2408 741 2451 in
757 2408 900 2465 virga⁵
923 2423 930 2448 τ
962 2426 980 2448 n
1016 2406 1137 2467 quod
1159 2416 1223 2451 est
1237 2441 1248 2461 ,
1269 2405 1322 2449 dc
1339 2406 1475 2465 virga.
1814 2406 1816 2413 ’

439 2513 445 2528 ¹
474 2507 572 2538 Exod.
605 2518 672 2549 xx,
704 2505 757 2548 2:²1.
793 2523 835 2529 —·
868 2512 881 2529 ²
911 2505 956 2537 Id.
985 2515 1050 2546 xxi,
1085 2516 1112 2537 1.
1149 2521 1190 2527 >—-
1218 2502 1231 2526 3
1258 2503 1339 2536 lbid.
1374 2506 1405 2538 6.
1433 2521 1475 2527 -—-
1498 2503 1514 2534 4
1541 2504 1623 2537 lbid.
1655 2505 1707 2537 13.
1738 2521 1780 2529 -
1813 2504 1815 2521 ³

390 2559 404 2583 5
424 2562 505 2594 lbid.
533 2572 588 2596 20.
