1872 3267
229 206 496 244 QUAEs'rioivEs
530 206 574 233 m
608 205 986 233 DEUTERONOMIUM
1007 222 1018 243 ‚
1053 206 1136 233 Lm.
1174 208 1216 232 v.
1328 194 1412 233 509

23 270 183 316 falsum
216 285 307 315 esse
329 270 595 325 constiterit,
632 268 709 314 sed
742 269 1048 315 tantummodo
1084 269 1334 329 castigatur,
1370 278 1414 314 et

23 340 345 396 damnificatur,
362 341 489 402 eique
507 350 720 401 perpetuo
729 341 910 402 jubetur
924 341 1146 386 adhaerere
1161 356 1249 401 qua
1269 356 1414 386 carere

51 409 234 457 oluerat.
262 415 314 456 In
337 411 430 456 aliis
455 420 601 457 autem
624 411 784 468 causis,
805 427 904 456 eum
935 413 1010 473 qui
1037 411 1283 456 testimonio
1306 410 1413 456 falso

47 482 227 543 uiquam
258 482 483 538 nocuerit,
511 498 645 543 quem
667 482 701 527 si
722 482 982 543 probaretur
1003 482 1131 544 jussit
1152 481 1314 538 occidi,
1342 499 1414 527 ea-

54 568 123 598 em
146 569 277 613 poena
299 552 430 614 plecti
453 552 601 614 jubet,
626 569 714 614 qua
735 552 901 610 fuerat,
928 553 962 598 si
985 568 1137 599 verum
1172 561 1309 609 esset,
1335 553 1414 598 iste

52 622 295 669 leetendus.

493 735 731 785 QUAEsrlo
762 735 937 775 xxxw.

0 893 2 898 μ
86 857 104 879 «
134 840 178 883 S1
210 846 355 882 autem
389 837 605 882 invenerit
635 837 790 897 aliquis
819 835 1011 897 puellam
1047 837 1286 896 virginem,
1314 853 1414 898 quae

0 948 3 957 ,
37 928 46 950 ›
81 918 282 968 sponsata
305 924 394 953 non
417 917 503 963 est,
529 917 574 953 et
593 908 683 953 vim
705 908 868 953 faciens
890 908 928 952 ei
959 906 1185 952 dormierit
1213 922 1313 952 cum
1335 923 1383 952 ea
1400 943 1411 962 ,

0 1034 2 1040 ,
25 997 47 1022 »
81 990 124 1025 et
146 981 348 1025 inventus
377 979 531 1032 fuerit3
558 980 681 1024 dabit
702 981 857 1035 homo,
888 979 964 1041 qui
987 979 1192 1024 dormivit
1215 995 1315 1024 cum
1334 995 1380 1023 ea
1400 1015 1411 1034 ,

0 1083 3 1093 .
36 1070 46 1093 ›
81 1052 193 1111 patri
216 1051 374 1112 puellae
391 1052 709 1113 quinquaginta
730 1051 984 1096 didrachma
1008 1051 1197 1110 argenti,
1221 1060 1264 1095 et
1283 1051 1416 1110 ipsius

25 1139 47 1164 »
81 1122 162 1166 erit
183 1139 321 1167 uxor:
348 1123 450 1183 quia
472 1121 720 1167 humiliavit
746 1138 862 1177 eam,
896 1137 985 1166 non
1015 1121 1175 1181 poterit
1196 1120 1415 1166 dimittere

0 1237 2 1245 ,
27 1210 48 1234 ))
84 1208 177 1237 eam
201 1208 280 1253 per
302 1208 431 1238 omne
452 1194 670 1252 tempus¹.
692 1211 712 1233 »
732 1193 890 1237 Merito
908 1192 1136 1253 quaeritur,
1164 1201 1313 1235 utrum
1336 1191 1416 1235 ista

0 1298 4 1325 Ξ
55 1279 154 1308 oena
182 1265 259 1319 sit,
301 1274 352 1308 ut
372 1279 462 1307 non
495 1279 588 1307 eam
628 1263 761 1323 possit
785 1262 1003 1308 dimittere
1032 1278 1109 1323 per
1141 1279 1270 1307 omne
1302 1272 1415 1307 tem-

0 1379 4 1387 ,
54 1351 129 1391 us,
155 1351 288 1396 quam
314 1334 562 1379 inordinate
593 1343 724 1394 atque
746 1334 893 1378 illicite
921 1334 1114 1378 violavit.
1150 1334 1190 1379 Si
1213 1334 1329 1377 enim
1360 1334 1416 1378 ob

0 1450 4 1458 ,
56 1421 106 1451 oc
139 1405 381 1465 intelligere
410 1404 675 1450 voluerimus
709 1421 805 1449 eam
835 1421 924 1450 non
955 1421 1101 1465 posse,
1138 1404 1183 1448 id
1212 1414 1301 1460 est,
1327 1421 1416 1449 non

0 1511 4 1539 ;
56 1476 182 1521 ebere
209 1476 367 1521 dimitti
396 1491 472 1535 per
506 1491 636 1519 omne
662 1484 830 1536 tempus
849 1512 859 1530 ,
885 1477 986 1536 quia
1015 1492 1124 1520 uxor
1146 1476 1300 1520 effecta
1323 1485 1413 1529 est,

0 1575 5 1610 t
52 1547 212 1592 ccurrit
229 1546 341 1590 illud
352 1545 473 1607 quod
489 1545 868 1605 permisitMoyses
886 1546 990 1590 darc
1004 1545 1204 1590 libellum
1225 1545 1413 1606 repudii,

50 1625 67 1662 t
93 1616 356 1661 dimittere2.
380 1620 431 1660 ln
452 1616 518 1660 his
540 1626 686 1660 autem
709 1617 784 1677 qui
814 1616 962 1661 illicite
983 1617 1163 1671 vitiant,
1190 1616 1333 1661 noluit
1360 1616 1414 1660 li-

29 1703 121 1732 nere
137 1723 147 1743 ,
174 1703 229 1731 ne
252 1686 308 1731 ad
329 1686 572 1731 ludibrium
593 1686 743 1731 fecisse
764 1686 979 1742 videatur,
1005 1696 1049 1731 et
1077 1687 1222 1747 potius
1244 1687 1418 1732 finxisse

56 1758 144 1803 uod
161 1773 256 1802 eam
278 1772 460 1802 uxorem
483 1756 670 1812 duxerit,
693 1773 826 1818 quam
842 1774 945 1802 vere
958 1758 1209 1818 placitoque
1226 1757 1413 1802 duxisse.

31 1831 120 1873 Hoc
139 1838 182 1873 et
204 1828 258 1872 de
280 1827 352 1872 illa
381 1829 550 1888 jussum
575 1836 664 1883 est,
695 1827 766 1872 cui
788 1826 921 1872 suerit
947 1828 1013 1872 vir
1044 1827 1333 1873 calumniatus
1363 1827 1418 1872 cle

56 1898 310 1958 irginalibus
328 1913 417 1943 non
434 1897 620 1942 inventis
634 1900 665 1941 3.

502 2006 739 2056 QUAESTIO
770 2008 928 2047 xxxv.

92 2130 111 2152 «
141 2112 235 2156 NON
270 2109 452 2154 intrabit
480 2107 748 2152 Ammanites
785 2116 828 2152 et
859 2107 1073 2153 Moabites
1104 2107 1150 2151 in
1182 2106 1418 2153 Ecclesiam

33 2200 52 2222 n
86 2180 287 2235 Domini,
321 2189 365 2224 et
391 2193 529 2239 usque
554 2177 609 2221 ad
640 2177 851 2222 decimam
886 2179 1211 2238 generationem
1232 2194 1322 2223 non
1352 2179 1420 2222 in-

33 2269 54 2293 »
87 2251 219 2295 trabit
239 2251 284 2295 in
306 2248 546 2295 Ecclesiam
575 2248 774 2304 Domini,
800 2258 843 2293 et
867 2265 1006 2309 usque
1032 2249 1078 2293 in
1111 2262 1324 2293 aeternum
1340 2250 1370 2292 4.
1394 2267 1415 2289 η

32 2323 220 2376 Quaestio
238 2330 316 2377 est,
343 2318 567 2381 quomodo
585 2318 810 2363 intraverit
824 2320 943 2363 Ruth
962 2336 1059 2380 quae
1076 2319 1279 2363 Moabitis
1297 2318 1417 2374 fuit5,

33 2391 85 2436 de
105 2408 192 2452 qua
214 2392 344 2436 ctiam
367 2405 466 2435 caro
488 2388 662 2433 Domini
684 2389 894 2448 originem
907 2388 1042 2434 ducit.
1059 2389 1149 2434 Nisi
1165 2389 1280 2434 forte
1295 2389 1420 2434 istam

78 2494 87 2511 ¹
113 2490 206 2520 Deut.
223 2497 301 2528 xxu,
321 2485 377 2528 28,
403 2495 456 2528 29.
474 2501 515 2507 —-
540 2485 616 2517 ⁹101.
639 2494 733 2525 xxiv,
756 2495 784 2516 1.
799 2482 866 2508 -3
885 2485 929 2517 Id.
952 2496 1028 2525 xxn,
1047 2496 1097 2527 ις).
1119 2502 1158 2507 -
1179 2483 1194 2514 4
1213 2485 1258 2516 Id.
1281 2496 1367 2524 xxm,
1387 2486 1417 2518 3.

35 2558 73 2566 --
91 2540 210 2575 5Ruth.
231 2554 257 2583 1,
275 2550 331 2575 22.
