1872 3267
397 209 664 248 QuAEs'rioNES
696 212 741 237 m
774 207 991 248 GENESffl,
1028 211 1110 237 Lus.
1147 213 1176 236 ι.
1390 198 1473 237 207

88 274 149 318 cit
161 275 338 319 intrasse
358 294 366 320 :
383 274 740 336 quandoquidem
755 277 779 318 J
783 275 915 333 oseph
928 272 1190 319 senescendo
1209 273 1407 333 pervenit
1426 283 1477 317 ut

87 359 159 388 eos
172 353 296 388 natos
314 344 500 403 videret,
520 345 656 389 Jacob
675 353 821 388 autem
834 359 934 388 cum
948 344 1162 404 ingressus
1176 353 1239 388 est
1252 344 1297 387 in
1311 346 1476 402 AEgyp-

88 423 203 467 tum,
223 415 394 474 juvenis
415 423 505 458 erat
528 416 706 474 Joseph‚
723 423 766 458 et
784 430 882 457 eum
900 424 1021 473 pater
1043 414 1229 458 moriens
1251 413 1475 474 quinqua-

88 484 299 543 gesimum
322 494 365 529 et
385 495 552 529 sextum
576 485 665 529 fere
693 485 830 528 aetatis
858 500 1022 528 annum
1049 493 1250 543 agentem
1273 483 1477 543 reliquit?

90 554 212 599 Unde
225 566 395 600 constat
418 558 523 601 certi
547 557 741 614 mysterii
763 572 888 601 causa
903 557 1026 601 illum
1050 573 1299 611 numerum,
1325 556 1474 612 idest,

87 626 464 684 septuagenarium
494 636 538 671 et
570 627 821 687 quinarium
864 627 1130 687 Scripturam
1168 626 1477 670 commendare

87 695 285 740 voluisse.
314 697 357 741 Si
379 706 526 741 autem
553 697 785 758 quisquam
820 698 972 756 exigit,
1004 696 1230 758 quomodo
1248 696 1379 740 etiam
1407 711 1477 740 se-

86 766 279 810 cundum
294 767 483 812 historiae
506 767 638 812 fidem
658 785 810 814 verum
829 769 904 824 sit,
925 769 1063 813 Jacob
1082 783 1184 813 cum
1198 768 1474 828 septuaginta

86 837 279 898 quinque
313 838 538 883 animabus
571 840 618 882 in
650 842 892 899 AEgyptum
929 840 1132 896 intrasse,
1170 854 1260 883 non
1282 837 1357 882 illo
1387 852 1477 883 uno

85 906 154 952 die
175 924 264 968 quo
285 909 431 964 venit,
464 911 556 969 ejus
581 909 824 968 ingressum
847 919 1020 969 oportet
1041 908 1247 968 intelligi,
1276 908 1352 952 ‘sed
1374 907 1478 969 quia

85 977 130 1021 in
149 977 245 1023 filiis
258 978 344 1023 suis
361 978 621 1040 plerumque
639 979 883 1040 appellatur
895 980 1050 1034 Jacob,
1066 979 1150 1023 hoc
1163 987 1249 1034 est,
1272 978 1317 1022 in
1330 988 1477 1037 poste-

85 1048 140 1092 ris
161 1049 270 1104 suis,
295 1059 340 1093 et
360 1065 437 1109 per
458 1052 483 1094 J
487 1051 621 1110 oseph
643 1065 743 1094 eum
761 1059 931 1095 constat
947 1050 993 1093 in
1011 1052 1255 1109 AEgyptum
1276 1048 1473 1105 intrasse,

84 1118 285 1164 introitus
314 1120 404 1179 ejus
438 1119 714 1181 accipiendus
746 1130 810 1164 est
837 1119 1036 1180 quandiu
1064 1119 1168 1164 vixit
1191 1120 1374 1178 Joseph‚
1401 1134 1477 1178 per

83 1205 215 1250 quem
243 1191 410 1235 factum
439 1201 503 1236 est
529 1201 579 1235 ut
611 1191 807 1235 intraret.
843 1193 952 1235 Toto
975 1191 1138 1251 quippe
1166 1190 1242 1234 illo
1283 1200 1477 1250 tempore

84 1260 200 1305 nasci
223 1270 266 1305 et
286 1262 431 1306 vivere
452 1270 693 1320 potuerunt
731 1276 905 1318 omnes,
941 1261 1018 1321 qui
1051 1270 1473 1316 commemorantur,

85 1341 134 1376 ut
154 1333 651 1393 septuaginta-quinque
674 1333 828 1377 animae
842 1331 1147 1392 compleantur
1168 1348 1306 1393 usque
1323 1331 1378 1376 ad
1398 1347 1477 1376 ne-

83 1411 205 1462 potes
236 1405 480 1464 Benjamin.
505 1404 626 1449 Sicut
652 1403 770 1447 enim
803 1402 908 1448 dicit
935 1423 943 1448 :
975 1423 994 1445 α
1029 1403 1085 1447 Hi
1108 1402 1185 1447 filii
1222 1403 1332 1459 Liae,
1366 1418 1476 1462 quos

87 1492 107 1515 »
138 1474 307 1533 peperit
329 1474 409 1534 ipsi
436 1475 573 1519 Jacob
601 1475 647 1518 in
674 1474 988 1534 Mesopotamia
1018 1474 1206 1531 Syriae1‚
1240 1491 1260 1515 »
1290 1473 1476 1534 loquens

83 1544 211 1588 etiam
234 1545 288 1588 de
303 1544 352 1588 iis
366 1579 376 1599 ,
391 1545 573 1604 quinon
593 1554 718 1588 erant
736 1545 850 1602 nati,
866 1545 967 1604 quia
982 1543 1070 1589 illic
1087 1553 1289 1604 parentes
1303 1560 1472 1600 eorum,

83 1631 135 1659 ex
157 1615 317 1676 quibus
339 1616 428 1660 nati
451 1626 574 1671 sunt,
600 1626 850 1676 pepererat,
875 1617 936 1660 ibi
971 1632 1044 1661 eos
1066 1616 1300 1676 perhibens
1325 1625 1472 1672 natos,

83 1686 290 1746 quoniam
304 1702 431 1731 causa
445 1703 531 1747 qua
543 1696 824 1731 nascerentur
838 1686 899 1730 ibi
914 1696 1015 1731 nata
1030 1696 1109 1743 est,
1125 1686 1172 1731 id
1188 1697 1267 1743 est,
1279 1696 1476 1745 parentes

18 1809 21 1822 .
83 1772 251 1812 eorum,
274 1772 384 1818 quos
402 1757 464 1800 ibi
480 1757 557 1800 Lia
576 1757 744 1816 peperit
762 1776 770 1801 ;
791 1757 851 1801 ita
868 1757 1077 1817 quoniam
1094 1772 1268 1801 causam
1282 1757 1475 1802 intrandi

84 1826 129 1870 in
150 1830 391 1887 AEgyptum
415 1827 552 1872 Jacob
575 1828 620 1871 in
642 1828 803 1887 Joseph
827 1827 1003 1883 habuit,
1026 1837 1167 1872 totum
1191 1837 1362 1887 tempus
1385 1844 1476 1888 quo

83 1897 127 1940 in
149 1900 341 1957 AEgypto
362 1897 469 1942 vixit
483 1898 663 1957 Joseph‚
678 1895 885 1956 ingressio
907 1899 1152 1943 eratJacob
1170 1898 1216 1942 in
1230 1902 1475 1959 AEgyptum

81 1983 156 2028 per
193 1984 315 2012 suam
347 1969 618 2028 progeniem,
660 1985 758 2028 quae
792 1967 867 2013 illo
889 1969 987 2014 vivo
1010 1969 1356 2030 propagabatur,
1394 1986 1472 2031 per

81 2054 211 2100 quem
232 2038 398 2084 lactum
421 2049 486 2085 est
502 2049 553 2085 ut
568 2040 889 2100 ingrederetur.

129 2142 139 2158 ¹
159 2137 238 2168 Gen.
259 2147 347 2178 xLV1,
372 2136 425 2168 15.
