1872 3267
339 280 604 320 QLAEs'i'ioNEs
636 283 678 308 m
712 280 928 318 oEuEsnvi,
964 282 1046 310 Lus.
1083 284 1112 308 1.
1335 270 1416 310 193

0 324 1 347 i

0 350 1 376 ¹
37 347 338 406 accipiendum
360 356 422 391 est
436 381 447 401 ‚
480 347 555 406 qui
582 355 705 390 erant
727 346 771 390 in
793 345 924 390 domo
946 346 1085 391 Jacob
1101 381 1111 401 ‚
1143 346 1322 406 quando
1345 346 1417 391 in-

35 418 164 462 travit
194 417 238 461 in
261 420 516 476 AEgyptum.
549 418 657 462 Nam
688 417 841 477 utique
875 432 985 476 quos
1016 416 1079 460 ibi
1105 415 1297 473 invenit,
1330 433 1420 462 non

36 503 135 532 cum
157 488 216 532 cis
239 487 428 532 intravit.
458 487 539 532 Sed
570 487 777 547 quoniam
805 486 1053 545 diligentius
1083 486 1272 532 discussa
1308 488 1421 532 veri-

0 559 4 605 Ι
40 567 123 603 tate
138 558 413 617 reperiuntur
429 556 517 602 duo
534 559 623 601 nati
639 559 730 617 jam
745 556 874 601 fuisse
892 574 992 602 cum
1006 558 1198 612 intravit,
1215 557 1421 618 Ephraem

37 638 80 673 et
110 631 345 683 Manasses‚
378 627 498 688 quod
527 644 616 672 non
646 627 788 672 solum
811 629 893 672 hoc
927 628 1023 673 loco
1052 628 1217 671 hebraei
1248 628 1419 673 codices

37 698 196 744 habere
218 697 441 753 dicuntur,
457 698 740 742 verumetiam
762 698 852 757 ipsa
875 697 1117 743 secundum
1136 699 1422 758 Septuaginta

38 770 334 829 interpretatio
364 771 408 813 in
442 769 592 814 Exodo
616 768 828 825 declarat,
867 785 947 814 nec
984 770 1264 829 Septuaginta
1286 770 1424 814 inter-

40 850 176 901 pretes
198 841 305 884 mihi
322 841 368 884 in
390 841 472 885 hoc
493 839 699 885 videntur
722 856 881 885 errasse
897 877 907 896 ‚
935 841 1011 901 qui
1033 849 1212 900 propter
1233 840 1424 901 aliquam

40 913 259 971 mysticam
284 911 644 970 significationem
666 911 856 972 quadam
878 911 999 956 velut
1015 912 1270 971 prophetica
1288 911 1425 956 liber-

42 993 125 1029 tate
148 984 264 1028 hunc
278 999 511 1027 numerum
526 983 744 1042 complere
766 983 1016 1037 voluerunt,
1038 983 1072 1026 si
1089 982 1233 1026 adhuc
1254 983 1427 1027 vivente

41 1054 174 1099 Jacob
197 1053 259 1097 illi
286 1070 337 1097 ex
360 1053 532 1097 duobus
561 1054 659 1097 filiis
691 1057 886 1098 Manasse
908 1063 952 1097 et
973 1054 1179 1112 Ephraem
1203 1055 1429 1113 propagati

42 1135 166 1180 sunt,
193 1141 301 1185 quos
325 1125 466 1169 eidem
490 1140 672 1168 numero
695 1124 851 1169 domus
879 1124 1014 1168 Jacob
1035 1124 1329 1183 aggregandos
1355 1126 1429 1184 ju-

42 1198 310 1242 dicaverunt.
350 1196 433 1241 Sed
466 1197 568 1256 quia
601 1197 820 1240 invenitur
855 1195 991 1240 Jacob
1015 1195 1166 1240 decem
1200 1205 1244 1240 et
1265 1206 1429 1256 septem

45 1284 176 1312 annos
193 1267 343 1311 vixisse
365 1267 409 1309 in
425 1270 616 1325 AEgypto
629 1269 658 1319 Ι,
679 1265 901 1326 quomodo
914 1275 1155 1326 potuerunt
1172 1266 1247 1311 filii
1266 1270 1289 1311 J
1294 1268 1427 1327 oscph

43 1339 115 1384 illo
136 1340 234 1383 vivo
263 1339 393 1382 etiam
423 1347 601 1396 nepotes
627 1338 809 1391 habere,
836 1354 925 1381 non
949 1338 1185 1382 invenitur.
1208 1342 1430 1397 Ingressus

39 1419 102 1454 est
133 1409 248 1453 enim
279 1412 521 1466 AEgyptum
556 1408 691 1452 Jacob
726 1407 917 1451 secundo
954 1424 1069 1452 anno
1102 1409 1265 1452 famis2
1293 1429 1302 1453 ι
1337 1409 1428 1453 nati

9 1488 12 1535 1
40 1489 140 1524 sunt
159 1489 303 1523 autem
326 1478 403 1521 filii
421 1481 444 1521 J
449 1478 582 1537 oseph
597 1478 642 1521 in
660 1478 782 1522 annis
800 1477 1108 1521 abundantiae3
1127 1498 1134 1522 z
1159 1478 1431 1538 quibuslibet

10 1543 13 1585 ἓ
42 1551 163 1595 annis
188 1549 398 1593 ubertatis
421 1549 511 1592 nati
533 1548 853 1603 existimentur,
881 1564 904 1592 a
925 1549 1065 1608 primo
1086 1565 1201 1594 anno
1219 1549 1430 1595 ubertatis

40 1637 178 1680 usque
202 1620 257 1664 ad
277 1620 519 1663 seeundum
547 1634 712 1663 annum
734 1618 858 1663 famis
875 1654 885 1674 ,
911 1634 1001 1679 quo
1022 1619 1238 1678 ingressus
1267 1630 1330 1665 est
1352 1624 1428 1665 Ja-

42 1693 124 1736 cob
154 1692 198 1734 in
227 1694 470 1749 AEgyptum
487 1726 496 1743 ‚
524 1706 681 1733 novem
706 1690 809 1733 anni
831 1699 960 1746 sunt3
985 1691 1073 1734 huc
1100 1690 1257 1735 additis
1277 1692 1427 1736 decem

44 1772 86 1807 et
107 1771 270 1821 septem
300 1761 459 1821 quibus
478 1761 539 1803 ibi
561 1761 666 1804 vixit
689 1760 850 1815 Jacob,
884 1760 1137 1818 viginti-sex
1170 1762 1272 1805 anni
1304 1778 1431 1822 repe-

44 1833 229 1876 riuntur.
252 1830 484 1884 Quomodo
507 1846 608 1888 ergo
635 1831 778 1874 minus
801 1846 934 1890 quam
961 1831 1116 1890 viginti
1133 1841 1176 1876 et
1197 1847 1269 1875 sex
1293 1849 1429 1877 anno-

13 1935 17 1961 1
46 1919 138 1947 rum
165 1904 345 1963 juvenes
365 1902 495 1945 etiam
517 1910 695 1961 nepotes
717 1901 877 1945 habere
899 1904 1165 1960 potuerunt?
1184 1903 1269 1947 Sed
1290 1919 1433 1964 neque

14 1968 17 1996 ²
47 1973 133 2018 ulla
165 1973 370 2017 hebraica
386 1971 567 2016 veritate
589 1971 669 2015 ista
700 1971 882 2016 solvitur
904 1972 1102 2031 quaestio.
1135 1973 1434 2026 Quemadmo-

49 2044 151 2088 dum
174 2043 289 2088 enim
306 2042 477 2102 impleri
499 2042 663 2102 potnit,
686 2051 735 2085 ut
757 2051 822 2086 tot
838 2052 1018 2101 nepotes
1041 2043 1277 2102 susciperet
1297 2045 1433 2089 Jacob

51 2124 281 2174 antequam
312 2113 493 2157 intraret
515 2113 561 2156 in
583 2115 825 2171 AEgyptum
843 2148 853 2167 ‚
880 2113 1011 2156 etiam
1033 2114 1088 2157 de
1110 2115 1337 2174 Benjamin
1358 2116 1434 2176 qui

51 2184 121 2229 illa
146 2194 270 2229 aetate
291 2184 410 2227 venit
430 2182 485 2226 ad
509 2182 718 2226 fratrem?
741 2186 839 2228 Non
869 2184 1010 2228 solum
1042 2194 1189 2228 autem
1214 2187 1436 2246 Scriptura

53 2271 151 2300 eum
176 2254 286 2299 filios
306 2254 508 2298 habuisse
528 2254 864 2298 commemorat⁴
881 2289 892 2309 ,
913 2255 988 2298 sed
1011 2264 1054 2298 et
1076 2265 1255 2315 nepotes
1274 2266 1316 2301 et
1335 2273 1438 2317 pro-

54 2335 275 2386 nepotem,
307 2325 383 2385 qui
417 2340 565 2368 omnes
588 2334 933 2368 annumerantur
954 2326 1270 2384 sexaginta-sex
1295 2328 1439 2372 homi-

56 2397 180 2440 nibus
197 2431 206 2450 ‚
233 2411 334 2440 cum
351 2394 512 2455 quibus
535 2393 671 2438 Jacob
694 2393 739 2437 in
756 2397 997 2454 AEgyptum
1014 2430 1024 2450 ‚
1046 2395 1178 2439 etiam
1197 2398 1439 2441 secundum

55 2467 301 2511 hebraicam
333 2465 559 2511 veritatem
593 2464 848 2524 perhibetur
870 2465 1064 2509 intrasse.
1103 2465 1355 2511 Videndum
1378 2477 1441 2512 est

104 2569 112 2586 ¹
133 2565 212 2595 Gen.
238 2574 346 2604 nvn,
367 2563 422 2595 28.
442 2579 483 2585 —
500 2568 513 2585 ²
534 2561 579 2594 Id.
609 2572 683 2602 ην,
705 2564 736 2594 6.
759 2578 800 2584 —-
822 2559 834 2583 3
852 2561 898 2593 Id.
919 2572 993 2604 xm,
1014 2561 1067 2595 50.
1092 2579 1134 2585 -
1155 2560 1441 2606 4121.xxxv1,21‚

57 2617 146 2659 juxta
166 2629 239 2650 Lxx.

242 2682 362 2712 cxm.
1160 2673 1207 2711 13
