1872 3267
5 245 7 276 1

5 301 8 455 ἱ
351 324 618 364 QUAESTIONES
651 327 694 354 nv
729 323 943 360 GENESIM,
980 327 1062 353 un.
1100 327 1129 352 1.
1354 313 1435 351 197

6 458 8 478 i

6 479 8 507 ι

531 428 766 479 ΟΠμΕΞΤΙΟ
798 428 890 467 CLV
897 430 944 468 11.

111 542 130 563 «
154 524 218 565 ET
236 520 358 565 dedit
379 521 438 564 eis
467 519 778 579 possessionem
808 518 854 561 in
883 527 995 562 terra
1026 516 1213 577 optima,
1245 517 1291 560 in
1324 525 1436 560 terra

0 626 1 630 ,
50 611 70 634 »
106 595 370 646 Ramessem,
400 592 509 635 sicut
530 589 918 650 prscccpitl'liarao
936 591 964 633 ¹.
991 608 1009 629 n
1033 586 1330 641 Quaerendum
1354 597 1434 641 est,

48 673 193 707 utrum
222 673 330 707 terra
356 667 602 706 Ramesscm
634 662 725 720 ipsa
758 661 811 704 sit
834 662 1009 704 Gesscn.
1045 662 1188 718 Ipsam
1213 659 1327 702 enim
1361 674 1438 718 pe-

51 736 232 791 tierant,
259 743 302 779 ct
324 735 459 794 ipsam
483 734 540 777 eis
566 733 733 777 Pharao
756 731 846 776 dari
867 740 1144 791 praeccpcrat.

529 832 765 881 QuEsTm
798 833 963 871 ctvm.

111 955 130 977 «
152 937 216 979 ET
239 935 502 978 metiebatur
522 934 710 978 triticum
730 933 841 993 patri
865 949 943 977 suo
966 932 1125 991 Joseph
1139 934 1177 976 ¹²:
1197 949 1217 971 n
1235 939 1277 974 et
1295 939 1440 974 tamen

49 1021 147 1049 cum
168 1015 290 1064 pater
313 1021 392 1049 nec
415 1004 591 1065 quando
615 1004 723 1048 vidit
742 1004 960 1057 adoravit,
983 1018 1062 1046 nec
1085 1000 1264 1062 quando
1286 1001 1341 1044 ab
1365 999 1439 1043 illo

7 1123 10 1137 ,
51 1077 237 1119 triticum
283 1075 525 1134 accipiebat
568 1095 576 1120 :
620 1073 842 1135 quomodo
876 1089 980 1132 ergo
1022 1072 1240 1117 somnium
1277 1071 1438 1129 Joseph

49 1145 180 1190 modo
202 1145 431 1205 impletum
448 1145 714 1205 putabimus,
729 1154 772 1189 et
785 1159 874 1189 non
892 1143 1037 1204 potius
1058 1142 1228 1202 maJ'oris
1251 1141 1311 1185 rei
1330 1156 1439 1185 con-

51 1216 187 1263 tinere
208 1216 506 1276 prophetiam3
521 1218 539 1260 P

551 1313 787 1362 QUAEs'rio
815 1313 944 1354 cmx.

113 1423 133 1446 «
157 1407 221 1448 ET
243 1404 398 1448 intulit
428 1404 591 1463 Joseph
615 1419 789 1447 omnem
808 1403 1041 1462 pecuniam
1058 1402 1104 1446 in
1123 1402 1304 1446 domum
1328 1402 1443 1445 Pha-

55 1495 73 1516 »
110 1475 251 1519 raonis
266 1477 296 1518 ⁴.
314 1494 332 1516 »
352 1474 568 1519 Pertimuit
593 1474 647 1517 ad
669 1473 935 1533 Scripturam
957 1474 997 1517 in
1021 1474 1102 1518 hac
1120 1474 1249 1518 etiam
1269 1488 1314 1516 re
1329 1487 1446 1516 com·

51 1545 257 1590 mendare
279 1545 410 1589 fidem
433 1544 587 1590 famuli
610 1545 702 1588 Dei.

557 1653 794 1702 QUAESTIO
827 1653 939 1692 CLX.

115 1763 134 1786 «
155 1747 286 1788 DIXIT
309 1752 455 1787 autem
478 1742 560 1786 illis
580 1743 741 1801 Joseph
766 1762 774 1786 :
799 1741 1017 1786 Adducitc
1041 1757 1198 1801 pecora
1220 1751 1377 1797 vestra,
1404 1751 1446 1786 ct

56 1834 76 1857 »
111 1815 224 1859 dabo
246 1814 369 1859 vobis
400 1829 532 1873 panes
560 1829 639 1872 pro
674 1813 904 1872 pecoribus
926 1814 1077 1857 vestris
1093 1849 1104 1868 ⁷
1136 1814 1170 1857 si
1193 1813 1354 1857 defecit
1379 1830 1447 1858 ar-

54 1904 77 1930 »
113 1895 292 1944 gentum
310 1887 356 1929 ⁵?
381 1903 400 1925 n
427 1885 574 1938 Quaeri
603 1893 768 1944 potest,
794 1899 895 1927 cum
922 1884 1082 1943 Joseph
1108 1883 1329 1928 frumenta
1352 1885 1446 1928 col-—

54 1955 230 2014 legerit,
258 1955 376 1999 unde
407 1955 604 1999 homines
636 1954 860 2010 viverent,
886 1969 1041 2013 pecora.
1065 1953 1184 1997 unde
1208 1954 1441 2009 vivebant,

51 2042 154 2072 cum
175 2036 291 2071 tanta
307 2026 440 2070 fames
458 2025 740 2070 invalesceret
758 2045 766 2069 :
785 2025 967 2069 maxime
982 2025 1083 2085 quia
1108 2024 1260 2069 fratres
1283 2028 1306 2069 J
1312 2027 1442 2086 oscph

58 2097 270 2143 Pharaoni
299 2096 498 2140 dixerant
531 2116 539 2140 2
577 2115 596 2137 «
626 2099 723 2140 Non
747 2105 849 2139 sunt
876 2097 992 2139 enim
1025 2111 1184 2155 pascua
1219 2097 1449 2155 pecoribus

61 2187 80 2209 »
115 2184 351 2228 puerorum
380 2178 555 2212 tuorum
574 2203 584 2222 ,
620 2166 805 2211 invaluit
837 2167 953 2210 enim
976 2167 1110 2210 tames
1132 2168 1176 2210 in
1200 2176 1312 2211 terra
1336 2168 1447 2212 Cha-

61 2257 80 2279 »
116 2254 225 2283 naan
242 2240 281 2297 ⁶3
310 2258 329 2279 »
355 2248 398 2282 et
419 2247 595 2298 propter
622 2238 733 2281 hanc
754 2238 882 2281 etiam
911 2238 1102 2297 inopiam
1125 2253 1386 2297 pascuorum
1403 2253 1448 2282 se

57 2311 219 2355 venisse
241 2319 703 2356 commemoraverant.
723 2309 910 2354 Proinde
930 2310 963 2354 si
984 2325 1032 2354 ea
1052 2308 1164 2354 fame
1186 2326 1345 2370 pascua
1368 2309 1447 2354 de-

14 2402 17 2438 Ι
60 2381 251 2426 fecerant
287 2382 332 2426 in
364 2392 476 2426 terra
511 2382 718 2427 Chanaan
735 2417 745 2434 ‚
778 2382 922 2426 curin
945 2385 1137 2441 AEgypto
1160 2397 1249 2426 non
1272 2381 1448 2426 defece-

14 2439 17 2464 ³
61 2462 178 2507 rant,
209 2452 361 2497 eadem
396 2462 503 2497 tunc
536 2451 649 2496 fame
672 2452 838 2513 ubique
875 2452 1197 2497 invalescente?
1234 2456 1301 2497 An
1339 2453 1450 2498 sieut

15 2551 18 2599 4
62 2522 315 2582 perhibetur
343 2523 397 2567 ab
421 2523 480 2567 eis
502 2523 579 2584 qui
603 2523 699 2567 loca
719 2524 888 2578 sciunt,
920 2524 966 2567 in
986 2524 1136 2568 multis
1159 2525 1337 2584 AEgypti
1369 2540 1448 2584 pa-

112 2625 119 2640 ¹
141 2620 218 2651 Cen.
244 2630 344 2659 vau,
365 2631 415 2651 11.
441 2637 482 2642 ——
503 2627 515 2642 ²
531 2620 611 2652 Ibiil.
634 2629 683 2652 19..
707 2637 747 2642 —
769 2620 991 2662 31‹l.xxxvn,
1016 2619 1323 2661 9.-41d.xtv11,
1343 2621 1392 2663 14.
1409 2639 1451 2645 -

16 2667 18 2688 ”
67 2670 178 2705 51bid.
205 2673 253 2706 16.
276 2672 346 2697 -ὓ
362 2674 447 2707 Ibid.
469 2673 499 2716 4.
