1872 3267
369 277 637 318 QUAESTmNES
668 279 714 307 m
746 278 959 318 EXODUM,
994 281 1078 308 Lm,
1115 282 1163 308 11.
1376 267 1461 309 255

71 345 203 400 bent,
228 354 377 390 utrum
398 345 584 391 inveniri
607 345 768 406 possit,
792 346 961 404 ignoro.
1001 347 1087 391 Sed
1103 346 1137 390 si
1159 346 1266 391 furti
1283 347 1462 392 nominc

70 415 183 460 bene
204 416 463 475 intelligitur
485 415 625 461 omnis
647 415 798 461 illicita
820 418 1043 478 usurpatio
1066 417 1127 461 rei
1151 416 1319 474 alienae,
1341 419 1463 476 (non

73 485 188 530 enim
210 486 406 546 rapinam
422 487 615 546 permisit
647 487 724 548 qui
751 485 917 531 furtum
938 487 1187 548 prohibuit,
1212 487 1288 532 sed
1310 488 1464 549 utiquc

72 572 96 600 a
117 566 240 616 parte
256 567 399 602 totum
422 556 605 616 intelligi
626 555 781 613 voluit,
799 557 1016 619 quidquid
1033 557 1181 602 illicite
1198 573 1345 602 rerum
1366 574 1465 619 pro-

71 627 172 671 ximi
202 627 425 684 aufertur,
450 630 467 686 )
487 626 685 688 profecto
711 637 754 672 et
775 629 952 673 nomine
973 628 1175 673 moechiae
1196 629 1338 673 omnis
1375 629 1464 673 illi-

71 696 181 741 citus
195 698 471 752 concubitus,
493 698 809 758 atqueillorum
821 699 1120 744 membrorum
1134 714 1225 744 non
1237 698 1457 758 legitimus

72 783 173 812 usus
190 768 446 828 prohibitus
459 768 591 813 debet
611 768 812 828 intelligi.

129 841 183 882 V.
203 841 262 883 Et
272 837 394 900 quod
410 838 576 883 dictum
589 848 654 883 est
672 859 680 884 ;
701 858 721 882 «
741 842 839 884 Non
852 839 1020 885 occides
1031 875 1042 896 ,
1070 857 1091 882 n
1108 855 1199 885 non
1213 839 1461 900 putandum

72 917 136 953 est
156 909 249 953 fieri
270 918 420 954 contra
454 909 538 955 hoc
555 919 846 970 pracceptum,
886 909 1065 971 quando
1086 911 1155 955 lex
1183 909 1343 955 occidit
1357 946 1369 966 ‚
1393 910 1463 955 vel

72 980 210 1025 occidi
221 980 410 1041 aliquem
422 984 538 1025 Deus
545 981 688 1042 jubet.
704 980 782 1026 llle
794 981 911 1026 enim
923 981 1027 1027 facit
1040 982 1115 1043 qui
1123 982 1266 1043 jubet,
1282 981 1462 1042 quando

74 1052 364 1096 ministerium
383 1067 541 1110 negare
558 1069 647 1097 non
664 1052 779 1097 licet.

133 1125 209 1166 Vl.
238 1126 289 1167 In
312 1139 362 1168 eo
386 1123 513 1167 etiam
543 1123 665 1184 quod
696 1123 862 1167 dictum
885 1133 974 1179 est,
1016 1142 1035 1165 «
1061 1121 1238 1167 Falsum
1267 1123 1463 1168 testimo-

78 1214 97 1237 »
122 1195 245 1240 nium
264 1212 353 1240 non
371 1195 486 1240 dices
499 1196 703 1240 adversus
717 1195 962 1255 proximum
974 1204 1117 1249 tuum,
1139 1213 1158 1235 n
1176 1195 1313 1254 quaeri
1334 1194 1459 1250 solet⁷

74 1275 223 1310 utrum
241 1266 512 1326 prohibitum
529 1267 582 1310 sit
605 1281 734 1310 omne
753 1265 1032 1309 mendacium
1060 1285 1068 1309 ;
1090 1281 1145 1309 ne
1161 1265 1274 1309 forte
1296 1281 1387 1310 non
1410 1266 1464 1309 sit

72 1338 155 1382 hoc
177 1347 443 1397 praeceptum
468 1338 670 1382 adversus
692 1353 786 1392 eos,
813 1337 889 1397 qui
912 1336 1065 1380 dicunt
1093 1346 1199 1381 tunc
1221 1352 1308 1380 esse
1334 1352 1463 1380 men-

72 1409 290 1464 tiendum,
327 1408 570 1470 quandoid
595 1407 872 1452 mendacium
896 1407 1073 1467 prodest
1096 1406 1246 1462 alicui,
1279 1417 1322 1451 et
1353 1408 1463 1451 nihil

72 1479 195 1524 obest
217 1480 256 1524 ei
279 1480 348 1525 cui
375 1479 584 1523 mentiris.
608 1478 708 1523 Tale
730 1479 894 1538 quippe
916 1494 1007 1522 non
1029 1487 1093 1522 est
1122 1477 1327 1522 adversus
1353 1493 1462 1537 pro-

73 1550 238 1594 ximum
260 1560 409 1606 tuum,
430 1560 480 1593 ut
507 1549 606 1594 ideo
637 1548 837 1593 videatur
863 1549 947 1592 hoc
969 1547 1186 1592 addidisse
1212 1550 1433 1608 Scriptura
1449 1583 1460 1604 ,

72 1638 171 1682 quae
188 1630 331 1681 posset
353 1620 542 1664 breviter
559 1619 702 1664 dicere
724 1639 732 1662 z
765 1638 784 1661 «
820 1618 995 1663 Falsum
1037 1619 1336 1664 testimonium
1371 1635 1461 1663 non

74 1710 95 1733 »
120 1692 257 1746 dices,
285 1711 305 1733 »
333 1693 443 1736 sicut
464 1691 571 1736 dixit
591 1711 597 1735 :
629 1711 648 1733 «
672 1694 771 1735 Non
793 1690 964 1735 occides
986 1710 995 1734 :
1016 1693 1115 1735 Non
1140 1691 1429 1736 moechaberis
1450 1710 1458 1734 :

75 1781 96 1803 η
122 1766 219 1807 Non
242 1762 470 1806 furaberis.
507 1781 527 1802 η
568 1761 653 1806 Sed
685 1762 788 1805 hinc
822 1777 979 1820 magna
1012 1762 1194 1821 quaestio
1225 1770 1309 1816 est,
1341 1777 1463 1806 neca

74 1832 380 1877 festinantibus
411 1831 640 1875 commode
663 1830 866 1891 explicari
900 1840 1068 1890 potest,
1101 1832 1324 1892 quomodo
1348 1832 1462 1876 acei-

75 1903 280 1962 piendum
295 1903 349 1946 sit
366 1922 373 1946 :
395 1923 413 1943 <‹
431 1903 587 1952 Perdes
599 1917 750 1945 omnes
763 1903 838 1961 qui
851 1901 1095 1962 loquuntur
1108 1903 1403 1947 mendaciuml
1423 1923 1459 1946 :u

75 1982 133 2029 et,
155 1994 174 2016 α
198 1972 297 2018 Noli
319 1972 431 2017 velle
457 1972 632 2016 mentiri
664 1987 793 2016 omne
829 1972 1133 2016 mendacium²
1160 1993 1168 2017 :
1189 1991 1209 2013 »
1238 1982 1282 2017 et
1309 1982 1464 2018 caetera

74 2042 339 2105 hujusmodi.

555 2139 791 2190 QUAESTIO
822 2140 977 2178 Lxxu.

139 2266 157 2287 «
184 2250 247 2291 ET
269 2246 409 2292 omnis
430 2244 620 2304 populus
646 2241 825 2288 videbat
861 2258 1035 2298 vocem,
1070 2252 1113 2287 et
1142 2243 1389 2303 lampadas,
1420 2253 1465 2288 et

81 2335 100 2358 »
125 2333 275 2362 vocem
311 2316 452 2370 tubae,
485 2325 528 2359 et
555 2324 751 2359 montem
788 2313 1073 2358 fumantemss.
1103 2332 1122 2355 »
1152 2313 1270 2359 Solet
1303 2315 1461 2375 quaeri,

78 2387 298 2447 quomodo
312 2386 501 2447 populus
517 2384 696 2429 videbat
710 2400 861 2429 vocem
875 2420 885 2439 ‚
906 2399 1007 2429 cum
1024 2400 1108 2428 vox
1122 2400 1211 2428 non
1230 2384 1284 2428 ad
1301 2385 1460 2439 visum,

79 2458 153 2501 sed
170 2458 313 2518 potius
335 2456 390 2501 ad
411 2455 612 2500 auditum
633 2456 847 2515 pertinere
862 2454 1077 2499 videatur.
1102 2455 1187 2500 Sed
1208 2454 1465 2500 sicutmodo

81 2526 166 2572 dixi
204 2527 426 2581 videatur⁷
459 2526 514 2570 de
551 2525 751 2571 omnibus
787 2541 888 2586 quae
919 2542 943 2572 a
970 2540 1041 2569 me
1068 2525 1187 2570 dicta
1211 2534 1336 2583 sunt3
1377 2525 1462 2580 sic⁷

130 2633 135 2647 ¹
159 2625 237 2657 Psal.
260 2636 291 2664 v,
307 2636 337 2666 7.
360 2642 400 2647 —
418 2632 430 2646 2
449 2623 549 2656 Eccli.
576 2634 634 2662 vu,
652 2622 703 2664 14.
724 2640 765 2645 —
786 2620 799 2645 3
820 2622 918 2654 Exod.
937 2633 990 2664 xx,
1018 2622 1068 2653 18.
