<?xml version="1.0" encoding="UTF-8"?>
<!DOCTYPE html PUBLIC "-//W3C//DTD XHTML 1.0 Transitional//EN"
    "http://www.w3.org/TR/xhtml1/DTD/xhtml1-transitional.dtd">
<html xmlns="http://www.w3.org/1999/xhtml" xml:lang="en" lang="en">
 <head>
  <title>
</title>
<meta http-equiv="Content-Type" content="text/html;charset=utf-8" />
  <meta name='ocr-system' content='tesseract 3.04.00' />
  <meta name='ocr-capabilities' content='ocr_page ocr_carea ocr_par ocr_line ocrx_word'/>
</head>
<body>
  <div class='ocr_page' id='page_1' title='image "./operaomniaaccura06auguuoft_0381.png"; bbox 0 0 1872 3267; ppageno 0'>
   <div class='ocr_carea' id='block_1_1' title="bbox 0 0 17 1840">
    <p class='ocr_par' dir='ltr' id='par_1_1' title="bbox 0 0 17 1840">
     <span class='ocr_line' id='line_1_1' title="bbox 0 0 17 1840; baseline 0 0"><span class='ocrx_word' id='word_1_1' title='bbox 0 0 17 1840; x_wconf 95' lang='lat' dir='ltr'> </span> 
     </span>
    </p>
   </div>
   <div class='ocr_carea' id='block_1_2' title="bbox 0 2439 6 2681">
    <p class='ocr_par' dir='ltr' id='par_1_2' title="bbox 0 2439 6 2681">
     <span class='ocr_line' id='line_1_2' title="bbox 0 2439 6 2681; baseline 0 586"><span class='ocrx_word' id='word_1_2' title='bbox 0 2439 6 2681; x_wconf 95' lang='lat' dir='ltr'> </span> 
     </span>
    </p>
   </div>
   <div class='ocr_carea' id='block_1_3' title="bbox 317 289 1437 344">
    <p class='ocr_par' dir='ltr' id='par_1_3' title="bbox 317 289 1437 344">
     <span class='ocr_line' id='line_1_3' title="bbox 317 289 1437 344; baseline -0.005 -10"><span class='ocrx_word' id='word_1_3' title='bbox 317 308 583 344; x_wconf 80' lang='lat' dir='ltr'><strong>QUAESTIONES</strong></span> <span class='ocrx_word' id='word_1_4' title='bbox 616 307 663 334; x_wconf 85' lang='lat' dir='ltr'>IN</span> <span class='ocrx_word' id='word_1_5' title='bbox 695 307 956 344; x_wconf 68' lang='lat' dir='ltr'>mvn-mum,</span> <span class='ocrx_word' id='word_1_6' title='bbox 993 306 1074 332; x_wconf 73' lang='lat' dir='ltr'>Lm.</span> <span class='ocrx_word' id='word_1_7' title='bbox 1110 306 1176 331; x_wconf 83' lang='lat'>111.</span> <span class='ocrx_word' id='word_1_8' title='bbox 1353 289 1437 329; x_wconf 86' lang='lat'>375</span> 
     </span>
    </p>
   </div>
   <div class='ocr_carea' id='block_1_4' title="bbox 45 369 1438 718">
    <p class='ocr_par' dir='ltr' id='par_1_4' title="bbox 45 369 1438 718">
     <span class='ocr_line' id='line_1_4' title="bbox 51 369 1432 434; baseline -0.006 -14"><span class='ocrx_word' id='word_1_9' title='bbox 51 375 270 434; x_wconf 82' lang='lat' dir='ltr'>Scriptura</span> <span class='ocrx_word' id='word_1_10' title='bbox 302 374 573 419; x_wconf 87' lang='lat' dir='ltr'>sacerdotem</span> <span class='ocrx_word' id='word_1_11' title='bbox 595 390 694 418; x_wconf 91' lang='lat' dir='ltr'>cum</span> <span class='ocrx_word' id='word_1_12' title='bbox 718 371 887 417; x_wconf 80' lang='lat' dir='ltr'><strong>fecisset</strong></span> <span class='ocrx_word' id='word_1_13' title='bbox 914 372 1121 417; x_wconf 84' lang='lat' dir='ltr'>sacrificia</span> <span class='ocrx_word' id='word_1_14' title='bbox 1146 369 1432 425; x_wconf 80' lang='lat' dir='ltr'>descendisse,</span> 
     </span>
     <span class='ocr_line' id='line_1_5' title="bbox 48 438 1438 504; baseline -0.005 -14"><span class='ocrx_word' id='word_1_15' title='bbox 48 447 130 490; x_wconf 93' lang='lat' dir='ltr'>hoc</span> <span class='ocrx_word' id='word_1_16' title='bbox 155 455 234 499; x_wconf 86' lang='lat' dir='ltr'>est,</span> <span class='ocrx_word' id='word_1_17' title='bbox 260 461 363 489; x_wconf 88' lang='lat' dir='ltr'>cum</span> <span class='ocrx_word' id='word_1_18' title='bbox 377 444 597 489; x_wconf 88' lang='lat' dir='ltr'>immolata</span> <span class='ocrx_word' id='word_1_19' title='bbox 616 443 890 504; x_wconf 81' lang='lat' dir='ltr'>imposuisset</span> <span class='ocrx_word' id='word_1_20' title='bbox 906 443 1051 498; x_wconf 85' lang='lat' dir='ltr'>altari,</span> <span class='ocrx_word' id='word_1_21' title='bbox 1067 442 1221 502; x_wconf 88' lang='lat' dir='ltr'>utique</span> <span class='ocrx_word' id='word_1_22' title='bbox 1236 438 1438 485; x_wconf 87' lang='lat' dir='ltr'>manifes-</span> 
     </span>
     <span class='ocr_line' id='line_1_6' title="bbox 48 511 1437 572; baseline -0.004 -12"><span class='ocrx_word' id='word_1_23' title='bbox 48 526 111 561; x_wconf 84' lang='lat' dir='ltr'>tat</span> <span class='ocrx_word' id='word_1_24' title='bbox 150 515 311 560; x_wconf 88' lang='lat' dir='ltr'>alicubi</span> <span class='ocrx_word' id='word_1_25' title='bbox 341 531 439 560; x_wconf 90' lang='lat' dir='ltr'>eum</span> <span class='ocrx_word' id='word_1_26' title='bbox 470 516 637 560; x_wconf 82' lang='lat' dir='ltr'>stetisse</span> <span class='ocrx_word' id='word_1_27' title='bbox 671 515 791 559; x_wconf 86' lang='lat' dir='ltr'>unde</span> <span class='ocrx_word' id='word_1_28' title='bbox 828 513 1108 559; x_wconf 83' lang='lat' dir='ltr'>descenderet</span> <span class='ocrx_word' id='word_1_29' title='bbox 1135 532 1144 556; x_wconf 66' lang='grc' dir='ltr'><strong>ς</strong></span> <span class='ocrx_word' id='word_1_30' title='bbox 1171 522 1213 556; x_wconf 89' lang='lat' dir='ltr'>et</span> <span class='ocrx_word' id='word_1_31' title='bbox 1242 512 1344 572; x_wconf 86' lang='lat' dir='ltr'>quia</span> <span class='ocrx_word' id='word_1_32' title='bbox 1377 511 1437 555; x_wconf 85' lang='lat' dir='ltr'>ibi</span> 
     </span>
     <span class='ocr_line' id='line_1_7' title="bbox 46 581 1438 642; baseline -0.004 -10"><span class='ocrx_word' id='word_1_33' title='bbox 46 596 247 642; x_wconf 89' lang='lat' dir='ltr'>steterat,</span> <span class='ocrx_word' id='word_1_34' title='bbox 268 585 366 632; x_wconf 90' lang='lat' dir='ltr'>ideo</span> <span class='ocrx_word' id='word_1_35' title='bbox 388 587 520 631; x_wconf 88' lang='lat' dir='ltr'>trium</span> <span class='ocrx_word' id='word_1_36' title='bbox 547 587 799 631; x_wconf 87' lang='lat' dir='ltr'>cubitorum</span> <span class='ocrx_word' id='word_1_37' title='bbox 826 585 949 630; x_wconf 86' lang='lat' dir='ltr'>altari</span> <span class='ocrx_word' id='word_1_38' title='bbox 972 582 1257 629; x_wconf 86' lang='lat' dir='ltr'>ministrando</span> <span class='ocrx_word' id='word_1_39' title='bbox 1279 581 1438 628; x_wconf 86' lang='lat' dir='ltr'>servire</span> 
     </span>
     <span class='ocr_line' id='line_1_8' title="bbox 45 667 252 718; baseline -0.01 -16"><span class='ocrx_word' id='word_1_40' title='bbox 45 667 252 718; x_wconf 85' lang='lat' dir='ltr'>potuisse.</span> 
     </span>
    </p>
   </div>
   <div class='ocr_carea' id='block_1_5' title="bbox 547 753 955 803">
    <p class='ocr_par' dir='ltr' id='par_1_5' title="bbox 547 753 955 803">
     <span class='ocr_line' id='line_1_9' title="bbox 547 753 955 803; baseline 0 -11"><span class='ocrx_word' id='word_1_41' title='bbox 547 753 784 803; x_wconf 73' lang='lat' dir='ltr'>QuAEsrlo</span> <span class='ocrx_word' id='word_1_42' title='bbox 816 754 955 793; x_wconf 79' lang='lat' dir='ltr'>xxlx.</span> 
     </span>
    </p>
   </div>
   <div class='ocr_carea' id='block_1_6' title="bbox 0 854 1438 1134">
    <p class='ocr_par' dir='ltr' id='par_1_6' title="bbox 0 854 1438 1134">
     <span class='ocr_line' id='line_1_10' title="bbox 107 854 1436 917; baseline -0.002 -17"><span class='ocrx_word' id='word_1_43' title='bbox 107 877 128 900; x_wconf 86' lang='lat'>«</span> <span class='ocrx_word' id='word_1_44' title='bbox 154 860 218 902; x_wconf 76' lang='lat' dir='ltr'>ET</span> <span class='ocrx_word' id='word_1_45' title='bbox 233 854 341 902; x_wconf 88' lang='lat' dir='ltr'>vidit</span> <span class='ocrx_word' id='word_1_46' title='bbox 355 857 494 901; x_wconf 88' lang='lat' dir='ltr'>omnis</span> <span class='ocrx_word' id='word_1_47' title='bbox 509 857 698 917; x_wconf 86' lang='lat' dir='ltr'>populus</span> <span class='ocrx_word' id='word_1_48' title='bbox 716 893 727 911; x_wconf 86' lang='lat'><em>‚</em></span> <span class='ocrx_word' id='word_1_49' title='bbox 752 866 796 902; x_wconf 90' lang='lat' dir='ltr'>et</span> <span class='ocrx_word' id='word_1_50' title='bbox 813 872 960 901; x_wconf 86' lang='lat' dir='ltr'>amens</span> <span class='ocrx_word' id='word_1_51' title='bbox 978 854 1118 900; x_wconf 87' lang='lat' dir='ltr'>factus</span> <span class='ocrx_word' id='word_1_52' title='bbox 1131 857 1234 899; x_wconf 77' lang='lat' dir='ltr'>est1.</span> <span class='ocrx_word' id='word_1_53' title='bbox 1259 872 1279 896; x_wconf 83' lang='lat'>»</span> <span class='ocrx_word' id='word_1_54' title='bbox 1305 854 1436 908; x_wconf 86' lang='lat' dir='ltr'>Quod</span> 
     </span>
     <span class='ocr_line' id='line_1_11' title="bbox 45 924 1438 987; baseline -0.003 -15"><span class='ocrx_word' id='word_1_55' title='bbox 45 927 115 973; x_wconf 82' lang='lat' dir='ltr'>alii</span> <span class='ocrx_word' id='word_1_56' title='bbox 139 928 394 987; x_wconf 85' lang='lat' dir='ltr'>interpretes</span> <span class='ocrx_word' id='word_1_57' title='bbox 418 927 637 983; x_wconf 87' lang='lat' dir='ltr'>dixerunt,</span> <span class='ocrx_word' id='word_1_58' title='bbox 668 927 908 987; x_wconf 76' lang='lat' dir='ltr'>«Expavit,</span> <span class='ocrx_word' id='word_1_59' title='bbox 932 945 952 967; x_wconf 85' lang='lat'>»</span> <span class='ocrx_word' id='word_1_60' title='bbox 978 935 1184 971; x_wconf 86' lang='lat' dir='ltr'>conantes</span> <span class='ocrx_word' id='word_1_61' title='bbox 1206 924 1438 969; x_wconf 84' lang='lat' dir='ltr'>transferre</span> 
     </span>
     <span class='ocr_line' id='line_1_12' title="bbox 0 990 1432 1059; baseline -0.003 -16"><span class='ocrx_word' id='word_1_62' title='bbox 0 990 1 1005; x_wconf 59' lang='lat'><em>³</em></span> <span class='ocrx_word' id='word_1_63' title='bbox 44 997 99 1043; x_wconf 92' lang='lat' dir='ltr'>de</span> <span class='ocrx_word' id='word_1_64' title='bbox 128 1014 297 1057; x_wconf 80' lang='lat' dir='ltr'>graeco,</span> <span class='ocrx_word' id='word_1_65' title='bbox 331 998 451 1059; x_wconf 86' lang='lat' dir='ltr'>quod</span> <span class='ocrx_word' id='word_1_66' title='bbox 483 999 649 1042; x_wconf 85' lang='lat' dir='ltr'>dictum</span> <span class='ocrx_word' id='word_1_67' title='bbox 682 1006 906 1052; x_wconf 65' lang='lat' dir='ltr'>est‚a·&#39;{s&#39;cr·r.‚</span> <span class='ocrx_word' id='word_1_68' title='bbox 935 997 1054 1042; x_wconf 88' lang='lat' dir='ltr'>unde</span> <span class='ocrx_word' id='word_1_69' title='bbox 1079 1005 1219 1040; x_wconf 71' lang='grc' dir='ltr'>ἔκστασις</span> <span class='ocrx_word' id='word_1_70' title='bbox 1251 996 1432 1051; x_wconf 88' lang='lat' dir='ltr'>dieitur,</span> 
     </span>
     <span class='ocr_line' id='line_1_13' title="bbox 0 1058 1309 1134; baseline -0.002 -20"><span class='ocrx_word' id='word_1_71' title='bbox 0 1058 1 1134; x_wconf 54' lang='lat' dir='ltr'>i</span> <span class='ocrx_word' id='word_1_72' title='bbox 43 1070 120 1131; x_wconf 84' lang='lat' dir='ltr'>qui</span> <span class='ocrx_word' id='word_1_73' title='bbox 140 1085 255 1130; x_wconf 86' lang='lat' dir='ltr'>saepe</span> <span class='ocrx_word' id='word_1_74' title='bbox 273 1070 316 1114; x_wconf 90' lang='lat' dir='ltr'>in</span> <span class='ocrx_word' id='word_1_75' title='bbox 341 1070 572 1129; x_wconf 86' lang='lat' dir='ltr'>Scripturis</span> <span class='ocrx_word' id='word_1_76' title='bbox 585 1070 727 1114; x_wconf 87' lang='lat' dir='ltr'>latinis</span> <span class='ocrx_word' id='word_1_77' title='bbox 744 1069 904 1129; x_wconf 82' lang='lat' dir='ltr'>legitur</span> <span class='ocrx_word' id='word_1_78' title='bbox 925 1069 1082 1113; x_wconf 88' lang='lat' dir='ltr'>mentis</span> <span class='ocrx_word' id='word_1_79' title='bbox 1099 1083 1309 1113; x_wconf 77' lang='lat' dir='ltr'>excessus.</span> 
     </span>
    </p>
   </div>
   <div class='ocr_carea' id='block_1_7' title="bbox 547 1179 940 1229">
    <p class='ocr_par' dir='ltr' id='par_1_7' title="bbox 547 1179 940 1229">
     <span class='ocr_line' id='line_1_14' title="bbox 547 1179 940 1229; baseline 0 -12"><span class='ocrx_word' id='word_1_80' title='bbox 547 1179 785 1229; x_wconf 82' lang='lat' dir='ltr'>QUAESTIO</span> <span class='ocrx_word' id='word_1_81' title='bbox 818 1179 940 1218; x_wconf 76' lang='lat' dir='ltr'>xxx.</span> 
     </span>
    </p>
   </div>
   <div class='ocr_carea' id='block_1_8' title="bbox 0 1280 1435 1681">
    <p class='ocr_par' dir='ltr' id='par_1_8' title="bbox 107 1280 1434 1341">
     <span class='ocr_line' id='line_1_15' title="bbox 107 1280 1434 1341; baseline 0 -18"><span class='ocrx_word' id='word_1_82' title='bbox 107 1302 127 1324; x_wconf 86' lang='lat'>«</span> <span class='ocrx_word' id='word_1_83' title='bbox 152 1284 215 1326; x_wconf 79' lang='grc' dir='ltr'>ΕΤ</span> <span class='ocrx_word' id='word_1_84' title='bbox 235 1283 336 1326; x_wconf 85' lang='lat' dir='ltr'>exiit</span> <span class='ocrx_word' id='word_1_85' title='bbox 358 1298 380 1327; x_wconf 85' lang='lat' dir='ltr'>a</span> <span class='ocrx_word' id='word_1_86' title='bbox 397 1283 581 1327; x_wconf 89' lang='lat' dir='ltr'>Domino</span> <span class='ocrx_word' id='word_1_87' title='bbox 595 1317 605 1336; x_wconf 82' lang='lat'>‚</span> <span class='ocrx_word' id='word_1_88' title='bbox 631 1291 674 1326; x_wconf 91' lang='lat' dir='ltr'>et</span> <span class='ocrx_word' id='word_1_89' title='bbox 696 1281 920 1326; x_wconf 83' lang='lat' dir='ltr'>devoravit</span> <span class='ocrx_word' id='word_1_90' title='bbox 937 1297 1036 1341; x_wconf 67' lang='lat' dir='ltr'>quae</span> <span class='ocrx_word' id='word_1_91' title='bbox 1063 1290 1188 1324; x_wconf 85' lang='lat' dir='ltr'>erant</span> <span class='ocrx_word' id='word_1_92' title='bbox 1209 1295 1339 1339; x_wconf 90' lang='lat' dir='ltr'>super</span> <span class='ocrx_word' id='word_1_93' title='bbox 1369 1280 1434 1324; x_wconf 88' lang='lat' dir='ltr'>al-</span> 
     </span>
    </p>

    <p class='ocr_par' dir='ltr' id='par_1_9' title="bbox 0 1350 1434 1411">
     <span class='ocr_line' id='line_1_16' title="bbox 0 1350 1434 1411; baseline -0.003 -12"><span class='ocrx_word' id='word_1_94' title='bbox 0 1391 1 1399; x_wconf 68' lang='grc'>,</span> <span class='ocrx_word' id='word_1_95' title='bbox 46 1371 67 1396; x_wconf 89' lang='lat'>»</span> <span class='ocrx_word' id='word_1_96' title='bbox 95 1362 205 1409; x_wconf 86' lang='lat' dir='ltr'>tare,</span> <span class='ocrx_word' id='word_1_97' title='bbox 227 1352 599 1398; x_wconf 83' lang='lat' dir='ltr'>holocaustomata</span> <span class='ocrx_word' id='word_1_98' title='bbox 616 1389 626 1409; x_wconf 90' lang='lat'>,</span> <span class='ocrx_word' id='word_1_99' title='bbox 658 1362 702 1396; x_wconf 91' lang='lat' dir='ltr'>et</span> <span class='ocrx_word' id='word_1_100' title='bbox 727 1353 915 1411; x_wconf 74' lang='lat' dir='ltr'>adipes2.</span> <span class='ocrx_word' id='word_1_101' title='bbox 955 1370 974 1392; x_wconf 90' lang='lat'>»</span> <span class='ocrx_word' id='word_1_102' title='bbox 1002 1350 1118 1404; x_wconf 87' lang='lat' dir='ltr'>Quid</span> <span class='ocrx_word' id='word_1_103' title='bbox 1147 1350 1325 1405; x_wconf 82' lang='lat' dir='ltr'>dixerit,</span> <span class='ocrx_word' id='word_1_104' title='bbox 1366 1371 1386 1393; x_wconf 88' lang='lat'>«</span> <span class='ocrx_word' id='word_1_105' title='bbox 1411 1367 1434 1395; x_wconf 83' lang='lat' dir='ltr'>a</span> 
     </span>
    </p>

    <p class='ocr_par' dir='ltr' id='par_1_10' title="bbox 0 1420 1435 1484">
     <span class='ocr_line' id='line_1_17' title="bbox 0 1420 1435 1484; baseline -0.001 -17"><span class='ocrx_word' id='word_1_106' title='bbox 0 1460 1 1467; x_wconf 71' lang='grc'>,</span> <span class='ocrx_word' id='word_1_107' title='bbox 46 1441 66 1466; x_wconf 85' lang='grc'>»</span> <span class='ocrx_word' id='word_1_108' title='bbox 88 1424 297 1477; x_wconf 84' lang='lat' dir='ltr'>Domino,</span> <span class='ocrx_word' id='word_1_109' title='bbox 318 1442 338 1464; x_wconf 72' lang='lat' dir='ltr'>n</span> <span class='ocrx_word' id='word_1_110' title='bbox 355 1424 493 1484; x_wconf 69' lang='lat' dir='ltr'>quaeri</span> <span class='ocrx_word' id='word_1_111' title='bbox 514 1432 701 1483; x_wconf 86' lang='lat' dir='ltr'>postest,</span> <span class='ocrx_word' id='word_1_112' title='bbox 729 1432 879 1467; x_wconf 86' lang='lat' dir='ltr'>utrum</span> <span class='ocrx_word' id='word_1_113' title='bbox 892 1422 993 1482; x_wconf 87' lang='lat' dir='ltr'>quia</span> <span class='ocrx_word' id='word_1_114' title='bbox 1005 1431 1115 1465; x_wconf 88' lang='lat' dir='ltr'>nutu</span> <span class='ocrx_word' id='word_1_115' title='bbox 1141 1431 1185 1466; x_wconf 86' lang='lat' dir='ltr'>et</span> <span class='ocrx_word' id='word_1_116' title='bbox 1205 1420 1435 1466; x_wconf 83' lang='lat' dir='ltr'>voluntate</span> 
     </span>
    </p>

    <p class='ocr_par' dir='ltr' id='par_1_11' title="bbox 0 1493 1430 1557">
     <span class='ocr_line' id='line_1_18' title="bbox 0 1493 1430 1557; baseline -0.001 -18"><span class='ocrx_word' id='word_1_117' title='bbox 0 1550 1 1557; x_wconf 10' lang='grc' dir='ltr'>ἵ</span> <span class='ocrx_word' id='word_1_118' title='bbox 43 1495 217 1539; x_wconf 88' lang='lat' dir='ltr'>Domini</span> <span class='ocrx_word' id='word_1_119' title='bbox 234 1494 401 1539; x_wconf 83' lang='lat' dir='ltr'>factum</span> <span class='ocrx_word' id='word_1_120' title='bbox 415 1504 504 1548; x_wconf 86' lang='lat' dir='ltr'>est,</span> <span class='ocrx_word' id='word_1_121' title='bbox 531 1511 585 1538; x_wconf 88' lang='lat' dir='ltr'>an</span> <span class='ocrx_word' id='word_1_122' title='bbox 604 1495 657 1538; x_wconf 89' lang='lat' dir='ltr'>ab</span> <span class='ocrx_word' id='word_1_123' title='bbox 677 1510 727 1538; x_wconf 92' lang='lat' dir='ltr'>eo</span> <span class='ocrx_word' id='word_1_124' title='bbox 745 1494 842 1538; x_wconf 91' lang='lat' dir='ltr'>loco</span> <span class='ocrx_word' id='word_1_125' title='bbox 867 1493 976 1551; x_wconf 84' lang='lat' dir='ltr'>ignis</span> <span class='ocrx_word' id='word_1_126' title='bbox 1000 1493 1104 1537; x_wconf 77' lang='lat' dir='ltr'>exiit</span> <span class='ocrx_word' id='word_1_127' title='bbox 1126 1493 1201 1536; x_wconf 87' lang='lat' dir='ltr'>ubi</span> <span class='ocrx_word' id='word_1_128' title='bbox 1223 1502 1315 1537; x_wconf 88' lang='lat' dir='ltr'>erat</span> <span class='ocrx_word' id='word_1_129' title='bbox 1336 1508 1430 1538; x_wconf 88' lang='lat' dir='ltr'>arca</span> 
     </span>
    </p>

    <p class='ocr_par' dir='ltr' id='par_1_12' title="bbox 42 1563 1433 1681">
     <span class='ocr_line' id='line_1_19' title="bbox 43 1563 1433 1625; baseline -0.001 -15"><span class='ocrx_word' id='word_1_130' title='bbox 43 1565 291 1610; x_wconf 87' lang='lat' dir='ltr'>testimonii.</span> <span class='ocrx_word' id='word_1_131' title='bbox 320 1568 418 1611; x_wconf 92' lang='lat' dir='ltr'>Non</span> <span class='ocrx_word' id='word_1_132' title='bbox 431 1566 549 1610; x_wconf 89' lang='lat' dir='ltr'>enim</span> <span class='ocrx_word' id='word_1_133' title='bbox 570 1566 614 1608; x_wconf 85' lang='lat' dir='ltr'>in</span> <span class='ocrx_word' id='word_1_134' title='bbox 636 1564 733 1609; x_wconf 90' lang='lat' dir='ltr'>loco</span> <span class='ocrx_word' id='word_1_135' title='bbox 748 1563 896 1625; x_wconf 88' lang='lat' dir='ltr'>aliquo</span> <span class='ocrx_word' id='word_1_136' title='bbox 909 1564 968 1609; x_wconf 87' lang='lat' dir='ltr'>ita</span> <span class='ocrx_word' id='word_1_137' title='bbox 986 1573 1048 1608; x_wconf 84' lang='lat' dir='ltr'>est</span> <span class='ocrx_word' id='word_1_138' title='bbox 1063 1563 1291 1620; x_wconf 86' lang='lat' dir='ltr'>Dominus,</span> <span class='ocrx_word' id='word_1_139' title='bbox 1312 1565 1433 1625; x_wconf 86' lang='lat' dir='ltr'>quasi</span> 
     </span>
     <span class='ocr_line' id='line_1_20' title="bbox 42 1635 337 1681; baseline -0.003 -1"><span class='ocrx_word' id='word_1_140' title='bbox 42 1635 145 1681; x_wconf 83' lang='lat' dir='ltr'>alibi</span> <span class='ocrx_word' id='word_1_141' title='bbox 167 1652 257 1681; x_wconf 88' lang='lat' dir='ltr'>non</span> <span class='ocrx_word' id='word_1_142' title='bbox 270 1636 337 1680; x_wconf 92' lang='lat' dir='ltr'>sit.</span> 
     </span>
    </p>
   </div>
   <div class='ocr_carea' id='block_1_9' title="bbox 531 1743 940 1792">
    <p class='ocr_par' dir='ltr' id='par_1_13' title="bbox 531 1743 940 1792">
     <span class='ocr_line' id='line_1_21' title="bbox 531 1743 940 1792; baseline 0 -10"><span class='ocrx_word' id='word_1_143' title='bbox 531 1743 768 1792; x_wconf 77' lang='lat' dir='ltr'>QUAESTIO</span> <span class='ocrx_word' id='word_1_144' title='bbox 800 1745 940 1782; x_wconf 78' lang='lat' dir='ltr'>xxxl.</span> 
     </span>
    </p>
   </div>
   <div class='ocr_carea' id='block_1_10' title="bbox 38 1844 1431 2608">
    <p class='ocr_par' dir='ltr' id='par_1_14' title="bbox 38 1844 1431 2608">
     <span class='ocr_line' id='line_1_22' title="bbox 102 1844 1431 1903; baseline -0.002 -12"><span class='ocrx_word' id='word_1_145' title='bbox 102 1850 390 1900; x_wconf 81' lang='lat' dir='ltr'><strong>POSTEAQUAM</strong></span> <span class='ocrx_word' id='word_1_146' title='bbox 408 1853 592 1889; x_wconf 76' lang='lat' dir='ltr'>exeunte</span> <span class='ocrx_word' id='word_1_147' title='bbox 615 1844 714 1903; x_wconf 78' lang='lat' dir='ltr'>igne</span> <span class='ocrx_word' id='word_1_148' title='bbox 737 1860 759 1888; x_wconf 85' lang='lat' dir='ltr'>a</span> <span class='ocrx_word' id='word_1_149' title='bbox 784 1846 991 1898; x_wconf 90' lang='lat' dir='ltr'>Domino,</span> <span class='ocrx_word' id='word_1_150' title='bbox 1012 1845 1176 1888; x_wconf 86' lang='lat' dir='ltr'>incensi</span> <span class='ocrx_word' id='word_1_151' title='bbox 1204 1854 1247 1888; x_wconf 93' lang='lat' dir='ltr'>et</span> <span class='ocrx_word' id='word_1_152' title='bbox 1269 1848 1431 1889; x_wconf 88' lang='lat' dir='ltr'>mortui</span> 
     </span>
     <span class='ocr_line' id='line_1_23' title="bbox 40 1915 1431 1976; baseline -0.001 -14"><span class='ocrx_word' id='word_1_153' title='bbox 40 1927 142 1962; x_wconf 87' lang='lat' dir='ltr'>sunt</span> <span class='ocrx_word' id='word_1_154' title='bbox 162 1917 240 1961; x_wconf 84' lang='lat' dir='ltr'>filii</span> <span class='ocrx_word' id='word_1_155' title='bbox 263 1920 434 1971; x_wconf 87' lang='lat' dir='ltr'>Aaron,</span> <span class='ocrx_word' id='word_1_156' title='bbox 460 1916 536 1976; x_wconf 83' lang='lat' dir='ltr'>qui</span> <span class='ocrx_word' id='word_1_157' title='bbox 556 1916 647 1960; x_wconf 89' lang='lat' dir='ltr'>ausi</span> <span class='ocrx_word' id='word_1_158' title='bbox 679 1926 781 1960; x_wconf 82' lang='lat' dir='ltr'>sunt</span> <span class='ocrx_word' id='word_1_159' title='bbox 820 1917 866 1960; x_wconf 90' lang='lat' dir='ltr'>in</span> <span class='ocrx_word' id='word_1_160' title='bbox 910 1915 1070 1960; x_wconf 87' lang='lat' dir='ltr'>batillis</span> <span class='ocrx_word' id='word_1_161' title='bbox 1102 1917 1188 1960; x_wconf 85' lang='lat' dir='ltr'>suis</span> <span class='ocrx_word' id='word_1_162' title='bbox 1234 1917 1431 1962; x_wconf 82' lang='lat' dir='ltr'>adhibito</span> 
     </span>
     <span class='ocr_line' id='line_1_24' title="bbox 41 1986 1429 2048; baseline 0.001 -17"><span class='ocrx_word' id='word_1_163' title='bbox 41 1989 136 2045; x_wconf 82' lang='lat' dir='ltr'>igne</span> <span class='ocrx_word' id='word_1_164' title='bbox 157 1987 299 2031; x_wconf 88' lang='lat' dir='ltr'>alieno</span> <span class='ocrx_word' id='word_1_165' title='bbox 321 1986 547 2030; x_wconf 88' lang='lat' dir='ltr'>incensum</span> <span class='ocrx_word' id='word_1_166' title='bbox 570 1987 793 2044; x_wconf 84' lang='lat' dir='ltr'>imponere</span> <span class='ocrx_word' id='word_1_167' title='bbox 817 1987 1026 2031; x_wconf 80' lang='lat' dir='ltr'>Domino³</span> <span class='ocrx_word' id='word_1_168' title='bbox 1045 2008 1055 2043; x_wconf 80' lang='lat'><em>3</em></span> <span class='ocrx_word' id='word_1_169' title='bbox 1081 1988 1203 2048; x_wconf 85' lang='lat' dir='ltr'>quod</span> <span class='ocrx_word' id='word_1_170' title='bbox 1224 1987 1323 2031; x_wconf 89' lang='lat' dir='ltr'>ideo</span> <span class='ocrx_word' id='word_1_171' title='bbox 1341 2004 1429 2032; x_wconf 89' lang='lat' dir='ltr'>non</span> 
     </span>
     <span class='ocr_line' id='line_1_25' title="bbox 39 2054 1427 2117; baseline 0.001 -15"><span class='ocrx_word' id='word_1_172' title='bbox 39 2058 219 2114; x_wconf 85' lang='lat' dir='ltr'>licebat,</span> <span class='ocrx_word' id='word_1_173' title='bbox 240 2056 342 2117; x_wconf 87' lang='lat' dir='ltr'>quia</span> <span class='ocrx_word' id='word_1_174' title='bbox 364 2072 416 2100; x_wconf 80' lang='lat' dir='ltr'>ex</span> <span class='ocrx_word' id='word_1_175' title='bbox 437 2054 513 2100; x_wconf 80' lang='lat' dir='ltr'>illo</span> <span class='ocrx_word' id='word_1_176' title='bbox 534 2056 634 2114; x_wconf 80' lang='lat' dir='ltr'>igne</span> <span class='ocrx_word' id='word_1_177' title='bbox 656 2057 731 2116; x_wconf 87' lang='lat' dir='ltr'>qui</span> <span class='ocrx_word' id='word_1_178' title='bbox 764 2055 972 2102; x_wconf 86' lang='lat' dir='ltr'>divinitus</span> <span class='ocrx_word' id='word_1_179' title='bbox 1001 2059 1047 2101; x_wconf 92' lang='lat' dir='ltr'>in</span> <span class='ocrx_word' id='word_1_180' title='bbox 1081 2058 1216 2102; x_wconf 87' lang='lat' dir='ltr'>altare</span> <span class='ocrx_word' id='word_1_181' title='bbox 1248 2070 1427 2104; x_wconf 86' lang='lat' dir='ltr'>venerat</span> 
     </span>
     <span class='ocr_line' id='line_1_26' title="bbox 41 2126 1431 2188; baseline 0.001 -16"><span class='ocrx_word' id='word_1_182' title='bbox 41 2127 242 2188; x_wconf 88' lang='lat' dir='ltr'>deinceps</span> <span class='ocrx_word' id='word_1_183' title='bbox 254 2126 494 2181; x_wconf 88' lang='lat' dir='ltr'>custodito,</span> <span class='ocrx_word' id='word_1_184' title='bbox 514 2126 659 2171; x_wconf 88' lang='lat' dir='ltr'>omnia</span> <span class='ocrx_word' id='word_1_185' title='bbox 677 2136 801 2170; x_wconf 87' lang='lat' dir='ltr'>erant</span> <span class='ocrx_word' id='word_1_186' title='bbox 817 2127 1094 2172; x_wconf 83' lang='lat' dir='ltr'>accendenda</span> <span class='ocrx_word' id='word_1_187' title='bbox 1112 2145 1211 2188; x_wconf 84' lang='lat' dir='ltr'>quae</span> <span class='ocrx_word' id='word_1_188' title='bbox 1225 2129 1271 2173; x_wconf 89' lang='lat' dir='ltr'>in</span> <span class='ocrx_word' id='word_1_189' title='bbox 1288 2130 1431 2173; x_wconf 87' lang='lat' dir='ltr'>taber-</span> 
     </span>
     <span class='ocr_line' id='line_1_27' title="bbox 41 2198 1425 2259; baseline 0.002 -16"><span class='ocrx_word' id='word_1_190' title='bbox 41 2200 196 2244; x_wconf 89' lang='lat' dir='ltr'>naculo</span> <span class='ocrx_word' id='word_1_191' title='bbox 219 2198 398 2244; x_wconf 82' lang='lat' dir='ltr'>accendi</span> <span class='ocrx_word' id='word_1_192' title='bbox 420 2198 651 2258; x_wconf 85' lang='lat' dir='ltr'>oportebat</span> <span class='ocrx_word' id='word_1_193' title='bbox 677 2200 885 2243; x_wconf 86' lang='lat' dir='ltr'>:mortuis</span> <span class='ocrx_word' id='word_1_194' title='bbox 908 2214 1010 2258; x_wconf 81' lang='lat' dir='ltr'>ergo</span> <span class='ocrx_word' id='word_1_195' title='bbox 1032 2198 1132 2255; x_wconf 87' lang='lat' dir='ltr'>illis,</span> <span class='ocrx_word' id='word_1_196' title='bbox 1158 2200 1217 2245; x_wconf 89' lang='lat' dir='ltr'>ait</span> <span class='ocrx_word' id='word_1_197' title='bbox 1237 2203 1425 2259; x_wconf 87' lang='lat' dir='ltr'>Moyses,</span> 
     </span>
     <span class='ocr_line' id='line_1_28' title="bbox 46 2269 1429 2331; baseline 0.003 -19"><span class='ocrx_word' id='word_1_198' title='bbox 46 2290 66 2313; x_wconf 88' lang='lat'>«</span> <span class='ocrx_word' id='word_1_199' title='bbox 84 2273 175 2315; x_wconf 90' lang='lat' dir='ltr'>Hoc</span> <span class='ocrx_word' id='word_1_200' title='bbox 188 2280 252 2315; x_wconf 90' lang='lat' dir='ltr'>est</span> <span class='ocrx_word' id='word_1_201' title='bbox 268 2269 389 2331; x_wconf 89' lang='lat' dir='ltr'>quod</span> <span class='ocrx_word' id='word_1_202' title='bbox 411 2269 518 2314; x_wconf 82' lang='lat' dir='ltr'>dixit</span> <span class='ocrx_word' id='word_1_203' title='bbox 539 2269 749 2313; x_wconf 88' lang='lat' dir='ltr'>Dominus</span> <span class='ocrx_word' id='word_1_204' title='bbox 768 2269 914 2314; x_wconf 91' lang='lat' dir='ltr'>dicens</span> <span class='ocrx_word' id='word_1_205' title='bbox 934 2290 942 2315; x_wconf 90' lang='lat'>:</span> <span class='ocrx_word' id='word_1_206' title='bbox 969 2274 1021 2314; x_wconf 90' lang='lat' dir='ltr'>In</span> <span class='ocrx_word' id='word_1_207' title='bbox 1039 2271 1096 2314; x_wconf 86' lang='lat' dir='ltr'>eis</span> <span class='ocrx_word' id='word_1_208' title='bbox 1118 2271 1193 2331; x_wconf 85' lang='lat' dir='ltr'>qui</span> <span class='ocrx_word' id='word_1_209' title='bbox 1216 2272 1325 2316; x_wconf 89' lang='lat' dir='ltr'>mihi</span> <span class='ocrx_word' id='word_1_210' title='bbox 1349 2289 1429 2331; x_wconf 85' lang='lat' dir='ltr'>ap-</span> 
     </span>
     <span class='ocr_line' id='line_1_29' title="bbox 41 2340 1423 2402; baseline 0.002 -18"><span class='ocrx_word' id='word_1_211' title='bbox 41 2360 62 2384; x_wconf 87' lang='lat'>»</span> <span class='ocrx_word' id='word_1_212' title='bbox 87 2342 382 2402; x_wconf 83' lang='lat' dir='ltr'>propinquant</span> <span class='ocrx_word' id='word_1_213' title='bbox 404 2340 728 2396; x_wconf 81' lang='lat' dir='ltr'>sanctificabor,</span> <span class='ocrx_word' id='word_1_214' title='bbox 746 2350 788 2384; x_wconf 91' lang='lat' dir='ltr'>et</span> <span class='ocrx_word' id='word_1_215' title='bbox 809 2342 855 2384; x_wconf 92' lang='lat' dir='ltr'>in</span> <span class='ocrx_word' id='word_1_216' title='bbox 872 2342 992 2386; x_wconf 88' lang='lat' dir='ltr'>omni</span> <span class='ocrx_word' id='word_1_217' title='bbox 1014 2358 1234 2401; x_wconf 84' lang='lat' dir='ltr'>synagoga</span> <span class='ocrx_word' id='word_1_218' title='bbox 1258 2343 1423 2402; x_wconf 82' lang='lat' dir='ltr'>glorifi-</span> 
     </span>
     <span class='ocr_line' id='line_1_30' title="bbox 43 2413 1422 2475; baseline 0.003 -20"><span class='ocrx_word' id='word_1_219' title='bbox 43 2432 62 2455; x_wconf 88' lang='lat'>»</span> <span class='ocrx_word' id='word_1_220' title='bbox 88 2414 241 2458; x_wconf 71' lang='lat' dir='ltr'>cabor⁴</span> <span class='ocrx_word' id='word_1_221' title='bbox 266 2434 274 2458; x_wconf 90' lang='grc'>;</span> <span class='ocrx_word' id='word_1_222' title='bbox 302 2432 321 2454; x_wconf 87' lang='lat'>»</span> <span class='ocrx_word' id='word_1_223' title='bbox 347 2428 419 2457; x_wconf 93' lang='lat' dir='ltr'>eos</span> <span class='ocrx_word' id='word_1_224' title='bbox 449 2413 799 2473; x_wconf 82' lang='lat' dir='ltr'>appropinquare</span> <span class='ocrx_word' id='word_1_225' title='bbox 827 2415 1015 2458; x_wconf 89' lang='lat' dir='ltr'>Domino</span> <span class='ocrx_word' id='word_1_226' title='bbox 1041 2413 1192 2459; x_wconf 86' lang='lat' dir='ltr'>volens</span> <span class='ocrx_word' id='word_1_227' title='bbox 1218 2414 1422 2475; x_wconf 79' lang='lat' dir='ltr'>intelligi,</span> 
     </span>
     <span class='ocr_line' id='line_1_31' title="bbox 40 2482 1426 2544; baseline 0.001 -16"><span class='ocrx_word' id='word_1_228' title='bbox 40 2485 171 2544; x_wconf 87' lang='lat' dir='ltr'>quiin</span> <span class='ocrx_word' id='word_1_229' title='bbox 188 2483 467 2528; x_wconf 79' lang='lat' dir='ltr'>tabernaculo</span> <span class='ocrx_word' id='word_1_230' title='bbox 480 2483 720 2527; x_wconf 86' lang='lat' dir='ltr'>sacerdotio</span> <span class='ocrx_word' id='word_1_231' title='bbox 734 2482 1056 2543; x_wconf 67' lang='lat' dir='ltr'>fungebantur,</span> <span class='ocrx_word' id='word_1_232' title='bbox 1077 2485 1335 2529; x_wconf 86' lang='lat' dir='ltr'>sanctificari</span> <span class='ocrx_word' id='word_1_233' title='bbox 1349 2501 1426 2529; x_wconf 86' lang='lat' dir='ltr'>au-</span> 
     </span>
     <span class='ocr_line' id='line_1_32' title="bbox 38 2554 1423 2608; baseline 0.001 -9"><span class='ocrx_word' id='word_1_234' title='bbox 38 2565 122 2600; x_wconf 88' lang='lat' dir='ltr'>tem</span> <span class='ocrx_word' id='word_1_235' title='bbox 140 2557 184 2599; x_wconf 93' lang='lat' dir='ltr'>in</span> <span class='ocrx_word' id='word_1_236' title='bbox 206 2557 263 2599; x_wconf 89' lang='lat' dir='ltr'>eis</span> <span class='ocrx_word' id='word_1_237' title='bbox 292 2556 421 2599; x_wconf 89' lang='lat' dir='ltr'>etiam</span> <span class='ocrx_word' id='word_1_238' title='bbox 442 2554 705 2599; x_wconf 86' lang='lat' dir='ltr'>vindicando</span> <span class='ocrx_word' id='word_1_239' title='bbox 727 2591 736 2608; x_wconf 88' lang='lat'>,</span> <span class='ocrx_word' id='word_1_240' title='bbox 767 2556 877 2599; x_wconf 88' lang='lat' dir='ltr'>sicut</span> <span class='ocrx_word' id='word_1_241' title='bbox 900 2555 1063 2600; x_wconf 87' lang='lat' dir='ltr'>factum</span> <span class='ocrx_word' id='word_1_242' title='bbox 1094 2566 1171 2600; x_wconf 87' lang='lat' dir='ltr'>est.</span> <span class='ocrx_word' id='word_1_243' title='bbox 1198 2559 1355 2600; x_wconf 85' lang='lat' dir='ltr'>Utrum</span> <span class='ocrx_word' id='word_1_244' title='bbox 1374 2567 1423 2602; x_wconf 88' lang='lat' dir='ltr'>ut</span> 
     </span>
    </p>
   </div>
   <div class='ocr_carea' id='block_1_11' title="bbox 92 2651 1147 2695">
    <p class='ocr_par' dir='ltr' id='par_1_15' title="bbox 92 2651 1147 2695">
     <span class='ocr_line' id='line_1_33' title="bbox 92 2651 1147 2695; baseline -0.003 -9"><span class='ocrx_word' id='word_1_245' title='bbox 92 2661 98 2675; x_wconf 88' lang='lat'>¹</span> <span class='ocrx_word' id='word_1_246' title='bbox 118 2655 219 2686; x_wconf 74' lang='lat' dir='ltr'>Levit.</span> <span class='ocrx_word' id='word_1_247' title='bbox 241 2666 284 2695; x_wconf 54' lang='lat'>122,</span> <span class='ocrx_word' id='word_1_248' title='bbox 305 2653 357 2695; x_wconf 21' lang='lat'>27‘4.</span> <span class='ocrx_word' id='word_1_249' title='bbox 376 2671 417 2676; x_wconf 80' lang='lat'>-—-</span> <span class='ocrx_word' id='word_1_250' title='bbox 437 2653 551 2684; x_wconf 68' lang='lat' dir='ltr'>²1bid.</span> <span class='ocrx_word' id='word_1_251' title='bbox 578 2652 687 2694; x_wconf 50' lang='lat'>14.—</span> <span class='ocrx_word' id='word_1_252' title='bbox 711 2651 836 2689; x_wconf 69' lang='lat' dir='ltr'>31‹l.x·,</span> <span class='ocrx_word' id='word_1_253' title='bbox 865 2665 890 2683; x_wconf 80' lang='lat'>1.</span> <span class='ocrx_word' id='word_1_254' title='bbox 917 2652 983 2681; x_wconf 73' lang='lat' dir='ltr'>—-li</span> <span class='ocrx_word' id='word_1_255' title='bbox 1009 2654 1090 2684; x_wconf 52' lang='lat' dir='ltr'>Ibiil.</span> <span class='ocrx_word' id='word_1_256' title='bbox 1117 2653 1147 2684; x_wconf 77' lang='lat'>3.</span> 
     </span>
    </p>
   </div>
  </div>
 </body>
</html>
