1872 3267
451 217 535 258 434
871 233 907 259 s.
940 231 1169 260 Aucus'nm
1201 234 1382 261 Eriscori

445 294 635 356 petendo
671 295 932 340 manifestat.
958 300 1068 344 Nam
1089 307 1132 343 et
1158 297 1269 342 illud
1295 317 1315 340 «
1339 313 1419 358 pro
1440 308 1618 358 peccato
1648 317 1667 341 »
1694 299 1821 355 dicit,
1857 345 1861 353 ,

445 365 565 426 quod
586 365 704 426 prius
726 364 891 410 dixerat
917 386 937 409 «
960 366 1007 411 in
1029 377 1256 428 peccatum
1279 387 1288 412 ε
1311 385 1332 409 »
1359 377 1403 412 et
1424 368 1508 413 hoc
1529 388 1550 411 «
1568 369 1825 414 sacrificium

446 453 468 480 »
502 435 698 482 salutaris
713 472 724 493 ,
746 455 766 480 υ
790 437 911 498 quod
932 438 1049 498 prius
1070 438 1235 484 dixerat
1249 474 1263 495 ,
1291 458 1312 481 «
1331 439 1378 483 in
1394 437 1596 484 salutare.
1623 458 1643 482 »

943 537 1178 587 QUAEsrio
1210 539 1312 577 xm.

505 657 526 680 «
551 641 744 683 LocuTus
767 647 830 683 est
867 639 1075 683 Dominus
1102 638 1158 684 ad
1182 643 1365 698 Moysen
1381 675 1392 696 ,
1429 640 1576 685 dicens
1602 659 1611 684 :
1638 642 1731 685 Hoc
1749 642 1827 702 ‘est

444 726 466 750 »
501 708 556 752 de
573 709 775 754 Levitis1.
803 726 823 750 »
851 710 944 754 Hoc
967 708 1040 753 alii
1059 709 1329 770 interpretati
1350 719 1467 766 sunt,
1496 729 1516 753 «
1542 712 1648 754 Haec
1668 719 1732 754 est
1752 709 1821 755 lex
1848 737 1849 741 =

500 779 555 824 de
578 779 736 825 Levitis
758 799 767 824 ε
795 798 814 822 >>
840 780 918 824 sed
939 780 1059 841 quod
1080 782 1289 841 scriptum
1310 792 1374 827 est
1391 817 1402 835 ‚
1427 801 1447 824 «
1472 784 1565 826 Hoc
1583 791 1646 826 est
1667 780 1722 826 de
1745 785 1823 826 Le-

442 869 464 893 »
498 850 613 908 vitis,
629 851 919 912 »intelligitur
942 850 1125 908 dictum,
1144 855 1273 897 «Hoc
1290 853 1508 898 constituo
1530 851 1584 896 de
1607 852 1816 898 Levitis.»

947 960 1184 1010 QUAEsTIO
1215 963 1317 1001 Xiv.

444 798 454 822 )

456 800 465 821 υ

499 1068 668 1110 DEINDE
690 1065 909 1125 sequitur:
929 1083 950 1106 «
970 1068 1007 1108 A
1024 1064 1179 1124 quinto
1197 1074 1240 1108 et
1259 1065 1462 1110 vicesimo
1479 1081 1594 1110 anno
1609 1075 1652 1110 et
1673 1081 1816 1126 supra,
1838 1095 1839 1100 =

442 1154 462 1178 »
499 1136 743 1181 introibunt
764 1135 1006 1179 ministrare
1023 1135 1069 1178 in
1089 1135 1374 1179 ministerium
1397 1136 1442 1180 in
1464 1137 1666 1196 operibus
1687 1137 1734 1180 in
1755 1146 1820 1181 ta-

441 1225 462 1248 »
498 1206 733 1250 bernaculo
757 1205 1020 1262 testimonii,
1052 1214 1096 1249 et
1128 1222 1151 1248 a
1174 1206 1544 1266 quinquagenario
1566 1206 1738 1251 recedet
1764 1207 1834 1251 ab·
1868 1195 1872 1223 ¹

441 1295 462 1318 »
497 1276 884 1331 administratione,
910 1285 953 1319 et
972 1291 1060 1319 non
1083 1275 1330 1335 operabitur
1349 1275 1461 1320 ultra
1483 1296 1491 1321 :
1517 1279 1584 1335 (et
1605 1271 1820 1321 ministra·
1866 1266 1872 1294 ⁵

440 1368 461 1391 »
496 1349 562 1393 bit
592 1348 726 1392 frater
758 1348 910 1408 ejus,)
944 1347 990 1391 in
1011 1347 1292 1392 tabernaculo
1330 1348 1565 1393 testimonii
1601 1348 1833 1393 custodire

439 1437 460 1462 »
494 1419 735 1476 custodia33
761 1433 890 1478 opera
913 1427 1061 1462 autem
1081 1433 1171 1462 non
1192 1418 1484 1477 operabitur2.
1512 1438 1532 1461 »
1569 1422 1698 1465 Hunc
1719 1435 1832 1464 sen-

435 1507 532 1536 sum
556 1491 791 1536 obscurum
810 1489 915 1534 facit
936 1498 1120 1544 ὐπὲρὲατω,
1140 1489 1261 1550 quod
1280 1491 1340 1535 ita
1356 1490 1589 1535 confusum
1612 1501 1676 1536 est
1689 1527 1701 1547 ,
1722 1501 1818 1536 tan-

434 1578 568 1624 quam
588 1562 643 1607 de
671 1563 763 1622 ipso
785 1561 918 1607 fratre
939 1563 993 1608 sit
1015 1563 1183 1607 dictum
1201 1598 1212 1618 ,
1236 1582 1256 1605 «
1280 1562 1509 1606 Custodire
1530 1562 1772 1621 custodia83
1793 1560 1813 1604 ᾗ)

432 1650 535 1680 cum
552 1635 719 1678 dictum
736 1634 791 1678 sit
817 1633 871 1678 de
887 1633 963 1678 illo
979 1669 990 1689 ,
1016 1634 1091 1694 qui
1114 1632 1277 1677 recedit
1297 1633 1352 1676 ab
1374 1633 1594 1692 operibus,
1615 1643 1659 1678 et
1680 1649 1824 1678 remam

433 1705 556 1749 nebit
577 1703 665 1748 illic
685 1739 696 1760 ,
731 1723 751 1746 «
776 1707 826 1748 In
857 1703 1139 1748 tabernaculo
1162 1703 1395 1747 testimonii
1429 1703 1645 1748 custodire
1671 1713 1815 1749 eusto-

436 1794 456 1817 »
492 1775 607 1830 dias,
647 1789 777 1834 opera
815 1783 960 1819 autem
995 1790 1083 1818 non
1106 1773 1382 1833 operabitur3
1409 1791 1429 1814 »
1470 1774 1546 1817 scd
1567 1774 1819 1833 operabitur

433 1846 566 1892 frater
589 1847 679 1906 ejus
697 1881 708 1900 ,
728 1845 774 1890 id
791 1855 869 1901 est,
895 1845 972 1906 qui
994 1845 1190 1890 nondum
1207 1844 1406 1904 pervenit
1426 1845 1482 1888 ad
1499 1854 1671 1889 aetatem
1693 1845 1818 1906 quin-

432 1917 738 1979 quagenariam
756 1951 766 1970 ,
796 1933 818 1960 a
846 1915 1219 1976 viginti-quinque
1251 1915 1373 1959 annis
1400 1915 1609 1974 incipiens
1628 1915 1817 1975 operari.

435 1992 551 2047 Ergo
572 1987 630 2031 ita
653 1985 1013 2045 distinguendum
1030 1995 1094 2031 est
1118 2005 1126 2030 :
1149 2005 1168 2027 «
1186 1988 1243 2030 Et
1260 2001 1283 2029 a
1305 1986 1677 2046 quinquagenario
1699 2002 1807 2031 rece-

437 2078 458 2101 »
493 2059 568 2104 det
599 2059 654 2103 ab
689 2058 1084 2113 administratione,
1118 2067 1161 2102 et
1193 2073 1283 2102 non
1317 2057 1569 2117 operabitur
1597 2057 1739 2113 ultra,
1773 2067 1814 2108 et

436 2150 456 2171 »
493 2129 754 2174 ministrabit
786 2129 917 2173 frater
940 2129 1044 2188 ejus.
1081 2146 1100 2169 »
1138 2127 1304 2172 Deinde
1327 2127 1437 2172 redit
1465 2127 1520 2172 ad
1540 2127 1665 2172 illum
1687 2129 1803 2189 quin·

433 2201 746 2263 quagenarium
763 2235 773 2254 ,
794 2199 849 2243 de
876 2216 965 2260 quo
984 2199 1264 2259 loquebatur,
1292 2209 1336 2243 et
1356 2199 1411 2243 de
1432 2199 1507 2251 ilio
1529 2199 1713 2259 explicat
1729 2215 1810 2245 cae-

434 2282 525 2318 tera
542 2308 553 2328 ‚
574 2272 719 2316 dicens
740 2291 748 2315 :
779 2290 799 2313 «
825 2274 875 2315 In
903 2271 1185 2315 tabernaculo
1210 2271 1444 2315 testimonii
1465 2271 1683 2315 custodire
1714 2286 1799 2316 cus-

437 2363 458 2386 »
493 2344 654 2397 todias‚
679 2358 809 2403 opera
838 2351 982 2386 autem
1002 2359 1091 2386 non
1113 2342 1378 2402 operabitur.
1402 2360 1422 2383 »
1449 2341 1577 2395 Quod
1594 2342 1709 2386 enim
1727 2343 1784 2387 ait
1805 2382 1807 2387 .

437 2435 458 2458 «
491 2414 738 2470 custodire,
774 2433 793 2455 »
835 2413 1122 2469 subauditur,
1155 2412 1357 2472 incipiet,
1400 2422 1609 2473 tanquam
1646 2412 1692 2457 id
1725 2428 1794 2457 unc

432 2486 568 2532 verbo
605 2485 796 2540 diceret,
837 2484 1053 2530 custodiet
1083 2483 1315 2529 custodias.
1355 2481 1473 2528 Solet
1504 2484 1620 2528 enim
1659 2483 1806 2528 usitat·

482 2589 490 2606 ¹
518 2584 611 2617 Num.
633 2593 675 2626 vi,
699 2581 806 2625 1417.
826 2598 867 2605 —-
888 2588 901 2605 ²
922 2581 968 2614 Id.
992 2591 1061 2622 vm,
1081 2578 1196 2625 24-26.
