1872 3267
404 206 454 244 16
828 213 861 240 s.
898 212 1127 243 Aue-usum
1161 216 1340 244 EPlscom

458 282 611 325 xfflv.
639 298 660 320 «
682 277 885 322 Videntes
900 279 1084 324 vidimus
1103 281 1205 341 quia
1228 290 1291 325 est
1306 281 1517 325 Dominus
1538 282 1724 324 tecum1.
1753 298 1773 321 »

455 351 588 394 XCV.
619 367 639 390 «
662 350 718 391 Et
735 347 1012 407 disponemus
1035 359 1178 394 tecum
1203 359 1505 394 testamentum
1534 369 1542 394 :
1582 367 1602 389 »
1631 359 1778 394 amant

399 420 630 479 Scripturae
654 434 734 479 pro
761 427 888 478 pacto
913 434 1074 478 ponere
1099 429 1428 476 testamentum,
1464 419 1511 464 id
1538 429 1602 465 est
1619 425 1775 465 διαθήκην.

397 489 528 543 Quod
544 488 668 534 latini
681 490 860 545 habent,
882 509 902 532 «
922 492 978 534 Et
995 490 1272 550 disponemus
1307 501 1452 535 tecum
1472 500 1778 537 testamentum

401 580 420 602 »
447 577 502 605 ne
523 560 652 605 facias
673 561 899 605 nobiscum
923 560 1116 606 malum2
1134 581 1144 608 t
1164 581 1184 603 n
1204 572 1410 623 tanquam
1432 561 1665 619 diceretur,
1682 582 1704 606 «
1728 572 1778 608 ut

398 632 623 693 paciscaris
645 648 735 676 non
757 631 898 676 facere
919 631 1147 677 nobiscum
1164 632 1344 677 malum.
1374 652 1394 675 »

455 706 612 749 XCVI.
653 724 672 745 «
710 706 766 747 Et
793 703 964 748 vocavit
993 703 1130 748 filium
1157 720 1285 749 suum
1313 705 1524 749 seniorem
1560 706 1702 760 Esau,
1735 715 1778 750 et

396 775 554 818 dixit3:
583 793 603 815 >›
629 775 711 818 hoc
741 773 838 818 loco
869 774 1046 818 senioris
1073 790 1233 819 nomen
1258 791 1348 819 non
1370 775 1584 834 significat
1605 784 1777 821 aetatem

398 860 588 904 gravem,
609 844 682 888 sed
705 860 756 888 ex
774 845 1096 904 comparatione
1109 846 1331 905 majorem.

455 918 635 960 XCVII.
667 935 686 957 «
706 918 832 961 Nunc
867 931 969 974 ergo
998 931 1119 959 sume
1140 931 1212 960 vas
1236 925 1363 960 tuum
1379 916 1713 977 pharetramque
1735 926 1778 962 ct

401 1006 421 1027 >›
447 1002 594 1031 arcum
608 987 623 1011 4
641 1007 649 1031 2
670 1005 690 1027 »
709 1002 800 1031 non
810 986 936 1042 dixit,
962 1003 1075 1042 vasa,
1101 986 1196 1042 sed,
1217 1003 1289 1032 vas
1308 1007 1316 1031 ε
1335 986 1455 1047 quod
1477 996 1623 1032 autem
1644 987 1776 1033 intel-

396 1057 473 1117 ligi
488 1058 643 1112 voluit,
665 1074 754 1102 non
777 1067 971 1118 apparet,
996 1058 1076 1102 nisi
1099 1057 1210 1103 forte
1230 1057 1394 1102 locutio
1413 1067 1491 1113 est,
1509 1067 1559 1102 ut
1579 1074 1651 1102 vas
1670 1059 1776 1118 pha-

398 1138 555 1173 retram
576 1128 763 1174 volucrit
788 1128 992 1187 intelligi,
1028 1138 1071 1173 et
1099 1128 1357 1188 exponendo
1379 1128 1488 1188 quid
1508 1128 1662 1172 dixerit
1678 1146 1773 1185 vaS,

397 1198 657 1260 adjunxerit,
679 1200 1048 1259 «pharetramque
1066 1209 1109 1243 ct
1131 1216 1304 1255 arcum,
1331 1218 1351 1240 >›
1375 1208 1581 1260 tanquam
1603 1199 1773 1254 dixerit,

401 1290 421 1313 «
443 1273 572 1316 Sume
593 1287 666 1315 vas
681 1281 806 1315 tuum
821 1280 864 1315 et
877 1271 1147 1330 pharetram3
1170 1290 1190 1313 »
1207 1271 1342 1315 veluti
1356 1271 1388 1315 si
1407 1271 1591 1329 diceret3
1610 1290 1629 1313 «
1647 1274 1776 1316 Sume

393 1357 466 1386 Vas
485 1350 627 1397 tuum,
650 1341 694 1386 id
716 1351 794 1397 cst,
810 1341 1072 1401 pharetram,
1091 1340 1284 1385 »deinde
1300 1340 1436 1396 aliud⁷
1457 1361 1474 1381 «
1502 1351 1544 1385 et
1559 1357 1722 1397 arcum,
1750 1360 1771 1383 »

396 1411 516 1473 quod
538 1429 627 1457 non
649 1412 703 1456 ad
725 1412 836 1456 illud
858 1429 930 1456 vas
951 1413 1187 1472 pertineret
1209 1412 1331 1472 quod
1348 1421 1410 1455 est
1435 1412 1637 1471 pharetra
1656 1431 1664 1456 ε
1701 1421 1776 1457 aut

397 1493 511 1527 certe
526 1485 772 1543 pharetram
787 1493 830 1527 ct
851 1499 997 1528 arcum
1019 1499 1091 1527 vas
1109 1482 1249 1527 voluit
1271 1482 1502 1542 appellare,
1515 1482 1776 1541 singularem

397 1570 561 1614 ponens
575 1570 806 1598 numerum
820 1570 897 1614 pro
910 1553 1090 1614 plurali3
1107 1563 1316 1613 tanquam
1330 1552 1362 1596 si
1379 1552 1541 1597 diceret
1556 1572 1565 1597 ε
1583 1554 1776 1614 «Accipe
1824 1600 1826 1615 ί

394 1635 555 1670 vestem
578 1635 720 1679 tuam,
749 1643 768 1666 )›
790 1640 878 1685 quo
901 1625 1076 1668 nomine
1093 1623 1432 1683 intelligeremus
1449 1622 1592 1683 plures
1614 1633 1774 1680 vestes,

391 1696 518 1740 sicuti
548 1695 829 1755 intelligimus
850 1694 1031 1739 militem
1054 1709 1133 1753 pro
1164 1693 1396 1749 militibus,
1430 1702 1474 1738 et
1510 1693 1648 1739 multa
1674 1704 1778 1740 sunt
1823 1745 1825 1761 ζ

394 1767 509 1812 talia.

451 1839 654 1882 XCVIII.
684 1857 703 1880 «
734 1838 813 1882 Exi
842 1838 887 1881 in
915 1851 1143 1896 campum,
1178 1846 1221 1880 et
1252 1852 1408 1881 venare
1441 1837 1549 1882 mihi
1580 1840 1777 1884 venatio-

394 1928 414 1950 ))
431 1924 530 1952 nem
546 1910 576 1952 ⁵.
607 1927 626 1949 ))

450 1983 594 2025 XCIX
626 1999 645 2021 ‹<
672 1982 728 2024 Et
751 1980 859 2023 vade
889 1979 943 2023 ad
969 1995 1068 2023 oves
1086 2015 1096 2035 ,
1124 1989 1167 2023 et
1193 1994 1314 2023 sume
1347 1979 1453 2023 mihi
1482 1979 1591 2025 duos
1620 1981 1775 2026 hoedos

396 2072 415 2094 »
442 2061 611 2096 teneros
633 2060 675 2095 et
697 2051 834 2095 bonos
849 2052 863 2078 ὅ
891 2070 899 2094 ;
929 2068 948 2091 ))
970 2050 1146 2095 nomine
1169 2050 1314 2095 ovium
1346 2051 1574 2112 utriusque
1609 2053 1776 2111 pecoris

395 2138 530 2183 genus
557 2120 830 2179 significavit,
865 2120 985 2181 quod
1012 2121 1057 2164 in
1085 2120 1246 2164 eisdem
1278 2121 1444 2180 pascuis
1478 2120 1605 2165 simul
1633 2131 1771 2166 erant.

452 2195 501 2237 C.
533 2212 552 2234 (ι
577 2194 634 2235 Et
657 2190 731 2235 det
755 2191 834 2234 tibi
857 2189 1206 2234 benedictionem
1225 2190 1357 2250 patris
1376 2191 1440 2235 tui
1462 2191 1683 2236 Abraham
1694 2193 1724 2235 ⁷.
1749 2210 1770 2233 »

395 2267 512 2308 Isaac
530 2262 635 2306 dicit
653 2260 741 2305 filio
759 2276 836 2305 suo
859 2260 914 2304 de
937 2276 1016 2305 avo
1040 2262 1129 2320 ejus
1150 2270 1270 2320 patre
1292 2276 1384 2305 suo.

452 2337 525 2380 CI.
555 2353 575 2375 «
601 2336 656 2376 Et
677 2332 777 2376 exiit
795 2332 839 2375 in
853 2331 1207 2391 Mesopotamiam
1229 2332 1384 2389 Syriaess
1413 2352 1421 2376 ;
1451 2334 1609 2392 »quasi
1630 2336 1773 2377 Meso-
1814 2328 1816 2364 ῗ

393 2404 582 2464 potamia
599 2402 767 2447 dicatur
789 2402 869 2446 nisi
893 2402 1041 2459 Syriae,
1056 2401 1251 2461 quamvis
1270 2402 1353 2446 hoc
1379 2402 1660 2461 Septuaginta
1684 2418 1774 2447 non

443 2509 449 2523 ¹
471 2504 549 2534 Gen.
570 2511 657 2541 xxvi,
682 2499 736 2531 28.
763 2515 804 2520 -—
831 2504 842 2520 ²
866 2498 946 2529 Ibid.
968 2514 1009 2519 —-
1037 2495 1050 2519 3
1069 2497 1114 2528 Id.
1136 2507 1231 2538 xxvii,
1263 2508 1288 2528 1.
1323 2496 1493 2531 ——41bi‹l.
1522 2498 1551 2530 3.
1580 2515 1620 2520 --
1646 2496 1660 2520 5
1690 2497 1769 2529 lbid.

394 2575 434 2579 --
454 2556 468 2577 ‘³
493 2556 573 2590 lbid.
598 2564 624 2588 9.
646 2572 688 2577 —-
708 2555 784 2588 71‹l.
801 2565 909 2595 xxviii,
936 2551 968 2595 l}-
989 2569 1028 2575 —-
1051 2551 1065 2574 3
1085 2552 1165 2584 lbid.
1187 2552 1217 2584 5.

1853 2046 1859 2166 1
