1872 3267
394 289 652 320 LOCUTIONES
685 291 738 317 nn
771 291 946 328 cmvsssr,
982 291 1065 318 mn.
1101 291 1132 316 1.
1427 280 1453 317 9

126 362 377 405 XXXVIII.
413 358 542 411 Quod
575 357 634 401 ait
668 356 887 416 Scriptura
906 391 916 411 ,
957 376 975 397 «
1000 336 1189 399 Factum'
1213 364 1277 398 cst
1308 363 1451 398 autem

72 451 91 473 υ
127 431 270 475 statim
292 438 341 473 ut
363 429 540 472 intravit
561 427 722 471 Abram
745 427 790 470 in
813 428 1080 486 AEgyptum²
1109 445 1118 470 ε
1157 444 1176 466 »
1203 425 1450 479 sufficeret,

72 521 92 544 «
120 501 272 546 Statim
290 508 433 543 autem
454 507 504 542 ut
525 497 702 541 intravit
717 497 879 542 Abram
902 498 947 540 in
962 500 1221 556 AEgyptum.
1242 515 1261 536 »

126 572 331 615 xxxix.
363 589 382 612 «
403 569 521 622 Quid
537 569 620 612 hoc
642 567 781 612 fecisti
803 568 930 622 mihi,
961 567 1061 627 quia
1079 582 1169 611 non
1191 566 1455 610 annuntiasti

70 660 91 684 n
126 641 256 695 mihi,
291 640 395 701 quia
419 655 528 684 uxor
546 649 621 683 tua
638 640 742 682 esu?
759 657 777 679 »
804 654 903 682 cum
929 638 1147 682 sufficeret
1163 673 1173 693 ‚
1210 657 1231 679 α
1258 653 1347 682 non
1380 653 1457 681 an-

71 733 92 755 »
127 712 351 757 nuntiasti.
380 729 400 752 »
436 714 493 755 Et
518 711 689 771 ipsum,
724 730 743 752 «
779 710 1065 765 annuntiasti,
1104 728 1124 751 »
1155 725 1276 754 more
1310 710 1456 770 Scrip-

71 794 264 829 turarum
286 782 454 827 dictum
476 791 566 839 est3
591 797 693 825 nam
715 780 839 826 latini
870 781 1036 825 habent
1066 780 1287 842 plerique,
1323 800 1343 823 «
1368 796 1457 826 non

70 873 91 896 )›
126 853 283 898 dixisti.
310 871 330 894 ))

124 927 217 969 XL.
250 943 269 967 «
292 923 499 968 Ascendit
521 933 667 968 autem
687 924 851 968 Abram
875 922 929 967 de
944 925 1157 983 AEgypto‚
1179 924 1270 983 ipse
1292 933 1335 968 et
1350 939 1460 968 uxor

70 1014 90 1038 »
125 997 215 1056 ejus
232 1004 274 1039 et
288 995 431 1039 omnia
447 995 554 1054 ejus‚
571 1005 614 1039 et
628 995 741 1039 Loth
755 1008 856 1038 cum
879 1009 930 1037 eo
943 994 988 1037 in
1010 993 1231 1037 desertum
1246 995 1260 1019 ³
1278 1015 1289 1051 3
1320 1014 1336 1035 »
1359 995 1462 1038 sub-

68 1066 267 1121 auditur,
295 1065 600 1110 ascenderunt.
624 1068 714 1110 Nec
742 1074 888 1108 tamen
916 1065 1089 1124 proprie
1116 1064 1277 1109 dicitur
1310 1081 1461 1110 ascen-

67 1137 178 1182 disse
210 1153 311 1182 cum
346 1153 397 1182 eo
430 1137 550 1197 quod
588 1136 781 1180 habebat
820 1135 1043 1190 exanime,
1087 1136 1197 1179 sicut
1224 1152 1380 1180 aurum
1418 1145 1462 1180 et

68 1219 296 1269 argentum
323 1219 366 1252 et
391 1210 530 1253 omnis
552 1207 777 1268 suppellex
805 1228 813 1252 :
840 1223 888 1251 ac
917 1224 994 1267 per
1011 1208 1095 1251 hoc
1112 1208 1372 1266 intelligitur
1390 1209 1461 1252 hic

68 1280 229 1325 locutio
243 1316 254 1335 ,
280 1296 379 1340 quae
395 1289 577 1324 vocatur
600 1294 738 1338 graece
760 1287 1113 1334 ζεῦχψωαπ]ἔκλειψιν,

127 1353 243 1395 XLI.
285 1370 304 1393 «
322 1354 380 1394 Et
400 1349 514 1395 facta
536 1360 599 1394 est
621 1351 710 1394 rixa
734 1351 846 1394 intcr
868 1350 1061 1395 medium
1080 1359 1305 1411 pastorum
1328 1365 1462 1410 peco—

74 1441 95 1464 »
132 1438 228 1465 rum
255 1422 419 1466 Abram
448 1431 496 1466 et
525 1437 735 1481 pecorum
766 1422 927 1467 Loth⁴z
960 1441 980 1463 »
1004 1421 1123 1466 unde
1145 1422 1268 1466 latini
1295 1421 1464 1466 codices

68 1509 179 1553 pene
204 1508 353 1537 omnes
375 1508 465 1537 non
490 1493 809 1538 transtulerunt
831 1494 957 1537 istam
979 1493 1246 1538 locutionem
1262 1529 1272 1548 ‚
1306 1492 1382 1537 sed
1404 1483 1463 1537 ita

68 1564 312 1625 loquuntur
325 1573 374 1607 ut
393 1563 666 1608 consuetudo
689 1573 836 1608 nostra
858 1564 1015 1618 habet,
1044 1573 1087 1607 et
1110 1564 1235 1607 nobis
1258 1564 1463 1623 deinceps

69 1651 163 1679 eam
185 1644 335 1679 notare
352 1650 442 1679 non
459 1634 622 1695 placuit
643 1654 651 1678 :
672 1635 764 1694 ipsa
787 1643 851 1678 est
873 1634 990 1677 enim
1009 1649 1086 1693 per
1103 1635 1247 1678 omnia
1263 1635 1306 1677 in
1322 1650 1461 1693 graeca

73 1707 292 1766 Scriptura
307 1742 318 1762 ‚
342 1706 421 1750 ubi
445 1705 529 1749 tale
551 1704 719 1766 aliquid
741 1705 916 1750 dicitur.

127 1779 268 1820 XLII.
298 1796 318 1819 «
334 1776 551 1829 Quoniam
566 1777 763 1820 homines
778 1774 930 1820 fratres
944 1791 1023 1820 nos
1040 1779 1232 1832 sumus5,
1253 1794 1273 1817 »
1297 1777 1461 1820 Abram

71 1845 178 1890 dixit
208 1847 263 1890 ad
292 1846 404 1890 Loth
432 1865 440 1890 :
471 1845 590 1890 unde
618 1846 876 1904 intelligitur
905 1861 1071 1890 morem
1103 1861 1192 1890 esse
1226 1846 1461 1905 Scripturae

72 1918 130 1962 ita
146 1918 283 1978 loqui,
304 1927 355 1961 ut
372 1916 524 1961 fratres
546 1916 824 1977 appellentur
835 1918 965 1962 unius
988 1918 1274 1976 cognationis,
1296 1918 1462 1962 etiamsi

74 1989 209 2047 gradu
227 1989 448 2047 sanguinis
466 1987 688 2043 differant,
714 1997 763 2032 ut
786 1988 895 2032 alter
907 1989 961 2033 sit
979 1990 1023 2032 in
1037 1989 1274 2048 superiore,
1299 1988 1407 2033 alter
1421 1990 1464 2033 in

74 2060 275 2104 inferiore
288 2096 299 2116 ‚
325 2059 436 2104 sicut
450 2060 534 2104 hoc
558 2060 657 2104 loco
680 2079 688 2105 :
715 2076 817 2104 nam
836 2070 1016 2120 patruus
1036 2062 1126 2120 ejus
1145 2070 1237 2104 erat
1252 2062 1431 2105 Abram.

133 2134 294 2175 XLIII.
336 2151 355 2174 «
381 2135 567 2175 Factum
594 2140 658 2176 est
692 2141 838 2176 autem
860 2132 906 2175 in
940 2148 1074 2191 regno
1096 2132 1336 2192 Amarphal
1358 2134 1469 2191 regis

79 2220 99 2243 »
137 2204 352 2247 Sennaar⁶
377 2222 385 2247 :
411 2221 431 2243 »
459 2203 702 2246 secundum
731 2212 890 2248 nostrae
921 2203 1155 2247 locutionis
1186 2203 1468 2248 consuetudi-

77 2288 173 2317 nem
194 2273 252 2317 sic
274 2274 465 2333 incipere
483 2275 717 2330 sufficeret,
744 2275 826 2317 «in
844 2289 976 2332 regno
1001 2284 1147 2319 autem
1161 2275 1401 2335 Amarphal
1419 2296 1426 2319 2
1444 2294 1464 2317 »

78 2360 176 2403 ergo
193 2345 313 2406 quod
330 2345 389 2390 ait
413 2347 650 2407 Scriptura,
681 2350 901 2391 «Factum
924 2356 987 2391 est
1012 2356 1174 2401 autem,
1203 2365 1223 2388 >›
1249 2362 1366 2391 more
1390 2363 1468 2391 suo

76 2415 221 2461 locuta
245 2426 323 2461 est.

134 2490 290 2532 XLIV.
321 2508 341 2531 ι(
362 2489 700 2542 Quartodecimo
723 2498 869 2534 autem
892 2505 1007 2534 anno
1029 2489 1402 2548 Chodollogomor
1425 2499 1468 2534 et

126 2589 135 2603 ¹
159 2584 237 2613 Gen.
259 2594 314 2624 xii,
337 2583 388 2625 14.
416 2602 457 2607 —-
473 2592 485 2606 ’ὲ
511 2585 590 2617 Ibid.
624 2585 675 2616 18.
693 2602 734 2607 —-
751 2583 764 2607 3
790 2585 836 2616 Id.
857 2595 909 2616 xm
931 2596 958 2615 1.
980 2602 1020 2607 —-
1040 2583 1054 2614 4
1073 2585 1154 2616 thid.
1177 2595 1207 2627 7.
1230 2601 1272 2608 -α
1292 2583 1307 2607 5
1325 2584 1408 2616 Ibi-l.
1433 2584 1453 2615 8

84 2653 124 2658 ·—
144 2634 159 2655 ’ἶ
181 2637 227 2668 Μ.
254 2648 317 2678 (ιν,
348 2649 373 2669 1.
