<?xml version="1.0" encoding="UTF-8"?>
<!DOCTYPE html PUBLIC "-//W3C//DTD XHTML 1.0 Transitional//EN"
    "http://www.w3.org/TR/xhtml1/DTD/xhtml1-transitional.dtd">
<html xmlns="http://www.w3.org/1999/xhtml" xml:lang="en" lang="en">
 <head>
  <title>
</title>
<meta http-equiv="Content-Type" content="text/html;charset=utf-8" />
  <meta name='ocr-system' content='tesseract 3.04.00' />
  <meta name='ocr-capabilities' content='ocr_page ocr_carea ocr_par ocr_line ocrx_word'/>
</head>
<body>
  <div class='ocr_page' id='page_1' title='image "./operaomniaaccura06auguuoft_0442.png"; bbox 0 0 1872 3267; ppageno 0'>
   <div class='ocr_carea' id='block_1_1' title="bbox 1802 402 1868 3267">
    <p class='ocr_par' dir='ltr' id='par_1_1' title="bbox 1802 402 1868 3267">
     <span class='ocr_line' id='line_1_1' title="bbox 1836 402 1868 620; baseline 0 0"><span class='ocrx_word' id='word_1_1' title='bbox 1836 402 1868 620; x_wconf 95' lang='lat' dir='ltr'>   </span> 
     </span>
     <span class='ocr_line' id='line_1_2' title="bbox 1834 620 1866 815; baseline 0 -56"><span class='ocrx_word' id='word_1_2' title='bbox 1834 620 1866 815; x_wconf 95' lang='lat' dir='ltr'>   </span> 
     </span>
     <span class='ocr_line' id='line_1_3' title="bbox 1840 815 1863 901; baseline 0 -70"><span class='ocrx_word' id='word_1_3' title='bbox 1840 815 1863 901; x_wconf 95' lang='lat' dir='ltr'>  </span> 
     </span>
     <span class='ocr_line' id='line_1_4' title="bbox 1836 901 1858 1061; baseline 0 0"><span class='ocrx_word' id='word_1_4' title='bbox 1836 901 1858 1061; x_wconf 95' lang='lat' dir='ltr'>    </span> 
     </span>
     <span class='ocr_line' id='line_1_5' title="bbox 1822 1061 1858 1324; baseline 0 0"><span class='ocrx_word' id='word_1_5' title='bbox 1822 1268 1855 1324; x_wconf 95' lang='lat' dir='ltr'>  </span> <span class='ocrx_word' id='word_1_6' title='bbox 1832 1061 1858 1270; x_wconf 95' lang='lat' dir='ltr'>   </span> 
     </span>
     <span class='ocr_line' id='line_1_6' title="bbox 1818 1324 1855 1536; baseline 0 0"><span class='ocrx_word' id='word_1_7' title='bbox 1818 1324 1855 1536; x_wconf 95' lang='lat' dir='ltr'>   </span> 
     </span>
     <span class='ocr_line' id='line_1_7' title="bbox 1817 1536 1851 1608; baseline 0 1659"><span class='ocrx_word' id='word_1_8' title='bbox 1817 1536 1851 1608; x_wconf 95' lang='lat' dir='ltr'> </span> 
     </span>
     <span class='ocr_line' id='line_1_8' title="bbox 1817 1608 1850 1680; baseline 0 1587"><span class='ocrx_word' id='word_1_9' title='bbox 1817 1608 1850 1680; x_wconf 95' lang='lat' dir='ltr'> </span> 
     </span>
     <span class='ocr_line' id='line_1_9' title="bbox 1819 1680 1849 1745; baseline 0 1522"><span class='ocrx_word' id='word_1_10' title='bbox 1819 1680 1849 1745; x_wconf 95' lang='lat' dir='ltr'> </span> 
     </span>
     <span class='ocr_line' id='line_1_10' title="bbox 1817 1745 1848 1822; baseline 0 1445"><span class='ocrx_word' id='word_1_11' title='bbox 1817 1745 1848 1822; x_wconf 95' lang='lat' dir='ltr'> </span> 
     </span>
     <span class='ocr_line' id='line_1_11' title="bbox 1811 1822 1847 1892; baseline 0 1375"><span class='ocrx_word' id='word_1_12' title='bbox 1811 1822 1847 1892; x_wconf 95' lang='lat' dir='ltr'> </span> 
     </span>
     <span class='ocr_line' id='line_1_12' title="bbox 1811 1892 1845 1962; baseline 0 1305"><span class='ocrx_word' id='word_1_13' title='bbox 1811 1892 1845 1962; x_wconf 95' lang='lat' dir='ltr'> </span> 
     </span>
     <span class='ocr_line' id='line_1_13' title="bbox 1811 1962 1845 2033; baseline 0 1234"><span class='ocrx_word' id='word_1_14' title='bbox 1811 1962 1845 2033; x_wconf 95' lang='lat' dir='ltr'> </span> 
     </span>
     <span class='ocr_line' id='line_1_14' title="bbox 1811 2033 1843 2103; baseline 0 1164"><span class='ocrx_word' id='word_1_15' title='bbox 1811 2033 1843 2103; x_wconf 95' lang='lat' dir='ltr'> </span> 
     </span>
     <span class='ocr_line' id='line_1_15' title="bbox 1811 2103 1842 2176; baseline 0 1091"><span class='ocrx_word' id='word_1_16' title='bbox 1811 2103 1842 2176; x_wconf 95' lang='lat' dir='ltr'> </span> 
     </span>
     <span class='ocr_line' id='line_1_16' title="bbox 1811 2176 1841 2245; baseline 0 1022"><span class='ocrx_word' id='word_1_17' title='bbox 1811 2176 1841 2245; x_wconf 95' lang='lat' dir='ltr'> </span> 
     </span>
     <span class='ocr_line' id='line_1_17' title="bbox 1803 2245 1835 2387; baseline 0 -68"><span class='ocrx_word' id='word_1_18' title='bbox 1803 2245 1835 2387; x_wconf 95' lang='lat' dir='ltr'>  </span> 
     </span>
     <span class='ocr_line' id='line_1_18' title="bbox 1802 2387 1832 3267; baseline 0 -720"><span class='ocrx_word' id='word_1_19' title='bbox 1802 2387 1832 3267; x_wconf 95' lang='lat' dir='ltr'>   </span> 
     </span>
    </p>
   </div>
   <div class='ocr_carea' id='block_1_2' title="bbox 423 235 1872 2498">
    <p class='ocr_par' dir='ltr' id='par_1_2' title="bbox 428 235 1872 1079">
     <span class='ocr_line' id='line_1_19' title="bbox 435 235 1370 276; baseline 0.002 -2"><span class='ocrx_word' id='word_1_20' title='bbox 435 235 518 275; x_wconf 80' lang='lat'>436</span> <span class='ocrx_word' id='word_1_21' title='bbox 858 246 889 272; x_wconf 82' lang='lat' dir='ltr'>S.</span> <span class='ocrx_word' id='word_1_22' title='bbox 927 247 1156 276; x_wconf 66' lang='lat' dir='ltr'>Aueusnm</span> <span class='ocrx_word' id='word_1_23' title='bbox 1191 249 1370 276; x_wconf 74' lang='lat' dir='ltr'>El’iscol’l</span> 
     </span>
     <span class='ocr_line' id='line_1_20' title="bbox 434 311 1815 372; baseline 0.006 -19"><span class='ocrx_word' id='word_1_24' title='bbox 434 331 454 353; x_wconf 89' lang='lat'>»</span> <span class='ocrx_word' id='word_1_25' title='bbox 493 311 654 355; x_wconf 80' lang='lat' dir='ltr'>todiam</span> <span class='ocrx_word' id='word_1_26' title='bbox 683 311 770 366; x_wconf 80' lang='lat' dir='ltr'>Dei,</span> <span class='ocrx_word' id='word_1_27' title='bbox 798 321 840 355; x_wconf 84' lang='lat' dir='ltr'>et</span> <span class='ocrx_word' id='word_1_28' title='bbox 862 327 950 356; x_wconf 89' lang='lat' dir='ltr'>non</span> <span class='ocrx_word' id='word_1_29' title='bbox 977 314 1312 372; x_wconf 87' lang='lat' dir='ltr'>promovebunt.</span> <span class='ocrx_word' id='word_1_30' title='bbox 1341 317 1398 358; x_wconf 90' lang='lat' dir='ltr'>Et</span> <span class='ocrx_word' id='word_1_31' title='bbox 1419 315 1514 366; x_wconf 85' lang='lat' dir='ltr'>erit,</span> <span class='ocrx_word' id='word_1_32' title='bbox 1540 331 1640 360; x_wconf 81' lang='lat' dir='ltr'>eum</span> <span class='ocrx_word' id='word_1_33' title='bbox 1665 320 1815 362; x_wconf 80' lang='lat' dir='ltr'>texerit</span> 
     </span>
     <span class='ocr_line' id='line_1_21' title="bbox 432 381 1816 444; baseline 0.007 -22"><span class='ocrx_word' id='word_1_34' title='bbox 432 400 451 423; x_wconf 86' lang='lat'>»</span> <span class='ocrx_word' id='word_1_35' title='bbox 487 382 627 425; x_wconf 86' lang='lat' dir='ltr'>nubes</span> <span class='ocrx_word' id='word_1_36' title='bbox 648 381 737 426; x_wconf 89' lang='lat' dir='ltr'>dies</span> <span class='ocrx_word' id='word_1_37' title='bbox 755 397 937 427; x_wconf 86' lang='lat' dir='ltr'>numero</span> <span class='ocrx_word' id='word_1_38' title='bbox 955 399 1081 443; x_wconf 88' lang='lat' dir='ltr'>super</span> <span class='ocrx_word' id='word_1_39' title='bbox 1099 384 1454 442; x_wconf 77' lang='lat' dir='ltr'>tabernaculum3</span> <span class='ocrx_word' id='word_1_40' title='bbox 1476 400 1550 444; x_wconf 90' lang='lat' dir='ltr'>per</span> <span class='ocrx_word' id='word_1_41' title='bbox 1566 402 1717 431; x_wconf 82' lang='lat' dir='ltr'>vocem</span> <span class='ocrx_word' id='word_1_42' title='bbox 1733 391 1816 433; x_wconf 88' lang='lat' dir='ltr'>Do-</span> 
     </span>
     <span class='ocr_line' id='line_1_22' title="bbox 433 452 1814 516; baseline 0.008 -24"><span class='ocrx_word' id='word_1_43' title='bbox 433 471 453 493; x_wconf 76' lang='lat'>»</span> <span class='ocrx_word' id='word_1_44' title='bbox 490 452 595 495; x_wconf 86' lang='lat' dir='ltr'>mini</span> <span class='ocrx_word' id='word_1_45' title='bbox 611 452 656 495; x_wconf 88' lang='lat' dir='ltr'>in</span> <span class='ocrx_word' id='word_1_46' title='bbox 678 452 823 496; x_wconf 83' lang='lat' dir='ltr'>eastris</span> <span class='ocrx_word' id='word_1_47' title='bbox 846 462 988 508; x_wconf 81' lang='lat' dir='ltr'>erunt,</span> <span class='ocrx_word' id='word_1_48' title='bbox 1010 463 1052 498; x_wconf 87' lang='lat' dir='ltr'>et</span> <span class='ocrx_word' id='word_1_49' title='bbox 1070 470 1146 513; x_wconf 86' lang='lat' dir='ltr'>per</span> <span class='ocrx_word' id='word_1_50' title='bbox 1161 464 1425 515; x_wconf 80' lang='lat' dir='ltr'>praeceptum</span> <span class='ocrx_word' id='word_1_51' title='bbox 1445 456 1617 500; x_wconf 87' lang='lat' dir='ltr'>Domini</span> <span class='ocrx_word' id='word_1_52' title='bbox 1639 473 1814 516; x_wconf 91' lang='lat' dir='ltr'>promo-</span> 
     </span>
     <span class='ocr_line' id='line_1_23' title="bbox 433 523 1810 588; baseline 0.006 -23"><span class='ocrx_word' id='word_1_53' title='bbox 433 542 452 563; x_wconf 77' lang='lat'>»</span> <span class='ocrx_word' id='word_1_54' title='bbox 489 523 668 567; x_wconf 79' lang='lat' dir='ltr'>vehunt.</span> <span class='ocrx_word' id='word_1_55' title='bbox 690 526 747 567; x_wconf 88' lang='lat' dir='ltr'>Et</span> <span class='ocrx_word' id='word_1_56' title='bbox 763 524 844 567; x_wconf 85' lang='lat' dir='ltr'>erit</span> <span class='ocrx_word' id='word_1_57' title='bbox 861 540 960 568; x_wconf 87' lang='lat' dir='ltr'>eum</span> <span class='ocrx_word' id='word_1_58' title='bbox 978 525 1107 570; x_wconf 85' lang='lat' dir='ltr'>fuerit</span> <span class='ocrx_word' id='word_1_59' title='bbox 1124 527 1260 570; x_wconf 89' lang='lat' dir='ltr'>nubes</span> <span class='ocrx_word' id='word_1_60' title='bbox 1279 543 1302 570; x_wconf 85' lang='lat' dir='ltr'>a</span> <span class='ocrx_word' id='word_1_61' title='bbox 1319 542 1496 586; x_wconf 85' lang='lat' dir='ltr'>vespera</span> <span class='ocrx_word' id='word_1_62' title='bbox 1514 543 1651 588; x_wconf 87' lang='lat' dir='ltr'>usque</span> <span class='ocrx_word' id='word_1_63' title='bbox 1668 544 1810 584; x_wconf 84' lang='lat' dir='ltr'>mane,</span> 
     </span>
     <span class='ocr_line' id='line_1_24' title="bbox 434 593 1814 657; baseline 0.007 -21"><span class='ocrx_word' id='word_1_64' title='bbox 434 613 454 636; x_wconf 83' lang='lat'>»</span> <span class='ocrx_word' id='word_1_65' title='bbox 490 603 534 638; x_wconf 91' lang='lat' dir='ltr'>et</span> <span class='ocrx_word' id='word_1_66' title='bbox 565 593 804 639; x_wconf 84' lang='lat' dir='ltr'>ascenderit</span> <span class='ocrx_word' id='word_1_67' title='bbox 839 595 977 639; x_wconf 87' lang='lat' dir='ltr'>nubes</span> <span class='ocrx_word' id='word_1_68' title='bbox 1009 611 1158 652; x_wconf 78' lang='lat' dir='ltr'>mane,</span> <span class='ocrx_word' id='word_1_69' title='bbox 1185 607 1228 641; x_wconf 89' lang='lat' dir='ltr'>et</span> <span class='ocrx_word' id='word_1_70' title='bbox 1260 595 1582 657; x_wconf 86' lang='lat' dir='ltr'>promovebunt</span> <span class='ocrx_word' id='word_1_71' title='bbox 1618 598 1710 643; x_wconf 84' lang='lat' dir='ltr'>die:</span> <span class='ocrx_word' id='word_1_72' title='bbox 1746 599 1814 645; x_wconf 88' lang='lat' dir='ltr'>vel</span> 
     </span>
     <span class='ocr_line' id='line_1_25' title="bbox 436 666 1815 728; baseline 0.007 -22"><span class='ocrx_word' id='word_1_73' title='bbox 436 687 451 706; x_wconf 85' lang='lat'>»</span> <span class='ocrx_word' id='word_1_74' title='bbox 487 675 617 710; x_wconf 81' lang='lat' dir='ltr'>nocte</span> <span class='ocrx_word' id='word_1_75' title='bbox 647 675 692 709; x_wconf 87' lang='lat' dir='ltr'>et</span> <span class='ocrx_word' id='word_1_76' title='bbox 719 666 752 709; x_wconf 88' lang='lat' dir='ltr'>si</span> <span class='ocrx_word' id='word_1_77' title='bbox 785 666 1024 710; x_wconf 84' lang='lat' dir='ltr'>ascenderit</span> <span class='ocrx_word' id='word_1_78' title='bbox 1067 668 1228 724; x_wconf 86' lang='lat' dir='ltr'>nubes,</span> <span class='ocrx_word' id='word_1_79' title='bbox 1269 671 1620 728; x_wconf 86' lang='lat' dir='ltr'>promovebunt:</span> <span class='ocrx_word' id='word_1_80' title='bbox 1646 669 1716 714; x_wconf 87' lang='lat' dir='ltr'>die</span> <span class='ocrx_word' id='word_1_81' title='bbox 1744 671 1815 716; x_wconf 87' lang='lat' dir='ltr'>vel</span> 
     </span>
     <span class='ocr_line' id='line_1_26' title="bbox 431 737 1872 800; baseline 0.006 -22"><span class='ocrx_word' id='word_1_82' title='bbox 431 755 451 777; x_wconf 88' lang='lat'>»</span> <span class='ocrx_word' id='word_1_83' title='bbox 486 752 633 780; x_wconf 86' lang='lat' dir='ltr'>mense</span> <span class='ocrx_word' id='word_1_84' title='bbox 661 737 746 781; x_wconf 85' lang='lat' dir='ltr'>diei</span> <span class='ocrx_word' id='word_1_85' title='bbox 774 738 1027 783; x_wconf 81' lang='lat' dir='ltr'>abundante</span> <span class='ocrx_word' id='word_1_86' title='bbox 1061 739 1179 783; x_wconf 87' lang='lat' dir='ltr'>nube</span> <span class='ocrx_word' id='word_1_87' title='bbox 1212 740 1505 784; x_wconf 78' lang='lat' dir='ltr'><strong>obumbrante</strong></span> <span class='ocrx_word' id='word_1_88' title='bbox 1529 756 1657 800; x_wconf 87' lang='lat' dir='ltr'>super</span> <span class='ocrx_word' id='word_1_89' title='bbox 1678 740 1810 797; x_wconf 83' lang='lat' dir='ltr'>illud,</span> <span class='ocrx_word' id='word_1_90' title='bbox 1870 753 1872 759; x_wconf 65' lang='lat'><strong><em>⁴</em></strong></span> 
     </span>
     <span class='ocr_line' id='line_1_27' title="bbox 430 807 1872 870; baseline 0.007 -24"><span class='ocrx_word' id='word_1_91' title='bbox 430 826 449 848; x_wconf 66' lang='grc' dir='ltr'>η</span> <span class='ocrx_word' id='word_1_92' title='bbox 486 808 530 851; x_wconf 87' lang='lat' dir='ltr'>in</span> <span class='ocrx_word' id='word_1_93' title='bbox 552 807 699 852; x_wconf 81' lang='lat' dir='ltr'>eastris</span> <span class='ocrx_word' id='word_1_94' title='bbox 722 817 850 852; x_wconf 84' lang='lat' dir='ltr'>erunt</span> <span class='ocrx_word' id='word_1_95' title='bbox 872 808 948 852; x_wconf 81' lang='lat' dir='ltr'>filii</span> <span class='ocrx_word' id='word_1_96' title='bbox 972 809 1124 865; x_wconf 73' lang='lat' dir='ltr'>Israel,</span> <span class='ocrx_word' id='word_1_97' title='bbox 1151 819 1194 853; x_wconf 90' lang='lat' dir='ltr'>et</span> <span class='ocrx_word' id='word_1_98' title='bbox 1218 826 1306 855; x_wconf 91' lang='lat' dir='ltr'>non</span> <span class='ocrx_word' id='word_1_99' title='bbox 1331 811 1665 870; x_wconf 79' lang='lat' dir='ltr'>promovebunt.</span> <span class='ocrx_word' id='word_1_100' title='bbox 1692 814 1812 865; x_wconf 86' lang='lat' dir='ltr'>Quo·</span> <span class='ocrx_word' id='word_1_101' title='bbox 1869 815 1872 842; x_wconf 74' lang='lat'><em>⁵</em></span> 
     </span>
     <span class='ocr_line' id='line_1_28' title="bbox 431 871 1872 983; baseline 0.004 -62"><span class='ocrx_word' id='word_1_102' title='bbox 431 896 449 918; x_wconf 86' lang='lat'>»</span> <span class='ocrx_word' id='word_1_103' title='bbox 486 878 601 922; x_wconf 77' lang='lat' dir='ltr'>niam</span> <span class='ocrx_word' id='word_1_104' title='bbox 623 894 699 938; x_wconf 89' lang='lat' dir='ltr'>per</span> <span class='ocrx_word' id='word_1_105' title='bbox 722 889 989 939; x_wconf 80' lang='lat' dir='ltr'>praeceptum</span> <span class='ocrx_word' id='word_1_106' title='bbox 1012 880 1182 925; x_wconf 85' lang='lat' dir='ltr'>Domini</span> <span class='ocrx_word' id='word_1_107' title='bbox 1205 881 1540 940; x_wconf 83' lang='lat' dir='ltr'>promovebunt.</span> <span class='ocrx_word' id='word_1_108' title='bbox 1561 882 1810 927; x_wconf 87' lang='lat' dir='ltr'>Custodiam</span> <span class='ocrx_word' id='word_1_109' title='bbox 1834 871 1840 983; x_wconf 53' lang='lat' dir='ltr'>J</span> <span class='ocrx_word' id='word_1_110' title='bbox 1870 888 1872 906; x_wconf 76' lang='lat'><em>³</em></span> 
     </span>
     <span class='ocr_line' id='line_1_29' title="bbox 430 949 1872 1012; baseline 0.007 -23"><span class='ocrx_word' id='word_1_111' title='bbox 430 968 449 989; x_wconf 67' lang='grc' dir='ltr'>η</span> <span class='ocrx_word' id='word_1_112' title='bbox 491 950 659 994; x_wconf 79' lang='lat' dir='ltr'>Domini</span> <span class='ocrx_word' id='word_1_113' title='bbox 690 949 991 996; x_wconf 76' lang='lat' dir='ltr'>custodierunt</span> <span class='ocrx_word' id='word_1_114' title='bbox 1022 967 1097 1011; x_wconf 86' lang='lat' dir='ltr'>per</span> <span class='ocrx_word' id='word_1_115' title='bbox 1125 961 1392 1012; x_wconf 76' lang='lat' dir='ltr'>praeceptum</span> <span class='ocrx_word' id='word_1_116' title='bbox 1422 953 1592 997; x_wconf 87' lang='lat' dir='ltr'>Domini</span> <span class='ocrx_word' id='word_1_117' title='bbox 1615 953 1660 997; x_wconf 90' lang='lat' dir='ltr'>in</span> <span class='ocrx_word' id='word_1_118' title='bbox 1683 969 1813 999; x_wconf 87' lang='lat' dir='ltr'>manu</span> <span class='ocrx_word' id='word_1_119' title='bbox 1868 956 1872 983; x_wconf 49' lang='grc' dir='ltr'>ἓ</span> 
     </span>
     <span class='ocr_line' id='line_1_30' title="bbox 428 1021 721 1079; baseline -0.003 -13"><span class='ocrx_word' id='word_1_120' title='bbox 428 1040 448 1062; x_wconf 71' lang='grc'>))</span> <span class='ocrx_word' id='word_1_121' title='bbox 484 1021 625 1079; x_wconf 83' lang='lat' dir='ltr'>Moysi</span> <span class='ocrx_word' id='word_1_122' title='bbox 646 1024 674 1065; x_wconf 77' lang='lat'>¹.</span> <span class='ocrx_word' id='word_1_123' title='bbox 703 1040 721 1062; x_wconf 90' lang='lat'>»</span> 
     </span>
    </p>

    <p class='ocr_par' dir='ltr' id='par_1_3' title="bbox 423 1092 1872 2287">
     <span class='ocr_line' id='line_1_31' title="bbox 488 1092 1812 1155; baseline 0.003 -20"><span class='ocrx_word' id='word_1_124' title='bbox 488 1095 544 1136; x_wconf 80' lang='grc' dir='ltr'>ΙΙ.</span> <span class='ocrx_word' id='word_1_125' title='bbox 584 1095 716 1136; x_wconf 85' lang='lat' dir='ltr'>Totus</span> <span class='ocrx_word' id='word_1_126' title='bbox 736 1093 802 1137; x_wconf 83' lang='lat' dir='ltr'>hie</span> <span class='ocrx_word' id='word_1_127' title='bbox 825 1092 946 1137; x_wconf 87' lang='lat' dir='ltr'>loeus</span> <span class='ocrx_word' id='word_1_128' title='bbox 971 1092 1200 1151; x_wconf 77' lang='lat' dir='ltr'>diligenter</span> <span class='ocrx_word' id='word_1_129' title='bbox 1221 1092 1502 1154; x_wconf 82' lang='lat' dir='ltr'>exponendus</span> <span class='ocrx_word' id='word_1_130' title='bbox 1525 1103 1589 1138; x_wconf 84' lang='lat' dir='ltr'>est</span> <span class='ocrx_word' id='word_1_131' title='bbox 1606 1095 1812 1155; x_wconf 81' lang='lat' dir='ltr'>quoniam</span> 
     </span>
     <span class='ocr_line' id='line_1_32' title="bbox 428 1163 1834 1222; baseline 0.003 -16"><span class='ocrx_word' id='word_1_132' title='bbox 428 1163 638 1207; x_wconf 83' lang='lat' dir='ltr'>inusitatis</span> <span class='ocrx_word' id='word_1_133' title='bbox 667 1163 895 1222; x_wconf 80' lang='lat' dir='ltr'>generibus</span> <span class='ocrx_word' id='word_1_134' title='bbox 922 1163 1194 1208; x_wconf 84' lang='lat' dir='ltr'>locutionum</span> <span class='ocrx_word' id='word_1_135' title='bbox 1223 1164 1476 1208; x_wconf 77' lang='lat' dir='ltr'>obscuratus</span> <span class='ocrx_word' id='word_1_136' title='bbox 1502 1173 1580 1220; x_wconf 77' lang='lat' dir='ltr'>est,</span> <span class='ocrx_word' id='word_1_137' title='bbox 1611 1168 1702 1209; x_wconf 88' lang='lat' dir='ltr'>«Et</span> <span class='ocrx_word' id='word_1_138' title='bbox 1724 1164 1808 1221; x_wconf 85' lang='lat' dir='ltr'>die,</span> <span class='ocrx_word' id='word_1_139' title='bbox 1829 1191 1834 1219; x_wconf 70' lang='lat'>1</span> 
     </span>
     <span class='ocr_line' id='line_1_33' title="bbox 429 1223 1832 1294; baseline 0.002 -18"><span class='ocrx_word' id='word_1_140' title='bbox 429 1253 448 1274; x_wconf 69' lang='grc' dir='ltr'>υ</span> <span class='ocrx_word' id='word_1_141' title='bbox 483 1234 640 1294; x_wconf 84' lang='lat' dir='ltr'>inquit,</span> <span class='ocrx_word' id='word_1_142' title='bbox 661 1251 748 1294; x_wconf 84' lang='lat' dir='ltr'>qna</span> <span class='ocrx_word' id='word_1_143' title='bbox 769 1226 1067 1278; x_wconf 36' lang='lat' dir='ltr'>statutum&#39;est</span> <span class='ocrx_word' id='word_1_144' title='bbox 1093 1234 1438 1290; x_wconf 82' lang='lat' dir='ltr'>tabernaculum,</span> <span class='ocrx_word' id='word_1_145' title='bbox 1459 1235 1562 1279; x_wconf 75' lang='lat' dir='ltr'>texit</span> <span class='ocrx_word' id='word_1_146' title='bbox 1585 1236 1722 1280; x_wconf 86' lang='lat' dir='ltr'>nubes</span> <span class='ocrx_word' id='word_1_147' title='bbox 1746 1223 1832 1280; x_wconf 64' lang='grc' dir='ltr'>ἱει-ἑ</span> 
     </span>
     <span class='ocr_line' id='line_1_34' title="bbox 429 1304 1810 1360; baseline 0.005 -16"><span class='ocrx_word' id='word_1_148' title='bbox 429 1324 447 1345; x_wconf 86' lang='lat'>»</span> <span class='ocrx_word' id='word_1_149' title='bbox 486 1305 786 1360; x_wconf 80' lang='lat' dir='ltr'>bernaeulum,</span> <span class='ocrx_word' id='word_1_150' title='bbox 813 1304 994 1349; x_wconf 88' lang='lat' dir='ltr'>domum</span> <span class='ocrx_word' id='word_1_151' title='bbox 1015 1305 1274 1349; x_wconf 86' lang='lat' dir='ltr'>testimonii:</span> <span class='ocrx_word' id='word_1_152' title='bbox 1298 1325 1316 1346; x_wconf 90' lang='lat'>»</span> <span class='ocrx_word' id='word_1_153' title='bbox 1343 1306 1457 1349; x_wconf 87' lang='lat' dir='ltr'>idem</span> <span class='ocrx_word' id='word_1_154' title='bbox 1485 1306 1810 1352; x_wconf 81' lang='lat' dir='ltr'>tabernaculum</span> 
     </span>
     <span class='ocr_line' id='line_1_35' title="bbox 425 1375 1809 1437; baseline 0.002 -18"><span class='ocrx_word' id='word_1_155' title='bbox 425 1375 659 1436; x_wconf 82' lang='lat' dir='ltr'>appellavit</span> <span class='ocrx_word' id='word_1_156' title='bbox 681 1377 861 1420; x_wconf 84' lang='lat' dir='ltr'>domum</span> <span class='ocrx_word' id='word_1_157' title='bbox 884 1376 1132 1420; x_wconf 87' lang='lat' dir='ltr'>testimonii.</span> <span class='ocrx_word' id='word_1_158' title='bbox 1165 1396 1183 1417; x_wconf 64' lang='lat' dir='ltr'>a</span> <span class='ocrx_word' id='word_1_159' title='bbox 1204 1380 1260 1420; x_wconf 91' lang='lat' dir='ltr'>Et</span> <span class='ocrx_word' id='word_1_160' title='bbox 1281 1392 1456 1436; x_wconf 86' lang='lat' dir='ltr'>vespere</span> <span class='ocrx_word' id='word_1_161' title='bbox 1477 1386 1569 1421; x_wconf 84' lang='lat' dir='ltr'>erat</span> <span class='ocrx_word' id='word_1_162' title='bbox 1590 1393 1718 1437; x_wconf 82' lang='lat' dir='ltr'>super</span> <span class='ocrx_word' id='word_1_163' title='bbox 1747 1387 1809 1423; x_wconf 80' lang='lat' dir='ltr'>ta-</span> 
     </span>
     <span class='ocr_line' id='line_1_36' title="bbox 427 1446 1811 1506; baseline 0.004 -19"><span class='ocrx_word' id='word_1_164' title='bbox 427 1467 446 1488; x_wconf 87' lang='lat'>»</span> <span class='ocrx_word' id='word_1_165' title='bbox 483 1446 769 1491; x_wconf 81' lang='lat' dir='ltr'>bernaculum</span> <span class='ocrx_word' id='word_1_166' title='bbox 796 1446 918 1491; x_wconf 82' lang='lat' dir='ltr'>velut</span> <span class='ocrx_word' id='word_1_167' title='bbox 950 1446 1109 1506; x_wconf 84' lang='lat' dir='ltr'>speeies</span> <span class='ocrx_word' id='word_1_168' title='bbox 1131 1446 1239 1503; x_wconf 81' lang='lat' dir='ltr'>ignis</span> <span class='ocrx_word' id='word_1_169' title='bbox 1261 1462 1399 1506; x_wconf 83' lang='lat' dir='ltr'>usque</span> <span class='ocrx_word' id='word_1_170' title='bbox 1427 1462 1569 1491; x_wconf 83' lang='lat' dir='ltr'>mane.</span> <span class='ocrx_word' id='word_1_171' title='bbox 1592 1450 1657 1491; x_wconf 84' lang='lat' dir='ltr'>Ita</span> <span class='ocrx_word' id='word_1_172' title='bbox 1679 1448 1811 1493; x_wconf 84' lang='lat' dir='ltr'>fiebat</span> 
     </span>
     <span class='ocr_line' id='line_1_37' title="bbox 429 1517 1809 1578; baseline 0.003 -19"><span class='ocrx_word' id='word_1_173' title='bbox 429 1538 448 1560; x_wconf 84' lang='lat'>»</span> <span class='ocrx_word' id='word_1_174' title='bbox 484 1534 664 1578; x_wconf 83' lang='lat' dir='ltr'>semper.</span> <span class='ocrx_word' id='word_1_175' title='bbox 695 1537 714 1559; x_wconf 86' lang='lat'>»</span> <span class='ocrx_word' id='word_1_176' title='bbox 742 1517 906 1563; x_wconf 82' lang='lat' dir='ltr'>Deinde</span> <span class='ocrx_word' id='word_1_177' title='bbox 924 1517 1155 1577; x_wconf 79' lang='lat' dir='ltr'>diligenter</span> <span class='ocrx_word' id='word_1_178' title='bbox 1177 1517 1392 1576; x_wconf 80' lang='lat' dir='ltr'>exprimit,</span> <span class='ocrx_word' id='word_1_179' title='bbox 1413 1517 1521 1578; x_wconf 85' lang='lat' dir='ltr'>quid</span> <span class='ocrx_word' id='word_1_180' title='bbox 1541 1518 1674 1562; x_wconf 80' lang='lat' dir='ltr'>fiebat</span> <span class='ocrx_word' id='word_1_181' title='bbox 1695 1535 1809 1563; x_wconf 90' lang='lat' dir='ltr'>sem-</span> 
     </span>
     <span class='ocr_line' id='line_1_38' title="bbox 427 1587 1810 1649; baseline 0.002 -17"><span class='ocrx_word' id='word_1_182' title='bbox 427 1606 514 1649; x_wconf 85' lang='lat' dir='ltr'>per.</span> <span class='ocrx_word' id='word_1_183' title='bbox 550 1589 737 1635; x_wconf 84' lang='lat' dir='ltr'>«Nubes</span> <span class='ocrx_word' id='word_1_184' title='bbox 768 1589 926 1649; x_wconf 77' lang='lat' dir='ltr'>inquit⁷</span> <span class='ocrx_word' id='word_1_185' title='bbox 966 1589 1138 1646; x_wconf 79' lang='lat' dir='ltr'>tegebat</span> <span class='ocrx_word' id='word_1_186' title='bbox 1168 1587 1280 1631; x_wconf 86' lang='lat' dir='ltr'>illud</span> <span class='ocrx_word' id='word_1_187' title='bbox 1316 1587 1401 1643; x_wconf 77' lang='lat' dir='ltr'>die,</span> <span class='ocrx_word' id='word_1_188' title='bbox 1434 1598 1476 1632; x_wconf 89' lang='lat' dir='ltr'>et</span> <span class='ocrx_word' id='word_1_189' title='bbox 1510 1589 1669 1648; x_wconf 86' lang='lat' dir='ltr'>species</span> <span class='ocrx_word' id='word_1_190' title='bbox 1701 1590 1810 1649; x_wconf 86' lang='lat' dir='ltr'>ignis</span> 
     </span>
     <span class='ocr_line' id='line_1_39' title="bbox 428 1658 1810 1716; baseline 0.004 -15"><span class='ocrx_word' id='word_1_191' title='bbox 428 1679 448 1702; x_wconf 87' lang='lat'>»</span> <span class='ocrx_word' id='word_1_192' title='bbox 484 1670 625 1705; x_wconf 82' lang='lat' dir='ltr'>noete.</span> <span class='ocrx_word' id='word_1_193' title='bbox 665 1663 722 1704; x_wconf 89' lang='lat' dir='ltr'>Et</span> <span class='ocrx_word' id='word_1_194' title='bbox 753 1675 853 1704; x_wconf 83' lang='lat' dir='ltr'>cum</span> <span class='ocrx_word' id='word_1_195' title='bbox 888 1659 1147 1704; x_wconf 81' lang='lat' dir='ltr'>ascendisset</span> <span class='ocrx_word' id='word_1_196' title='bbox 1183 1658 1322 1702; x_wconf 86' lang='lat' dir='ltr'>nubes</span> <span class='ocrx_word' id='word_1_197' title='bbox 1357 1675 1379 1702; x_wconf 86' lang='lat' dir='ltr'>a</span> <span class='ocrx_word' id='word_1_198' title='bbox 1418 1658 1728 1716; x_wconf 80' lang='lat' dir='ltr'>tabernaculo,</span> <span class='ocrx_word' id='word_1_199' title='bbox 1768 1670 1810 1706; x_wconf 84' lang='lat' dir='ltr'>et</span> 
     </span>
     <span class='ocr_line' id='line_1_40' title="bbox 428 1728 1810 1791; baseline 0.004 -20"><span class='ocrx_word' id='word_1_200' title='bbox 428 1750 446 1772; x_wconf 86' lang='lat'>»</span> <span class='ocrx_word' id='word_1_201' title='bbox 484 1741 629 1791; x_wconf 87' lang='lat' dir='ltr'>postea</span> <span class='ocrx_word' id='word_1_202' title='bbox 647 1731 964 1791; x_wconf 78' lang='lat' dir='ltr'>promovebant</span> <span class='ocrx_word' id='word_1_203' title='bbox 982 1729 1057 1773; x_wconf 83' lang='lat' dir='ltr'>filii</span> <span class='ocrx_word' id='word_1_204' title='bbox 1076 1728 1221 1773; x_wconf 79' lang='lat' dir='ltr'>Isra&#39;e&#39;l.</span> <span class='ocrx_word' id='word_1_205' title='bbox 1247 1747 1265 1769; x_wconf 82' lang='lat'>»</span> <span class='ocrx_word' id='word_1_206' title='bbox 1288 1732 1374 1773; x_wconf 84' lang='lat' dir='ltr'>Ista</span> <span class='ocrx_word' id='word_1_207' title='bbox 1396 1730 1608 1774; x_wconf 87' lang='lat' dir='ltr'>sententia</span> <span class='ocrx_word' id='word_1_208' title='bbox 1630 1731 1810 1777; x_wconf 82' lang='lat' dir='ltr'>obseura</span> 
     </span>
     <span class='ocr_line' id='line_1_41' title="bbox 424 1798 1860 1861; baseline 0.001 -16"><span class='ocrx_word' id='word_1_209' title='bbox 424 1818 513 1846; x_wconf 90' lang='lat' dir='ltr'>non</span> <span class='ocrx_word' id='word_1_210' title='bbox 531 1811 609 1856; x_wconf 77' lang='lat' dir='ltr'>est7</span> <span class='ocrx_word' id='word_1_211' title='bbox 630 1801 710 1845; x_wconf 84' lang='lat' dir='ltr'>nisi</span> <span class='ocrx_word' id='word_1_212' title='bbox 733 1810 909 1861; x_wconf 82' lang='lat' dir='ltr'>propter</span> <span class='ocrx_word' id='word_1_213' title='bbox 930 1800 1048 1844; x_wconf 83' lang='lat' dir='ltr'>illam</span> <span class='ocrx_word' id='word_1_214' title='bbox 1068 1799 1333 1844; x_wconf 84' lang='lat' dir='ltr'>locutionem</span> <span class='ocrx_word' id='word_1_215' title='bbox 1356 1798 1434 1842; x_wconf 86' lang='lat' dir='ltr'>ubi</span> <span class='ocrx_word' id='word_1_216' title='bbox 1452 1799 1642 1855; x_wconf 80' lang='lat' dir='ltr'>additur,</span> <span class='ocrx_word' id='word_1_217' title='bbox 1672 1819 1691 1842; x_wconf 90' lang='lat'>«</span> <span class='ocrx_word' id='word_1_218' title='bbox 1709 1810 1805 1846; x_wconf 88' lang='lat' dir='ltr'>et».</span> <span class='ocrx_word' id='word_1_219' title='bbox 1859 1824 1860 1827; x_wconf 42' lang='lat'>¹</span> 
     </span>
     <span class='ocr_line' id='line_1_42' title="bbox 424 1865 1872 1931; baseline 0.001 -16"><span class='ocrx_word' id='word_1_220' title='bbox 424 1871 542 1916; x_wconf 82' lang='lat' dir='ltr'>Ordo</span> <span class='ocrx_word' id='word_1_221' title='bbox 570 1871 685 1915; x_wconf 86' lang='lat' dir='ltr'>enim</span> <span class='ocrx_word' id='word_1_222' title='bbox 710 1872 941 1916; x_wconf 84' lang='lat' dir='ltr'>verborum</span> <span class='ocrx_word' id='word_1_223' title='bbox 964 1870 1131 1929; x_wconf 77' lang='lat' dir='ltr'>integer</span> <span class='ocrx_word' id='word_1_224' title='bbox 1157 1869 1373 1929; x_wconf 72' lang='lat' dir='ltr'>sequitur,</span> <span class='ocrx_word' id='word_1_225' title='bbox 1400 1869 1565 1913; x_wconf 74' lang='lat' dir='ltr'>etiamsi</span> <span class='ocrx_word' id='word_1_226' title='bbox 1587 1870 1697 1914; x_wconf 86' lang='lat' dir='ltr'>desit</span> <span class='ocrx_word' id='word_1_227' title='bbox 1719 1865 1819 1931; x_wconf 79' lang='lat' dir='ltr'>ipsa¹</span> <span class='ocrx_word' id='word_1_228' title='bbox 1857 1885 1872 1904; x_wconf 27' lang='grc' dir='ltr'>’κ</span> 
     </span>
     <span class='ocr_line' id='line_1_43' title="bbox 423 1939 1808 2002; baseline -0.001 -16"><span class='ocrx_word' id='word_1_229' title='bbox 423 1943 699 2002; x_wconf 78' lang='lat' dir='ltr'>conjunctio,</span> <span class='ocrx_word' id='word_1_230' title='bbox 723 1951 773 1985; x_wconf 86' lang='lat' dir='ltr'>ut</span> <span class='ocrx_word' id='word_1_231' title='bbox 790 1941 848 1985; x_wconf 87' lang='lat' dir='ltr'>sie</span> <span class='ocrx_word' id='word_1_232' title='bbox 875 1941 1064 1995; x_wconf 81' lang='lat' dir='ltr'>dicatur,</span> <span class='ocrx_word' id='word_1_233' title='bbox 1102 1958 1120 1981; x_wconf 69' lang='grc' dir='ltr'>α</span> <span class='ocrx_word' id='word_1_234' title='bbox 1141 1942 1314 1983; x_wconf 80' lang='lat' dir='ltr'>Etcum</span> <span class='ocrx_word' id='word_1_235' title='bbox 1343 1939 1602 1984; x_wconf 81' lang='lat' dir='ltr'>ascendisset</span> <span class='ocrx_word' id='word_1_236' title='bbox 1626 1942 1764 1985; x_wconf 88' lang='lat' dir='ltr'>nubes</span> <span class='ocrx_word' id='word_1_237' title='bbox 1785 1957 1808 1986; x_wconf 86' lang='lat' dir='ltr'>a</span> 
     </span>
     <span class='ocr_line' id='line_1_44' title="bbox 427 2009 1809 2072; baseline 0.002 -18"><span class='ocrx_word' id='word_1_238' title='bbox 427 2032 447 2054; x_wconf 86' lang='lat'>»</span> <span class='ocrx_word' id='word_1_239' title='bbox 488 2012 779 2067; x_wconf 72' lang='lat' dir='ltr'>tabernaculo,</span> <span class='ocrx_word' id='word_1_240' title='bbox 801 2021 945 2072; x_wconf 85' lang='lat' dir='ltr'>postea</span> <span class='ocrx_word' id='word_1_241' title='bbox 966 2011 1280 2071; x_wconf 80' lang='lat' dir='ltr'>promovebant</span> <span class='ocrx_word' id='word_1_242' title='bbox 1295 2009 1371 2053; x_wconf 86' lang='lat' dir='ltr'>filii</span> <span class='ocrx_word' id='word_1_243' title='bbox 1390 2010 1520 2054; x_wconf 77' lang='lat' dir='ltr'>lsrael</span> <span class='ocrx_word' id='word_1_244' title='bbox 1539 2030 1546 2055; x_wconf 93' lang='lat'>:</span> <span class='ocrx_word' id='word_1_245' title='bbox 1572 2030 1591 2052; x_wconf 86' lang='lat'>»</span> <span class='ocrx_word' id='word_1_246' title='bbox 1613 2013 1809 2072; x_wconf 86' lang='lat' dir='ltr'>quamvis</span> 
     </span>
     <span class='ocr_line' id='line_1_45' title="bbox 424 2080 1861 2144; baseline -0.001 -16"><span class='ocrx_word' id='word_1_247' title='bbox 424 2093 467 2128; x_wconf 86' lang='lat' dir='ltr'>et</span> <span class='ocrx_word' id='word_1_248' title='bbox 487 2085 628 2144; x_wconf 84' lang='lat' dir='ltr'>ipsum</span> <span class='ocrx_word' id='word_1_249' title='bbox 647 2100 734 2144; x_wconf 85' lang='lat' dir='ltr'>quo</span> <span class='ocrx_word' id='word_1_250' title='bbox 753 2083 917 2127; x_wconf 80' lang='lat' dir='ltr'>dietum</span> <span class='ocrx_word' id='word_1_251' title='bbox 941 2092 1019 2138; x_wconf 72' lang='lat' dir='ltr'>est,</span> <span class='ocrx_word' id='word_1_252' title='bbox 1041 2102 1060 2124; x_wconf 86' lang='lat'>«</span> <span class='ocrx_word' id='word_1_253' title='bbox 1076 2091 1224 2141; x_wconf 82' lang='lat' dir='ltr'>postea</span> <span class='ocrx_word' id='word_1_254' title='bbox 1240 2099 1259 2122; x_wconf 87' lang='lat'>»</span> <span class='ocrx_word' id='word_1_255' title='bbox 1275 2082 1308 2124; x_wconf 90' lang='lat' dir='ltr'>si</span> <span class='ocrx_word' id='word_1_256' title='bbox 1322 2080 1502 2136; x_wconf 61' lang='lat' dir='ltr'>deesset„</span> <span class='ocrx_word' id='word_1_257' title='bbox 1520 2081 1645 2140; x_wconf 84' lang='lat' dir='ltr'>plena</span> <span class='ocrx_word' id='word_1_258' title='bbox 1666 2091 1808 2142; x_wconf 85' lang='lat' dir='ltr'>posset</span> <span class='ocrx_word' id='word_1_259' title='bbox 1855 2090 1861 2115; x_wconf 68' lang='grc' dir='ltr'>’ἰ</span> 
     </span>
     <span class='ocr_line' id='line_1_46' title="bbox 423 2152 1852 2214; baseline 0 -16"><span class='ocrx_word' id='word_1_260' title='bbox 423 2171 513 2199; x_wconf 84' lang='lat' dir='ltr'>esse</span> <span class='ocrx_word' id='word_1_261' title='bbox 536 2155 761 2199; x_wconf 75' lang='lat' dir='ltr'>sententia.</span> <span class='ocrx_word' id='word_1_262' title='bbox 784 2154 948 2199; x_wconf 86' lang='lat' dir='ltr'>Deinde</span> <span class='ocrx_word' id='word_1_263' title='bbox 972 2154 1167 2214; x_wconf 80' lang='lat' dir='ltr'>sequitur</span> <span class='ocrx_word' id='word_1_264' title='bbox 1183 2189 1192 2207; x_wconf 85' lang='lat'>‚</span> <span class='ocrx_word' id='word_1_265' title='bbox 1215 2152 1379 2208; x_wconf 82' lang='lat' dir='ltr'>dicens,</span> <span class='ocrx_word' id='word_1_266' title='bbox 1409 2172 1428 2195; x_wconf 87' lang='lat'>«</span> <span class='ocrx_word' id='word_1_267' title='bbox 1449 2156 1505 2196; x_wconf 80' lang='lat' dir='ltr'>Et</span> <span class='ocrx_word' id='word_1_268' title='bbox 1526 2153 1571 2197; x_wconf 88' lang='lat' dir='ltr'>in</span> <span class='ocrx_word' id='word_1_269' title='bbox 1587 2152 1684 2198; x_wconf 80' lang='lat' dir='ltr'>loco</span> <span class='ocrx_word' id='word_1_270' title='bbox 1708 2155 1806 2198; x_wconf 81' lang='lat' dir='ltr'>ubi·</span> <span class='ocrx_word' id='word_1_271' title='bbox 1850 2175 1852 2181; x_wconf 85' lang='lat'><em>·</em></span> 
     </span>
     <span class='ocr_line' id='line_1_47' title="bbox 428 2223 1804 2287; baseline -0.003 -19"><span class='ocrx_word' id='word_1_272' title='bbox 428 2246 448 2268; x_wconf 89' lang='lat'>»</span> <span class='ocrx_word' id='word_1_273' title='bbox 474 2243 661 2287; x_wconf 81' lang='lat' dir='ltr'>cumque</span> <span class='ocrx_word' id='word_1_274' title='bbox 678 2226 1016 2280; x_wconf 76' lang='lat' dir='ltr'>steteratnubes,</span> <span class='ocrx_word' id='word_1_275' title='bbox 1029 2225 1088 2268; x_wconf 88' lang='lat' dir='ltr'>ibi</span> <span class='ocrx_word' id='word_1_276' title='bbox 1104 2233 1238 2268; x_wconf 79' lang='lat' dir='ltr'>eastra</span> <span class='ocrx_word' id='word_1_277' title='bbox 1256 2223 1529 2268; x_wconf 79' lang='lat' dir='ltr'>collocabant</span> <span class='ocrx_word' id='word_1_278' title='bbox 1542 2223 1804 2268; x_wconf 70' lang='lat' dir='ltr'>filiilsrael.»</span> 
     </span>
    </p>

    <p class='ocr_par' dir='ltr' id='par_1_4' title="bbox 425 2293 1852 2498">
     <span class='ocr_line' id='line_1_48' title="bbox 487 2293 1852 2356; baseline -0.002 -14"><span class='ocrx_word' id='word_1_279' title='bbox 487 2302 564 2342; x_wconf 78' lang='grc' dir='ltr'>ΙΙΙ.</span> <span class='ocrx_word' id='word_1_280' title='bbox 602 2301 695 2342; x_wconf 79' lang='lat' dir='ltr'>Hoc</span> <span class='ocrx_word' id='word_1_281' title='bbox 714 2305 858 2342; x_wconf 78' lang='lat' dir='ltr'>autem</span> <span class='ocrx_word' id='word_1_282' title='bbox 887 2306 1027 2340; x_wconf 77' lang='lat' dir='ltr'>lotum</span> <span class='ocrx_word' id='word_1_283' title='bbox 1051 2295 1170 2356; x_wconf 74' lang='lat' dir='ltr'>quod</span> <span class='ocrx_word' id='word_1_284' title='bbox 1196 2295 1429 2348; x_wconf 71' lang='lat' dir='ltr'>faciebant,</span> <span class='ocrx_word' id='word_1_285' title='bbox 1463 2293 1517 2338; x_wconf 84' lang='lat' dir='ltr'>ad</span> <span class='ocrx_word' id='word_1_286' title='bbox 1542 2305 1803 2355; x_wconf 62' lang='lat' dir='ltr'>praeceptum</span> <span class='ocrx_word' id='word_1_287' title='bbox 1848 2312 1852 2323; x_wconf 43' lang='lat'>*¹</span> 
     </span>
     <span class='ocr_line' id='line_1_49' title="bbox 425 2365 1812 2432; baseline -0.004 -19"><span class='ocrx_word' id='word_1_288' title='bbox 425 2369 598 2413; x_wconf 84' lang='lat' dir='ltr'>Domini</span> <span class='ocrx_word' id='word_1_289' title='bbox 638 2367 849 2421; x_wconf 78' lang='lat' dir='ltr'>referens,</span> <span class='ocrx_word' id='word_1_290' title='bbox 886 2367 941 2410; x_wconf 76' lang='lat' dir='ltr'>ita</span> <span class='ocrx_word' id='word_1_291' title='bbox 977 2365 1303 2422; x_wconf 73' lang='lat' dir='ltr'>complectitui·;</span> <span class='ocrx_word' id='word_1_292' title='bbox 1350 2384 1369 2406; x_wconf 91' lang='lat'>«</span> <span class='ocrx_word' id='word_1_293' title='bbox 1396 2368 1475 2408; x_wconf 81' lang='lat' dir='ltr'>Per</span> <span class='ocrx_word' id='word_1_294' title='bbox 1510 2373 1812 2432; x_wconf 60' lang='lat' dir='ltr'>praeceptum,⁴</span> 
     </span>
     <span class='ocr_line' id='line_1_50' title="bbox 428 2433 1800 2498; baseline -0.001 -19"><span class='ocrx_word' id='word_1_295' title='bbox 428 2458 447 2480; x_wconf 87' lang='lat'>»</span> <span class='ocrx_word' id='word_1_296' title='bbox 484 2439 640 2498; x_wconf 67' lang='lat' dir='ltr'>inquit7</span> <span class='ocrx_word' id='word_1_297' title='bbox 663 2438 834 2482; x_wconf 87' lang='lat' dir='ltr'>Domini</span> <span class='ocrx_word' id='word_1_298' title='bbox 850 2446 985 2480; x_wconf 82' lang='lat' dir='ltr'>eastra</span> <span class='ocrx_word' id='word_1_299' title='bbox 1005 2435 1280 2480; x_wconf 76' lang='lat' dir='ltr'>collocabunt</span> <span class='ocrx_word' id='word_1_300' title='bbox 1298 2433 1371 2478; x_wconf 85' lang='lat' dir='ltr'>filii</span> <span class='ocrx_word' id='word_1_301' title='bbox 1395 2433 1521 2478; x_wconf 60' lang='lat' dir='ltr'>lsrael</span> <span class='ocrx_word' id='word_1_302' title='bbox 1538 2443 1581 2478; x_wconf 89' lang='lat' dir='ltr'>et</span> <span class='ocrx_word' id='word_1_303' title='bbox 1598 2451 1674 2494; x_wconf 85' lang='lat' dir='ltr'>per</span> <span class='ocrx_word' id='word_1_304' title='bbox 1691 2451 1800 2494; x_wconf 81' lang='lat' dir='ltr'>prae-</span> 
     </span>
    </p>
   </div>
   <div class='ocr_carea' id='block_1_3' title="bbox 430 2503 1872 2604">
    <p class='ocr_par' dir='ltr' id='par_1_5' title="bbox 430 2503 1872 2604">
     <span class='ocr_line' id='line_1_51' title="bbox 430 2503 1804 2595; baseline -0.001 -46"><span class='ocrx_word' id='word_1_305' title='bbox 430 2531 447 2551; x_wconf 70' lang='grc' dir='ltr'>η</span> <span class='ocrx_word' id='word_1_306' title='bbox 484 2519 658 2568; x_wconf 51' lang='lat' dir='ltr'>ceptum</span> <span class='ocrx_word' id='word_1_307' title='bbox 697 2508 861 2551; x_wconf 66' lang='lat' dir='ltr'>Domini</span> <span class='ocrx_word' id='word_1_308' title='bbox 905 2507 1235 2566; x_wconf 68' lang='lat' dir='ltr'>promovcbni‘it.</span> <span class='ocrx_word' id='word_1_309' title='bbox 1271 2524 1288 2545; x_wconf 64' lang='grc' dir='ltr'>υ</span> <span class='ocrx_word' id='word_1_310' title='bbox 1332 2508 1597 2564; x_wconf 67' lang='lat' dir='ltr'>Przeccptum</span> <span class='ocrx_word' id='word_1_311' title='bbox 1634 2503 1804 2595; x_wconf 64' lang='lat' dir='ltr'>Domini</span> 
     </span>
     <span class='ocr_line' id='line_1_52' title="bbox 1856 2590 1872 2604; baseline 0 0"><span class='ocrx_word' id='word_1_312' title='bbox 1856 2590 1872 2604; x_wconf 58' lang='lat'>=‚</span> 
     </span>
    </p>
   </div>
   <div class='ocr_carea' id='block_1_4' title="bbox 472 2595 1802 2654">
    <p class='ocr_par' dir='ltr' id='par_1_6' title="bbox 472 2595 1802 2654">
     <span class='ocr_line' id='line_1_53' title="bbox 472 2595 1802 2654; baseline -0.008 -26"><span class='ocrx_word' id='word_1_313' title='bbox 472 2606 477 2618; x_wconf 92' lang='lat'><strong><em>¹</em></strong></span> <span class='ocrx_word' id='word_1_314' title='bbox 499 2599 589 2628; x_wconf 59' lang='lat' dir='ltr'>Enni.</span> <span class='ocrx_word' id='word_1_315' title='bbox 611 2608 652 2627; x_wconf 51' lang='grc' dir='ltr'>ιι,</span> <span class='ocrx_word' id='word_1_316' title='bbox 680 2595 783 2626; x_wconf 63' lang='grc'>1;’,-’.).”.·.</span> <span class='ocrx_word' id='word_1_317' title='bbox 1798 2597 1802 2654; x_wconf 66' lang='lat'><em>¹</em></span> 
     </span>
    </p>
   </div>
   <div class='ocr_carea' id='block_1_5' title="bbox 1858 1098 1872 1689">
    <p class='ocr_par' dir='ltr' id='par_1_7' title="bbox 1858 1098 1872 1689">
     <span class='ocr_line' id='line_1_54' title="bbox 1858 1098 1872 1689; baseline 0 0"><span class='ocrx_word' id='word_1_318' title='bbox 1858 1098 1872 1689; x_wconf 95' lang='lat' dir='ltr'> </span> 
     </span>
    </p>
   </div>
   <div class='ocr_carea' id='block_1_6' title="bbox 1809 1646 1823 2220">
    <p class='ocr_par' dir='ltr' id='par_1_8' title="bbox 1809 1646 1823 2220">
     <span class='ocr_line' id='line_1_55' title="bbox 1809 1646 1823 2220; baseline 0 0"><span class='ocrx_word' id='word_1_319' title='bbox 1809 1646 1823 2220; x_wconf 95' lang='lat' dir='ltr'> </span> 
     </span>
    </p>
   </div>
   <div class='ocr_carea' id='block_1_7' title="bbox 1805 1646 1823 2377">
    <p class='ocr_par' dir='ltr' id='par_1_9' title="bbox 1805 1646 1823 2377">
     <span class='ocr_line' id='line_1_56' title="bbox 1805 1646 1823 2377; baseline 0 0"><span class='ocrx_word' id='word_1_320' title='bbox 1805 1646 1823 2377; x_wconf 95' lang='lat' dir='ltr'> </span> 
     </span>
    </p>
   </div>
   <div class='ocr_carea' id='block_1_8' title="bbox 1849 1947 1857 2521">
    <p class='ocr_par' dir='ltr' id='par_1_10' title="bbox 1849 1947 1857 2521">
     <span class='ocr_line' id='line_1_57' title="bbox 1849 1947 1857 2521; baseline 0 0"><span class='ocrx_word' id='word_1_321' title='bbox 1849 1947 1857 2521; x_wconf 95' lang='lat' dir='ltr'> </span> 
     </span>
    </p>
   </div>
   <div class='ocr_carea' id='block_1_9' title="bbox 1861 1949 1872 2536">
    <p class='ocr_par' dir='ltr' id='par_1_11' title="bbox 1861 1949 1872 2536">
     <span class='ocr_line' id='line_1_58' title="bbox 1861 1949 1872 2536; baseline 0 0"><span class='ocrx_word' id='word_1_322' title='bbox 1861 1949 1872 2536; x_wconf 95' lang='lat' dir='ltr'> </span> 
     </span>
    </p>
   </div>
   <div class='ocr_carea' id='block_1_10' title="bbox 1862 1952 1872 2536">
    <p class='ocr_par' dir='ltr' id='par_1_12' title="bbox 1862 1952 1872 2536">
     <span class='ocr_line' id='line_1_59' title="bbox 1862 1952 1872 2536; baseline 0 0"><span class='ocrx_word' id='word_1_323' title='bbox 1862 1952 1872 2536; x_wconf 95' lang='lat' dir='ltr'> </span> 
     </span>
    </p>
   </div>
   <div class='ocr_carea' id='block_1_11' title="bbox 1864 1952 1870 2536">
    <p class='ocr_par' dir='ltr' id='par_1_13' title="bbox 1864 1952 1870 2536">
     <span class='ocr_line' id='line_1_60' title="bbox 1864 1952 1870 2536; baseline 0 0"><span class='ocrx_word' id='word_1_324' title='bbox 1864 1952 1870 2536; x_wconf 95' lang='lat' dir='ltr'> </span> 
     </span>
    </p>
   </div>
   <div class='ocr_carea' id='block_1_12' title="bbox 1866 1952 1872 2615">
    <p class='ocr_par' dir='ltr' id='par_1_14' title="bbox 1866 1952 1872 2615">
     <span class='ocr_line' id='line_1_61' title="bbox 1866 1952 1872 2615; baseline 0 0"><span class='ocrx_word' id='word_1_325' title='bbox 1866 1952 1872 2615; x_wconf 95' lang='lat' dir='ltr'> </span> 
     </span>
    </p>
   </div>
   <div class='ocr_carea' id='block_1_13' title="bbox 1787 2538 1805 3199">
    <p class='ocr_par' dir='ltr' id='par_1_15' title="bbox 1787 2538 1805 3199">
     <span class='ocr_line' id='line_1_62' title="bbox 1787 2538 1805 3199; baseline 0 0"><span class='ocrx_word' id='word_1_326' title='bbox 1787 2538 1805 3199; x_wconf 95' lang='lat' dir='ltr'> </span> 
     </span>
    </p>
   </div>
  </div>
 </body>
</html>
