1872 3267
387 306 472 344 378
830 319 864 345 s.
900 316 1131 346 AUGUSTINI
1162 319 1344 346 Emscom

382 397 472 427 non
493 390 605 437 erat2
631 381 815 425 maxime
832 382 933 442 quia
950 385 1064 427 Deus
1086 383 1290 443 praescius
1312 392 1404 427 erat
1424 383 1594 428 futuros
1620 392 1769 443 postea

383 463 471 497 tam
491 452 651 497 multos
669 453 800 497 etiam
818 469 1009 498 summos
1024 454 1265 499 sacerdotes
1283 471 1373 499 uno
1391 464 1586 514 tempore
1598 490 1609 510 ,
1625 453 1672 498 id
1689 463 1767 510 est,

383 540 473 568 non
494 539 570 584 per
583 525 898 568 successionem
911 560 921 579 ‚
938 526 1014 585 qui
1032 525 1316 570 tabernaculo
1335 535 1378 569 et
1399 526 1615 570 sacrificiis
1637 535 1680 569 et
1699 526 1772 569 in-

383 610 512 638 censo
524 603 567 638 et
580 595 779 638 universo
791 593 855 638 illi
870 593 1107 640 ministerio
1119 596 1285 641 vicibus
1296 595 1560 640 deservirent
1571 616 1582 653 3
1596 594 1772 656 quando

382 665 537 725 utique
552 663 615 708 illi
634 679 724 708 non
745 663 986 720 bibebant,
1011 682 1200 726 quorum
1220 667 1342 711 locus
1362 675 1454 710 erat
1474 665 1770 721 deserviendi,

383 734 454 779 alii
476 743 622 779 autem
645 734 886 778 bibebant?
908 739 978 779 An
1007 736 1113 796 quid
1140 736 1257 781 aliud
1280 738 1362 782 hoc
1392 736 1489 781 loco
1522 735 1771 795 intelligen-

382 808 472 851 est?
503 805 722 859 Quoniam
748 821 850 850 cum
881 806 1035 850 vinum
1065 815 1108 851 et
1138 808 1316 851 siceram
1346 806 1590 852 sacerdotes
1622 806 1772 850 bibere

383 875 657 936 prohiberet,
694 885 866 920 secutus
888 877 970 932 ait,
999 896 1019 919 ι(
1059 877 1322 935 Legitimum
1354 887 1568 922 aeternum
1593 877 1639 920 in
1668 891 1771 936 pro·
1827 917 1830 934 ἦ

385 965 406 988 ))
433 947 577 1006 genios
598 949 784 991 vestras¹
813 966 822 992 :
846 964 865 988 »
887 947 1143 1005 ambiguum
1158 957 1221 992 est
1239 957 1389 992 utrum
1406 947 1616 1008 superiori
1629 947 1770 991 sensui

382 1027 687 1073 connectatur,
718 1016 763 1061 id
784 1026 868 1072 est,
891 1016 946 1061 ad
973 1018 1122 1062 vinum
1146 1034 1236 1063 non
1263 1017 1507 1062 bibendum
1527 1017 1770 1078 pertineat3

382 1104 437 1132 an
450 1087 642 1133 inferiori
654 1088 730 1132 ubi
747 1088 945 1148 sequitur
955 1123 966 1143 ‚
989 1107 1008 1130 «
1025 1088 1295 1147 Distinguere
1314 1089 1428 1133 inter
1443 1087 1635 1132 medium
1648 1104 1772 1132 sanc-

385 1177 406 1200 »
430 1168 575 1203 torum
597 1168 640 1203 et
661 1159 1082 1214 contaminatorum,
1109 1168 1152 1202 et
1166 1159 1279 1202 inter
1295 1158 1489 1203 medium
1504 1158 1772 1202 mundorum

385 1247 406 1270 »
422 1238 466 1272 et
476 1228 806 1273 immundorum
822 1248 830 1273 ε
851 1238 893 1272 ct
907 1229 1120 1273 iustruere
1135 1228 1246 1273 filios
1261 1230 1392 1272 Israel
1403 1229 1547 1273 omnia
1560 1228 1768 1287 legitima,
1826 1261 1829 1272 2

385 1319 406 1342 »
432 1316 531 1360 quae
552 1299 725 1344 locutus
747 1309 810 1343 est
832 1300 1043 1344 Dominus
1066 1299 1122 1343 ad
1144 1315 1215 1343 eos
1232 1315 1309 1359 per
1330 1315 1510 1343 manum
1529 1299 1699 1357 Μοῇνεί2
1719 1318 1728 1343 ;
1748 1317 1767 1339 »

381 1379 432 1414 ut
454 1371 536 1414 hoc
559 1371 611 1414 sit
628 1370 771 1415 officio
794 1369 1070 1414 sacerdotum
1092 1369 1337 1428 legitimum
1358 1379 1572 1414 aeternum
1594 1370 1640 1413 in
1670 1385 1772 1429 pro-

383 1441 527 1499 genies
548 1456 715 1485 eorum.
740 1440 972 1494 Quomodo
995 1450 1141 1484 autem
1163 1440 1278 1484 dicat
1310 1459 1330 1482 «
1365 1450 1600 1495 aeternum,
1622 1458 1642 1481 n
1681 1441 1771 1500 jam
1826 1429 1833 1488 ¹,

382 1526 496 1570 saepe
524 1511 728 1555 diximus.
765 1513 857 1556 Hoc
887 1525 1066 1571 quoque
1102 1510 1309 1568 ambigue
1336 1511 1527 1570 positum
1556 1519 1620 1554 est
1651 1511 1772 1570 quod

383 1583 466 1638 ait,
494 1602 514 1625 «
548 1582 819 1640 Distinguere
846 1582 962 1626 inter
986 1581 1179 1625 medium
1214 1590 1464 1626 sanctorum
1489 1591 1533 1625 et
1559 1581 1771 1626 contami-
1830 1606 1832 1615 ·

386 1671 406 1694 >J
428 1662 646 1708 natorum,
663 1662 705 1696 et
717 1653 831 1697 inter
844 1652 1039 1696 medium
1051 1651 1319 1696 mundorum
1331 1661 1374 1696 et
1387 1650 1715 1696 immundorum
1728 1670 1768 1709 3»
1824 1647 1831 1680 ,¹

382 1732 531 1768 utrum
549 1724 604 1768 ab
621 1739 672 1768 eo
694 1722 813 1784 quod
826 1732 929 1767 sunt
950 1732 1096 1767 sancta
1120 1731 1162 1766 et
1184 1721 1373 1777 munda,
1399 1721 1469 1766 vel
1490 1722 1717 1782 inquinata
1729 1730 1771 1766 et
1824 1726 1832 1744 ¹

383 1795 631 1852 immunda3
659 1810 714 1838 an
735 1794 791 1838 ab
818 1809 870 1838 eo
892 1794 1013 1854 quod
1044 1803 1146 1837 sunt
1178 1793 1315 1838 sancti
1337 1802 1380 1837 et
1400 1793 1554 1837 mundi
1575 1829 1586 1848 ,
1609 1793 1680 1838 vel
1700 1794 1770 1837 in-

382 1865 549 1925 quinati
578 1874 621 1909 et
642 1865 857 1909 immundi
883 1883 892 1909 :
919 1863 963 1908 id
986 1872 1064 1918 est,
1089 1873 1239 1908 utrum
1267 1864 1381 1907 inter
1408 1863 1482 1907 illa
1505 1864 1595 1923 ipsa
1626 1879 1766 1917 sacra,
1823 1910 1826 1921 ⁸

382 1951 483 1995 quae
505 1935 584 1979 rite
605 1934 674 1979 vel
692 1950 780 1978 non
794 1935 873 1978 rite
888 1935 1057 1985 fierent,
1074 1932 1339 1992 distinguere
1351 1932 1489 1978 voluit
1503 1932 1743 1977 sacerdotes
1756 1955 1767 1991 3

384 2022 439 2049 an
475 2007 588 2050 inter
615 2007 727 2065 ipsos
765 2006 962 2049 homines
983 2004 1232 2063 probandos
1252 2003 1322 2048 vol
1347 2002 1655 2063 improbandos
1671 2039 1681 2058 ,
1714 2020 1767 2047 au

383 2078 527 2137 potius
547 2077 601 2121 ad
624 2086 860 2135 utrumque
897 2073 1175 2120 referendum
1196 2084 1281 2130 est,
1322 2075 1410 2120 sive
1431 2075 1650 2131 homines,
1682 2076 1770 2119 sive

384 2162 518 2191 sacra.

855 2243 1091 2291 QUAESTIO
1123 2243 1296 2282 XXXIV.

448 2366 468 2388 «
503 2348 811 2389 PECTUSCULUM
853 2343 1158 2402 segregationis
1191 2353 1233 2387 et
1271 2343 1497 2387 brachium
1539 2342 1769 2388 ablationis
1820 2374 1822 2379 .

387 2435 409 2458 n
436 2415 754 2460 manducabitis
778 2414 822 2458 in
843 2413 939 2457 loco
972 2415 1163 2458 sanctoss.
1192 2432 1211 2454 »
1243 2414 1448 2466 Quamvis
1476 2414 1646 2471 singula
1679 2415 1767 2458 sin—-

385 2486 493 2544 gulis
513 2485 613 2530 data
630 2486 715 2529 sint
732 2520 742 2539 ,
770 2483 972 2527 nimirum
1000 2493 1142 2528 tamen
1164 2493 1401 2543 utrumque
1422 2493 1565 2543 posset
1586 2483 1673 2527 dici
1693 2499 1764 2527 se·
1824 2536 1826 2538 v
1864 2505 1868 2522 s

385 2556 665 2615 gregassonss,
691 2555 792 2614 quia
804 2563 1039 2613 utrumque
1056 2554 1265 2598 sacerdoti
1280 2562 1502 2613 separatur
1520 2563 1563 2598 et
1585 2563 1761 2598 utrum-

433 2659 441 2674 ¹
472 2651 575 2684 Levit.
594 2662 626 2691 x,
651 2662 684 2691 9.
708 2666 747 2671 -
767 2656 780 2671 ²
806 2648 885 2680 Ibid.
913 2660 960 2679 10.
989 2666 1028 2670 --
1054 2647 1165 2680 31bid.
1194 2648 1247 2690 14.

1819 2540 1822 2595 ἰ
1865 2566 1868 2593 s
