1872 3267
430 198 515 238 174
853 209 886 236 s.
922 208 1152 238 Aucusnm
1184 212 1366 239 Emscom

426 275 594 336 possint
616 273 799 332 intelligi
821 275 1086 336 quicumque
1108 276 1341 321 duodecim
1351 278 1389 333 13
1410 275 1484 320 sed
1504 275 1566 320 illi
1586 277 1632 319 in
1652 290 1704 320 eo
1722 291 1807 318 nu-

427 361 547 389 mero
583 344 784 403 insignes.
822 348 886 389 Eo
913 345 1044 391 modo
1065 346 1295 391 locutionis
1324 355 1431 406 puto
1470 356 1513 390 et
1534 345 1645 390 illud
1671 361 1694 390 a
1722 349 1810 389 Do-

427 416 546 459 mino
569 414 736 460 dictum
759 436 766 460 :
799 435 818 457 α
843 418 997 461 Nonne
1019 431 1097 475 ego
1117 433 1193 462 vos
1216 416 1446 461 duodecim
1469 416 1601 475 elegi,
1632 425 1676 460 et
1696 431 1810 459 unus

430 503 452 526 »
486 502 536 530 ex
558 487 681 531 vobis
705 486 904 530 diabolus
941 491 1052 542 est2,
1077 505 1096 528 n
1123 497 1172 532 ut
1201 504 1290 532 non
1319 487 1374 531 ad
1397 486 1653 531 electionem
1680 485 1809 529 etiam

425 557 515 615 ipse
536 557 751 616 pertinere
774 555 986 601 videatur.
1013 559 1110 602 Non
1129 558 1245 601 enim
1267 556 1391 602 facile
1408 557 1627 602 invenitur
1648 555 1808 599 electo-

426 642 523 670 rum
547 642 707 670 nomen
724 627 769 669 in
791 625 926 680 malo,
954 626 1033 669 nisi
1055 627 1230 686 quando
1249 627 1351 670 mali
1380 626 1645 685 eliguntura
1668 624 1806 669 malis.

403 697 555 753 *Quod
576 698 609 741 si
635 697 930 756 putaverimus
954 706 996 741 et
1016 696 1141 741 illum
1164 698 1351 742 electum
1365 734 1375 753 ,
1400 707 1450 742 ut
1465 714 1540 758 per
1562 699 1652 757 ejus
1673 696 1810 740 tradi-

426 768 589 812 tionem
613 768 785 812 Domini
806 768 944 827 passio
967 768 1272 827 compleretur,
1300 768 1346 812 id
1368 778 1453 823 est,
1480 767 1690 812 malitiam
1721 767 1812 826 ejus

425 838 480 883 ad
501 838 666 898 aliquid
691 838 897 894 electam,
935 839 1046 882 bene
1079 848 1228 883 utente
1251 843 1340 884 Deo
1369 839 1499 883 etiam
1519 838 1666 895 malis,
1689 835 1808 881 aliud

427 908 702 953 attendamus
723 908 800 952 ubi
822 908 882 952 ait
907 928 915 952 :
947 928 966 950 «
993 911 1091 953 Non
1120 908 1174 953 de
1197 910 1400 953 omnibus
1424 909 1547 953 vobis
1571 907 1668 952 dico
1688 929 1698 965 3
1731 921 1810 964 ego

433 998 453 1021 »
489 980 576 1024 scio
613 995 723 1040 quos
758 978 869 1038 elegi
883 980 897 1005 3
921 999 929 1023 :
969 998 988 1020 »
1022 979 1097 1023 ubi
1124 979 1313 1024 declarat
1346 979 1400 1023 ad
1435 979 1691 1023 electionem
1723 993 1814 1021 non

430 1051 646 1110 pertinere
669 1050 751 1093 nisi
774 1050 926 1094 bonos.
964 1054 1026 1094 Ac
1049 1066 1126 1109 per
1144 1051 1227 1095 hoc
1247 1050 1359 1094 illud
1383 1049 1503 1110 quod
1524 1050 1690 1093 dictum
1713 1057 1776 1092 est
1800 1066 1810 1092 ι
1857 1079 1859 1082 -

437 1140 457 1162 «
491 1124 584 1178 Ego
621 1136 694 1164 vos
730 1119 961 1164 duodecim
991 1120 1125 1179 clegi,
1154 1140 1173 1161 n
1212 1137 1290 1180 per
1313 1120 1616 1178 synecdochen
1648 1119 1815 1163 dictum

433 1200 511 1245 est,
534 1200 583 1234 ut
599 1191 775 1234 nomine
791 1191 962 1250 majoris
980 1190 1255 1251 meliorisque
1269 1192 1415 1251 partis,
1428 1191 1556 1234 etiam
1574 1189 1685 1234 illud
1701 1204 1818 1234 com-

433 1262 709 1321 plecteretur,
734 1260 853 1321 quod
877 1261 931 1304 ad
952 1260 1091 1320 ipsum
1111 1278 1272 1306 nomen
1294 1278 1383 1306 non
1404 1263 1606 1321 pertinet.

492 1334 544 1375 V.
567 1332 647 1375 Hic
666 1330 821 1375 modus
843 1340 906 1374 est
928 1331 972 1374 in
994 1332 1077 1375 hoc
1101 1331 1253 1376 eodem
1277 1331 1412 1386 libro,
1437 1331 1515 1375 ubi
1537 1334 1716 1375 Emmor
1735 1346 1817 1390 pro

432 1402 522 1446 filio
550 1418 628 1446 suo
654 1403 867 1459 Sychem,
891 1411 942 1444 ut
964 1404 1175 1461 acciperet
1198 1403 1352 1446 Dinam
1376 1401 1509 1445 filiam
1532 1401 1689 1456 Jacob,
1716 1402 1816 1445 exiit

432 1472 553 1532 loqui
571 1487 672 1516 cum
694 1470 847 1515 eodem
865 1472 1000 1515 Jacob
1014 1473 1046 1527 4,
1073 1481 1116 1515 et
1131 1481 1346 1516 venerunt
1368 1472 1494 1515 etiam
1525 1470 1601 1514 filii
1623 1472 1713 1530 ejus
1741 1471 1817 1530 qui

432 1543 630 1587 absentes
648 1552 785 1596 erant,
811 1551 854 1585 et
874 1542 929 1586 ad
943 1558 1092 1586 omnes
1110 1542 1214 1586 dicit
1232 1546 1411 1586 Emmor
1429 1562 1437 1587 :
1461 1562 1481 1585 «
1500 1543 1684 1599 Sychem
1701 1541 1816 1585 filius

434 1632 455 1655 ›>
491 1628 613 1657 meus
634 1612 764 1670 elegit
795 1613 940 1656 animo
969 1612 1103 1655 filiam
1136 1622 1344 1667 vestram,
1380 1612 1480 1656 date
1503 1627 1603 1670 ergo
1630 1611 1692 1655 illi
1721 1627 1816 1659 eam

436 1702 456 1725 n
491 1698 684 1728 uxorem.
713 1701 733 1723 »
767 1683 878 1746 Quia
906 1682 1019 1726 enim
1049 1683 1192 1742 potior
1224 1692 1314 1726 erat
1344 1683 1475 1742 patris
1503 1698 1708 1742 persona,
1739 1698 1816 1742 per

432 1753 739 1812 synecdochen
762 1751 897 1796 filiam
924 1762 1112 1797 vestram
1145 1753 1291 1796 dicens
1308 1788 1319 1807 ,
1348 1753 1477 1797 etiam
1499 1751 1650 1797 fratres
1676 1753 1816 1797 tenuit

431 1825 515 1868 hoc
543 1823 740 1877 nomine,
772 1837 960 1881 quorum
989 1838 1078 1866 11011
1105 1831 1196 1866 erat
1229 1822 1331 1866 filia.
1367 1823 1478 1867 Hinc
1513 1832 1576 1867 est
1603 1832 1646 1866 et
1676 1822 1811 1867 illud:

437 1914 456 1937 (<
480 1897 616 1939 Curre
640 1894 694 1937 ad
716 1908 831 1947 oves,
859 1902 902 1936 et
921 1893 1066 1952 accipe
1088 1892 1190 1936 inde
1211 1893 1319 1937 mihi
1341 1892 1450 1938 duos
1469 1894 1649 1938 hoedos⁵
1668 1913 1677 1938 :
1706 1912 1726 1934 1)
1754 1893 1814 1937 si-

432 1964 526 2009 mul
547 1964 661 2008 enim
676 1963 966 2023 pascebantur
983 1979 1082 2008 oves
1102 1973 1145 2007 et
1161 1963 1306 2021 hoedi,
1331 1974 1371 2007 et
1389 1964 1489 2024 quia
1507 1965 1696 2023 potiores
1713 1972 1816 2008 sunt

431 2051 558 2090 oveS,
595 2049 744 2078 earum
777 2033 952 2078 nomine
980 2035 1108 2077 etiam
1130 2034 1372 2093 ,caprinum
1401 2050 1533 2094 pecus
1567 2034 1813 2094 complexus

429 2115 507 2150 est.
530 2106 596 2150 Sic
614 2105 715 2165 quia
737 2106 881 2164 potior
897 2114 989 2149 erat
1002 2120 1209 2149 numerus
1226 2104 1426 2149 undecim
1444 2105 1633 2150 filiorum
1657 2106 1808 2160 Jacob,

430 2177 505 2238 qui
526 2177 615 2220 nati
638 2175 810 2220 fuerant
838 2176 884 2219 in
910 2176 1244 2235 Mesopotamia,
1276 2177 1469 2236 ipsorum
1497 2191 1812 2221 commemora-

430 2248 549 2292 tione
575 2247 794 2306 Scriptura
827 2246 1049 2306 complexa
1081 2255 1144 2291 est
1177 2247 1306 2290 etiam
1340 2249 1591 2308 Benjamin,
1627 2248 1703 2308 qui
1724 2262 1814 2291 non

430 2327 520 2362 erat
536 2318 596 2362 ibi
619 2326 761 2372 natus,
784 2327 827 2361 et
849 2317 1014 2361 dictum
1033 2327 1120 2362 est:
1146 2318 1201 2361 Hi
1218 2327 1319 2362 sunt
1336 2318 1412 2362 filii
1439 2319 1598 2374 Jacob,
1619 2318 1695 2378 qui
1710 2316 1819 2362 facti·

430 2407 453 2431 »
487 2398 588 2433 sunt
608 2388 647 2431 ei
667 2388 713 2432 in
735 2389 1045 2448 Mesopotamia
1072 2388 1222 2446 Syriae.
1246 2407 1266 2430 »
1286 2422 1287 2425 ,
1831 2441 1833 2444 .

475 2492 483 2508 ¹
505 2488 603 2519 Graec.
622 2485 682 2522 τοῖς
702 2480 838 2516 δώδεκα..
855 2487 894 2517 At
912 2484 1229 2526 Vulg.11nclecc'm.—
1247 2487 1360 2518 ²Joan.
1377 2495 1427 2526 v1‚·
1448 2496 1498 2528 70.
1515 2483 1580 2509 -3
1597 2485 1643 2518 Id.
1666 2496 1719 2518 xm
1735 2509 1743 2527 ,
1761 2442 1822 2517 18.Ι

428 2558 469 2564 ——
485 2540 501 2572 4
519 2545 598 2575 Gen.
616 2553 704 2585 xxiv,
723 2542 756 2575 6.
778 2560 819 2566 —-
834 2541 911 2574 51d.
931 2553 1028 2583 xxvn,
1044 2553 1077 2584 9.

1815 2625 1818 2655 1

1814 2660 1817 2702 i
