1872 3267
373 247 632 276 Loeo'noNEs
665 247 718 274 DE
751 246 970 284 nummus,
1006 248 1088 274 tin.
1127 248 1186 273 iv.
1422 235 1475 271 77

89 320 155 357 ret
173 312 228 356 de
250 313 409 373 quibus
427 313 557 357 rebus
580 321 704 367 esset,
723 311 871 356 intulit
897 331 916 353 «
934 311 1029 355 'ribi
1043 310 1204 355 dedica
1228 330 1235 354 ;
1254 328 1273 351 »
1291 325 1371 354 nec
1393 310 1478 353 sal-

89 392 178 427 tem
195 384 275 428 tibi
299 383 400 429 dedi
418 400 528 439 eam,
554 393 630 428 aut
643 383 722 427 tibi
740 382 841 426 dedi
859 399 943 438 eas,
969 382 1014 426 id
1037 390 1116 438 est,
1141 381 1376 441 primitias,
1401 379 1477 424 scd

87 464 294 499 neutrum
314 469 449 514 genus
471 454 647 509 intulit,
674 453 795 515 quod
815 454 992 514 quidem
1020 452 1111 496 fieri
1135 451 1332 496 absoluta
1350 451 1476 496 loeu-

89 526 206 570 tione
237 526 366 571 etiam
394 526 439 570 in
466 525 600 570 latina
622 525 770 583 lingua
799 524 922 569 solet.
957 527 1108 583 Neque
1131 524 1214 567 lioe
1237 522 1358 583 quod
1380 522 1476 566 dic-

90 606 182 642 tum
208 606 299 652 est,
330 617 350 640 «
372 597 560 657 primitia
576 632 586 652 ,
613 617 630 638 »
657 596 843 640 latinum
860 596 1035 640 videtur
1057 614 1065 638 :
1092 594 1292 653 primitiae
1315 593 1477 654 quippe

87 667 258 712 numeri
276 677 447 712 tantum
462 666 642 727 pluralis
659 666 744 711 dici
758 666 915 711 solent.
941 664 1025 711 Sed
1042 665 1075 708 si
1091 673 1330 724 potuerunt
1348 663 1479 707 inter-

87 749 228 799 pretes
247 738 383 783 nostri
402 736 636 782 transferre
658 736 780 798 quod
796 737 842 780 in
864 752 1002 795 graeco
1020 736 1283 780 invenerunt
1304 755 1311 778 :
1344 755 1362 776 «
1379 737 1478 781 Non

91 828 111 851 »
147 809 421 869 congregabo
441 808 746 854 conventicula
772 824 923 853 eorum
945 807 999 851 de
1021 807 1329 864 sanguinibus¹
1350 826 1358 850 ;
1388 825 1407 847 n
1435 814 1479 850 et

87 880 172 925 alio
196 880 318 924 loco:
349 899 369 923 «
392 879 548 924 Virum
576 879 838 937 sanguinum
863 887 906 922 et
927 876 1128 922 dolosum
1152 876 1478 921 abominabitur

90 969 110 992 »
146 951 385 995 Dominus²
408 971 415 996 :
445 970 464 992 »
498 966 599 995 eum
622 950 796 1009 sanguis
819 950 862 993 in
893 948 1026 992 latina
1051 947 1197 1005 lingua
1222 947 1393 991 numeri
1426 948 1479 992 sit

91 1031 259 1066 tantum
282 1021 508 1081 singularis
525 1057 535 1076 ,
561 1037 639 1065 cur
663 1021 792 1064 etiam
823 1019 892 1063 hie
917 1020 1084 1078 pigeret
1105 1017 1366 1076 singularem
1390 1033 1477 1061 nu-

88 1107 255 1137 merum
293 1111 312 1133 u
346 1091 557 1152 primitia,
594 1110 613 1132 »
655 1091 767 1135 sieut
803 1089 938 1134 habet
971 1104 1133 1147 grmcus
1157 1124 1167 1144 ,
1207 1089 1478 1149 exprimere?

87 1162 233 1223 Aliqui
263 1173 405 1207 tamen
434 1163 690 1222 interpretes
712 1161 922 1221 primitias
953 1159 1292 1215 transtulerunt,
1329 1170 1371 1204 et
1402 1176 1479 1219 per

88 1234 382 1278 accusativum
409 1239 583 1288 casum,
609 1241 659 1276 ut
687 1231 911 1288 dicerent,
941 1233 1139 1275 «Omnes
1162 1231 1374 1291 primitias
1401 1230 1478 1274 tibi

90 1324 110 1346 »
145 1304 273 1349 dabo.
302 1323 322 1345 »
359 1307 423 1348 Ita
459 1312 690 1363 utramque
728 1302 998 1347 locutionem
1034 1303 1160 1347 nobis
1193 1303 1474 1357 inusitatam,

86 1374 309 1435 quomodo
330 1375 376 1417 in
399 1390 538 1433 graeco
559 1374 736 1418 inventa
759 1382 843 1428 est,
871 1372 1103 1417 transferre
1121 1372 1373 1417 noluerunt.

148 1447 239 1490 LX.
271 1447 508 1504 «Loquere
532 1442 630 1488 filiis
655 1443 802 1498 Israel,
830 1453 873 1487 et
902 1444 1115 1503 accipiant
1138 1460 1159 1487 a
1183 1454 1225 1487 te
1242 1444 1476 1503 juvencam

90 1533 110 1557 υ
146 1514 306 1559 rufam³
325 1535 333 1559 :
356 1534 375 1556 »
406 1530 485 1574 pro
499 1529 549 1558 eo
564 1529 612 1557 ae
630 1513 660 1557 si
678 1513 863 1568 diceret,
895 1533 914 1555 «
932 1513 1168 1557 Addueant
1185 1513 1239 1557 ad
1257 1523 1299 1557 te
1322 1533 1329 1557 :
1352 1524 1427 1557 aut
1453 1532 1472 1554 »

90 1595 208 1630 certe
231 1595 469 1645 utrumque
491 1585 645 1628 usitate
667 1584 906 1638 diceretur,
934 1583 1164 1643 Accipiant
1188 1593 1232 1628 et
1258 1583 1479 1628 adducant·

89 1657 143 1700 ad
171 1666 209 1700 te
237 1677 255 1697 «
276 1657 509 1715 juvencam
533 1656 690 1698 rufam.
717 1674 736 1694 »

150 1730 263 1771 Lm.
305 1747 323 1768 «
351 1729 406 1769 ‘Et
428 1725 591 1770 lavabit
620 1740 777 1784 corpus
800 1739 928 1768 suum
951 1725 1086 1784 aqua·‘¹
1113 1745 1120 1769 z
1151 1744 1169 1767 Ἰ>
1205 1725 1289 1770 hoc
1313 1725 1478 1769 intelli-

91 1807 264 1856 geretur
287 1796 415 1840 etiam
441 1796 473 1839 si
495 1811 584 1839 non
607 1795 810 1850 haberet,
837 1814 855 1836 α
881 1811 1008 1854 aqua.
1039 1814 1057 1834 »

148 1871 285 1912 LXII.
318 1886 338 1910 «
362 1870 418 1911 Et
440 1876 574 1926 ponet
596 1875 713 1909 extra
735 1874 872 1909 eastra
895 1866 941 1908 in
966 1865 1114 1909 locum
1146 1865 1388 1910 mundum5
1418 1885 1426 1911 :
1455 1885 1475 1907 »

92 1954 182 1984 non
203 1939 249 1982 in
271 1939 367 1983 loco
384 1937 552 1981 mundo
575 1935 704 1992 dixit,
725 1936 845 1997 quod
862 1935 1009 1980 latinae
1032 1935 1263 1981 locutionis
1280 1947 1357 1981 est.

152 2012 311 2053 LXIII.
352 2028 371 2050 «
392 2012 533 2052 Omne
562 2023 633 2051 vas
655 2016 854 2067 apertum
877 2023 1169 2068 quaecumque
1200 2023 1289 2052 non
1313 2008 1477 2052 habent

92 2078 366 2139 alligaturam
388 2078 606 2137 alligatam
629 2093 759 2138 super
781 2093 829 2122 ea
843 2081 875 2121 ⁶.
906 2096 926 2119 »

152 2154 304 2196 LXIV.
345 2170 365 2192 «
391 2153 449 2194 Et
475 2150 641 2210 accepit
670 2153 841 2208 Moyses
869 2150 1033 2209 virgam
1064 2166 1163 2210 quae
1196 2159 1296 2195 ante
1330 2150 1477 2195 Domi-

94 2242 114 2264 »
152 2225 284 2266 num⁷
314 2241 321 2266 :
352 2240 371 2262 »
398 2220 682 2276 subauditur,
708 2230 814 2265 erat.

149 2295 280 2337 LXV.
321 2313 340 2335 «
364 2293 476 2346 Quia
505 2308 595 2337 11011
623 2291 863 2336 credidistis
897 2291 1164 2335 sanctificare
1197 2307 1267 2335 me
1295 2292 1340 2335 in
1372 2307 1479 2335 eon-

93 2382 112 2405 »
148 2373 300 2423 spectu
335 2363 526 2407 filiorum
561 2361 718 2406 Isra'e'l3
749 2381 757 2407 ε
788 2381 806 2403 »
840 2360 885 2405 id
916 2371 1000 2417 est,
1037 2362 1311 2407 sanctitatem
1341 2377 1482 2406 meam

89 2434 320 2479 declarare.
350 2433 601 2479 Secundum
623 2433 752 2477 istam
774 2432 1043 2477 locutionem
1075 2432 1245 2476 dictum
1268 2443 1331 2476 est
1351 2452 1359 2476 ;
1389 2451 1406 2473 «
1429 2435 1486 2476 Et

138 2528 144 2543 ¹
168 2521 247 2553 Psal.
270 2533 324 2563 xv,
343 2521 375 2565 4.
398 2538 437 2544 -—
459 2528 472 2544 ²
498 2521 543 2553 Id.
561 2532 593 2563 v,
618 2531 647 2563 7.
675 2537 717 2543 -
733 2519 745 2543 3
766 2522 858 2552 Num.
881 2530 947 2561 xix,
967 2528 998 2552 2.
1017 2536 1056 2542 -—
1080 2518 1094 2549 l,
1117 2518 1196 2551 ibid.
1219 2527 1245 2552 7.
1270 2536 1310 2541 »-
1327 2517 1481 2563 51ὺῑι1.9.

92 2576 266 2610 —¹i1bid.
291 2576 340 2609 15.
360 2595 401 2601 ·-
425 2578 505 2611 71d.
532 2588 585 2619 xx,
604 2590 637 2619 ς).
656 2594 695 2601 —-
717 2576 730 2598 5³
750 2577 831 2609 lbid.
856 2586 908 2609 1¹2.
