1872 3267
390 244 657 279 QL'AESTmNES
689 244 734 271 m
767 245 960 282 sumens,
997 246 1079 271 Lm.
1115 245 1192 271 vn.
1397 231 1479 270 593

97 324 117 347 »
152 321 241 351 non
263 317 384 352 exeat
410 308 519 367 ignis
543 308 598 353 de
622 309 806 353 rhamno
830 328 837 353 :
865 328 884 351 »
911 310 986 354 sed
1007 306 1452 367 subdistinguendum
1471 342 1483 362 ‚

98 396 118 420 «
153 380 209 422 Et
230 378 264 422 si
293 394 404 433 non,
435 397 454 420 >³
488 394 536 423 ac
563 378 721 423 deinde
756 379 1055 434 inferendum,
1087 399 1106 421 «
1131 382 1267 424 Exeat
1292 379 1402 438 ignis
1429 377 1484 422 de

98 466 107 488 ›
155 449 353 503 rahmno,
377 467 396 489 »
423 449 468 493 id
491 459 577 504 est,
609 469 628 491 «
653 452 711 494 Et
730 450 763 494 si
791 467 879 496 non
908 451 1126 496 confiditis
1147 451 1192 494 in
1214 449 1486 510 protectione

98 537 117 560 »
153 535 264 574 mea,
292 539 312 561 η
340 528 431 575 aut,
461 539 481 561 «
502 523 558 564 Et
579 521 612 564 si
630 522 782 565 nonin
805 523 984 567 veritate
1001 522 1192 580 unguitis
1215 537 1284 566 me
1306 535 1486 580 regnare

101 610 109 631 ›
155 606 285 650 super
305 608 396 647 VOS,
417 595 551 636 Exeat
578 592 688 651 ignis
714 592 769 637 de
796 594 979 638 rhamno
996 629 1006 649 ,
1039 603 1082 637 et
1103 591 1305 638 comedat
1336 590 1487 636 cedros

99 680 119 702 )›
156 662 324 707 Libani.
361 681 381 703 »
419 663 735 708 Comminantis
770 665 886 708 enim
918 664 1049 711 verba
1079 673 1181 708 sunt
1208 663 1316 723 quid
1347 661 1488 707 facere

98 733 256 792 possit,
298 733 332 777 si
356 732 577 778 noluerint
606 750 701 778 eam
731 750 910 793 regnare
943 751 1072 795 super
1100 750 1158 779 se.
1191 736 1356 778 Verum
1387 733 1491 793 quia

63 834 69 839 -
97 819 186 848 non
207 804 287 858 ait,
313 823 333 846 «
358 804 504 848 Exibit
526 805 638 864 ignis
660 806 714 849 de
737 807 921 851 rhamno
938 842 948 861 ,
974 815 1018 849 et
1034 804 1318 849 manducabit
1340 802 1492 848 cedros

100 893 120 915 »
157 874 339 930 Libani,
369 893 388 916 »
420 873 496 920 sed
518 876 602 930 ait,
634 880 831 931 «Exeat,
859 886 902 920 et
924 877 1186 931 manducet,
1221 893 1242 916 »
1266 874 1492 919 obscurius

97 945 264 990 factum
285 955 350 990 est
377 962 510 1006 quam
535 946 570 990 si
593 946 682 992 sola
703 947 924 992 distinctio
947 947 1114 991 lateret.
1146 945 1494 991 Vehementioris

99 1025 247 1060 autem
282 1017 632 1062 comminationis
667 1028 751 1074 est,
771 1028 813 1063 et
834 1018 1027 1079 quodam
1049 1017 1181 1062 modo
1202 1015 1494 1077 praesentioris

99 1088 330 1142 essicaciae,
361 1088 395 1132 si
418 1089 514 1149 quis
544 1088 681 1145 dicat,
712 1109 731 1131 «
761 1090 803 1135 Si
830 1105 919 1134 non
946 1089 1009 1133 vis
1040 1087 1182 1133 facere
1211 1087 1332 1148 quod
1363 1086 1491 1138 volo,

102 1178 121 1200 »
159 1160 307 1204 saeviat
327 1159 373 1203 in
398 1169 440 1204 te
461 1160 522 1203 ira
545 1176 658 1216 mea,
682 1179 701 1201 »
721 1160 766 1204 id
788 1170 867 1216 est,
886 1161 977 1221 jam
999 1160 1170 1215 saeviat,
1197 1169 1247 1204 ut
1268 1159 1376 1220 quid
1398 1174 1495 1203 eam

103 1239 254 1285 teneo,
281 1247 413 1291 quam
439 1231 474 1275 si
504 1230 645 1287 dicat,
672 1231 841 1287 saeviet,
877 1231 1133 1292 promissivo
1162 1229 1294 1275 modo
1317 1245 1497 1290 poenam

100 1301 320 1346 intentans
337 1300 546 1346 futuram.

109 466 117 489 υ

110 609 119 631 υ

603 1411 842 1461 QUAESTIO
873 1412 989 1450 XLV.

168 1532 187 1555 «
205 1515 268 1557 ET
289 1513 430 1557 emisit
443 1516 559 1557 Deus
576 1513 778 1573 spiritum
794 1513 1037 1573 malignum
1051 1514 1163 1557 inter
1180 1512 1437 1558 Abimelech
1456 1521 1500 1558 et

106 1603 126 1625 ν)
163 1584 276 1627 inter
299 1584 412 1628 viros
430 1583 761 1628 Sichimoruml.
793 1603 812 1625 »
839 1587 934 1628 Hoc
951 1585 1158 1639 verbum,
1184 1593 1333 1628 utrum
1358 1584 1498 1644 impe-

105 1665 289 1710 rantem,
311 1670 365 1698 an
388 1655 714 1714 permittentem
736 1659 876 1699 Deum
899 1655 1127 1714 significet,
1145 1670 1234 1698 non
1247 1653 1373 1699 facile
1387 1654 1498 1700 defi-

104 1727 187 1770 niri
209 1736 365 1786 potest.
390 1726 520 1779 Quod
538 1727 654 1770 enim
674 1727 744 1771 hic
762 1727 952 1786 positum
976 1736 1060 1779 est,
1090 1745 1110 1767 «
1135 1726 1307 1781 Emisit,
1337 1744 1357 1767 ))
1386 1742 1500 1785 grae-

105 1813 180 1842 cus
202 1786 337 1841 habet
350 1805 561 1854 iimina-om,
579 1798 700 1858 quod
717 1797 846 1841 etiam
866 1797 987 1842 estin
1005 1796 1198 1851 Psalmis,
1221 1796 1299 1840 ubi
1315 1796 1496 1856 legitur:

112 1888 130 1909 «
168 1869 328 1912 Emitte
346 1868 490 1912 lucem
511 1872 660 1914 tuam2
681 1885 688 1910 :
719 1887 738 1910 »
765 1884 1020 1929 quanquam
1040 1868 1085 1911 in
1107 1867 1374 1928 quibusdam
1396 1868 1502 1912 locis

107 1940 364 1999 interpretes
387 1941 544 1995 nostri,
570 1950 613 1984 et
634 1942 710 1986 ubi
734 1950 797 1985 est
825 1941 870 1984 in
894 1956 1032 2000 graeco
1052 1948 1261 1996 ἐξα-πέσειὶεν,
1293 1960 1310 1983 «
1336 1941 1451 1985 Misit
1476 1959 1497 1982 »

107 2012 377 2071 interpretati
395 2021 522 2067 sunt,
549 2027 638 2056 non
661 2031 680 2053 «
700 2012 869 2057 Emisit.
894 2032 914 2054 »
938 2017 1086 2057 Potest
1106 2028 1207 2071 ergo
1232 2022 1275 2057 et
1292 2013 1351 2056 sic
1368 2011 1501 2057 intel-

108 2082 206 2140 ligi,
241 2092 291 2126 ut
312 2082 512 2142 spiritum
545 2082 784 2142 malignum
815 2087 930 2128 Deus
965 2093 1175 2145 tanquam
1200 2084 1261 2127 ire
1290 2083 1404 2128 inter
1432 2099 1504 2128 eos

109 2153 327 2197 volentem
359 2153 574 2208 emiserit,
616 2153 662 2197 id
693 2163 781 2210 cst,
817 2163 1074 2214 potestatem
1110 2154 1280 2198 dederit
1310 2153 1503 2213 maligno

112 2223 280 2283 spiritui
298 2223 352 2267 ad
366 2239 516 2268 eorum
530 2239 680 2283 pacem
698 2225 1056 2284 perturbandam.
1075 2227 1221 2285 Usque
1233 2226 1342 2269 adeo
1358 2235 1505 2270 autem

112 2295 241 2338 etiam
263 2294 376 2338 mitti
391 2311 415 2339 a
428 2295 614 2340 Domino
625 2295 867 2355 malignum
883 2297 1080 2356 spiritum
1098 2305 1276 2355 propter
1291 2296 1505 2356 justitiam

111 2364 390 2421 vindicandi,
415 2382 505 2410 non
528 2365 766 2410 absurdum
783 2367 924 2411 visum
946 2377 1035 2422 est,
1057 2376 1106 2411 ut
1126 2367 1305 2427 quidam
1323 2366 1367 2412 id
1383 2366 1505 2428 quod

113 2446 176 2480 est
194 2443 387 2481 ἑξαπέσειὶεν
407 2473 417 2492 ,
443 2437 573 2481 etiam
595 2456 614 2479 «
636 2437 818 2481 Immisit
840 2456 860 2478 n
887 2438 1159 2498 interpretati
1180 2439 1279 2483 sint.

162 2541 167 2555 ¹
195 2535 297 2566 Jmlic.
318 2546 362 2575 ix,
383 2534 436 2567 25.
461 2552 502 2557 —-
523 2542 535 2557 ²
564 2534 640 2567 [Καὶ.
668 2546 739 2574 xm,
763 2535 793 2567 3.

303 2657 422 2685 cxiii.
659 2649 664 2652 ’
1292 2653 1341 2686 ῑὲδ
