1872 3267
415 238 672 268 LOCUTIONES
705 239 758 265 DE
791 239 1162 276 Exooo,L113.11.
1422 224 1476 263 39

26 302 27 353 l
90 323 181 354 non
206 316 257 352 ut
278 306 454 360 seiviat,
488 304 564 364 qui
595 303 807 365 loquendi
830 302 986 347 modus
1016 317 1106 347 non
1139 302 1228 345 fere
1256 301 1479 345 invenitur

24 407 25 423 η
89 379 173 424 nisi
190 379 270 423 ubi
292 392 355 422 res
377 377 466 436 ipsa
488 374 717 434 singulaiis
734 373 935 434 pluribus
948 381 1131 419 constat.
1154 371 1345 432 Populus
1361 371 1479 417 enim

23 465 25 481 ¹
87 449 297 509 singulari
317 446 493 493 nomine
513 445 698 501 dicitui,
717 446 792 490 sed
813 455 983 491 constat
1003 459 1054 489 ex
1075 443 1237 488 multis.
1258 443 1327 489 Sic
1349 443 1479 488 etiam

88 530 188 565 est:
217 539 237 562 «
261 519 411 564 Omnis
436 526 548 561 terra
580 516 762 562 adorent
791 520 882 574 te13
909 536 928 558 υ
962 516 1065 577 quia
1087 515 1226 559 omnis
1250 523 1362 559 terra
1384 514 1480 559 dic-

20 585 22 613 *
87 601 183 636 tum
207 599 292 645 est,
320 605 399 649 pro
422 587 674 632 hominibus
694 588 769 648 qui
792 597 894 632 sunt
916 589 962 632 in
978 597 1106 631 terra.

145 663 398 708 XXXVIII.
426 678 445 702 α
467 662 581 704 Ecce
604 675 686 718 ego
707 659 816 704 ferio
839 675 988 704 omnes
1010 659 1117 704 fines
1140 667 1238 702 tuos
1266 656 1430 702 ranis22
1455 675 1475 698 »

86 733 146 780 sic
168 733 283 780 enim
305 731 438 777 habet
468 746 632 789 oraecus
662 730 979 789 elegantissima
999 729 1248 783 locutione,
1282 738 1333 772 ut
1362 742 1478 772 ranae

85 804 216 865 ipsae,
242 801 677 863 plagaintelligatur,
704 819 790 862 qua
812 801 965 846 seiitur
982 802 1185 845 teiraAE0
1166 800 1304 859 ygpti

143 877 353 919 XXXIX.
382 893 401 916 «
426 876 483 918 Et
505 874 751 918 eructuabit
771 874 938 918 flumen
965 888 1115 927 ranas,
1133 881 1176 916 et
1198 871 1481 916 ascendentes

88 964 108 987 »
144 945 371 993 intrabunt
392 945 437 989 in
453 943 606 990 domos
623 954 719 990 tuas
737 945 837 989 etin
856 943 1155 1003 promptuaria
1170 942 1478 987 cubiculorum

86 1034 109 1058 »
143 1025 320 1061 tuorum
341 1031 471 1076 super
498 1015 633 1061 lectos
657 1026 776 1071 tuos,
802 1016 912 1060 etin
940 1014 1092 1060 domos
1120 1029 1345 1059 servorum
1375 1024 1477 1059 tuo-

86 1104 108 1127 »
143 1102 263 1142 rum,
284 1096 328 1131 et
348 1085 501 1147 populi
521 1087 610 1142 tui,
635 1096 678 1131 et
702 1087 748 1132 in
765 1086 1007 1146 conspersis
1029 1086 1114 1130 tuis
1131 1121 1142 1142 ,
1169 1095 1212 1130 et
1234 1085 1280 1129 in
1296 1084 1478 1133 clibanis

85 1175 106 1199 >›
143 1157 228 1201 tuis
247 1177 255 1202 :
282 1167 326 1201 et
347 1166 534 1217 superte
549 1167 592 1202 et
608 1173 737 1217 super
750 1157 965 1218 populum
988 1167 1115 1202 tuum
1133 1166 1176 1201 et
1191 1172 1321 1216 super
1333 1171 1477 1202 servos

83 1245 105 1270 »
142 1236 238 1272 tuos
273 1228 510 1272 ascendent
549 1230 712 1273 ranae3.
753 1248 771 1270 »
813 1228 1067 1277 Notandum
1101 1228 1224 1289 quod
1262 1247 1281 1269 «
1316 1228 1362 1271 in
1392 1227 1475 1273 do-

83 1316 104 1340 »
140 1314 233 1343 mos
250 1333 261 1354 ‚
286 1307 370 1343 etc.
399 1317 419 1340 »
447 1314 547 1343 cum
571 1298 774 1356 dixisset,
802 1300 1098 1345 accusativum
1131 1315 1279 1344 casum
1310 1299 1474 1357 tenuit,

80 1380 125 1415 et
150 1391 169 1414 «
189 1387 320 1431 super
340 1371 499 1427 lectos,
520 1381 604 1417 etc.
634 1391 654 1413 »
682 1373 759 1417 ubi
781 1372 911 1428 dixit,
937 1393 957 1415 «
981 1388 1107 1430 super
1126 1391 1145 1413 »
1179 1372 1475 1417 accusativum

78 1442 273 1486 similiter
286 1443 492 1487 servavit:
517 1462 538 1485 «
558 1444 604 1487 in
623 1446 862 1504 conspersis
879 1463 898 1485 >1
917 1453 1065 1488 autem
1087 1454 1131 1489 et
1152 1463 1172 1486 a
1190 1443 1237 1487 in
1252 1442 1434 1487 clibanis
1451 1462 1470 1484 υ

79 1513 136 1559 ad
152 1512 393 1558 ablativum
415 1529 459 1558 se
482 1515 706 1560 transtulit
727 1536 736 1559 2
758 1531 859 1559 nam
884 1525 927 1558 et
958 1532 1124 1574 graecus
1147 1516 1334 1561 mutavit
1357 1531 1473 1575 prae-

79 1585 369 1644 positionem,
402 1601 535 1645 quam
573 1601 663 1629 non
694 1594 838 1630 mutat
868 1585 1046 1630 latinus.
1079 1586 1157 1630 Ille
1189 1586 1307 1630 enim
1340 1586 1474 1631 habet

79 1676 125 1699 εισ
138 1665 248 1700 αὐτους
267 1663 384 1710 οἴκους,
427 1675 447 1697 «
475 1656 520 1699 in
549 1655 701 1700 domos
729 1676 738 1700 z
765 1656 810 1699 in
838 1656 1078 1715 conspersis
1108 1675 1127 1696 »
1165 1666 1337 1711 autem,
1365 1678 1394 1698 εν
1411 1667 1474 1703 τοῖς

78 1734 252 1779 φυράμαςιν
282 1745 291 1771 :
327 1726 405 1770 ubi
442 1725 603 1770 mirum
640 1726 674 1770 si
708 1742 798 1771 non
829 1727 959 1770 etiam
985 1742 1135 1770 sensus
1163 1736 1253 1782 cst,
1283 1743 1374 1772 non
1402 1728 1471 1773 lo-

78 1798 196 1842 cutio
214 1832 224 1851 ‚
276 1806 326 1841 ut
374 1796 418 1840 in
463 1797 845 1857 conspersionibus
898 1807 941 1842 et
991 1799 1036 1842 in
1080 1797 1263 1843 clibanis
1304 1810 1472 1846 exortas

77 1883 202 1912 ranas
236 1868 421 1916 forsitan
452 1867 560 1911 velit
587 1867 795 1927 intelligi,
827 1884 917 1913 non
942 1869 1205 1913 extrinsecus
1230 1871 1471 1916 ascendisse

76 1938 145 1982 vel
167 1938 366 1991 irruisse,
404 1946 448 1980 et
475 1938 578 1996 quia
606 1952 676 1980 eas
706 1938 890 1982 fluvium
918 1948 1219 1983 eructaturum
1243 1941 1466 1999 praedicit,

79 2007 182 2052 inde·
202 2007 383 2068 implere
401 2008 561 2051 omnia.

134 2082 226 2123 XL.
259 2098 278 2120 «
302 2081 360 2123 Et
383 2077 579 2122 extendit
604 2082 750 2122 Aaron
772 2094 952 2123 manum
981 2076 1113 2140 super
1138 2096 1272 2142 aquas
1290 2085 1471 2144 AEgypti

80 2169 100 2193 »
136 2160 179 2194 et
192 2149 341 2195 eduxit
360 2166 483 2194 ranas
495 2186 506 2205 ,
524 2160 567 2195 et
580 2150 738 2195 educta
756 2160 820 2195 est
841 2167 943 2195 rana
963 2162 1006 2196 et
1020 2153 1192 2212 operuit
1207 2163 1366 2199 terram
1380 2156 1395 2181 ⁴
1418 2176 1425 2201 :
1445 2175 1466 2198 υ

77 2222 277 2281 repetitio
300 2238 324 2266 a
351 2221 510 2282 plurali
538 2222 594 2267 ad
625 2222 890 2282 singularem
918 2239 1151 2271 numerum
1181 2227 1358 2287 trajecta
1381 2228 1477 2286 est,

76 2307 178 2336 nam
201 2292 352 2353 utique
375 2308 480 2337 rana
496 2328 506 2347 ,
531 2309 612 2353 pro
633 2293 919 2338 multitudine
944 2311 1144 2340 ranarum
1167 2297 1360 2356 positum
1378 2308 1464 2343 est:

76 2364 221 2409 nescio
243 2379 332 2424 quo
350 2373 497 2408 autem
514 2363 648 2409 modo
670 2381 748 2425 per
770 2365 980 2426 loquendi
1002 2368 1365 2413 consuetudinem
1382 2370 1467 2413 im-

76 2432 192 2477 butis
213 2433 407 2479 sensibus
427 2435 659 2480 hominum
677 2471 687 2491 ,
713 2452 827 2496 saepe
854 2436 952 2496 plus
977 2436 1150 2483 videtur
1171 2438 1292 2499 quod
1315 2440 1467 2499 singu-

77 2503 224 2547 lariter
238 2539 249 2560 ,
271 2514 402 2566 quam
424 2506 545 2567 quod
566 2506 791 2567 pluraliter
813 2507 996 2554 dicitur:
1023 2525 1123 2554 nam
1140 2509 1236 2570 plus
1255 2511 1464 2571 accipitur

125 2595 134 2611 ¹
155 2589 236 2620 Psal.
258 2601 330 2631 xxv,
348 2590 380 2632 4.
403 2608 443 2614 --·
460 2599 472 2614 ²
492 2593 591 2625 Exod.
620 2604 687 2634 vui,
711 2602 744 2625 ¹2.
767 2611 806 2616 -—
828 2592 992 2637 31bid.3,
1019 2594 1051 2637 4.
1073 2613 1114 2618 -—
1135 2593 1247 2628 41bid.
1273 2597 1304 2628 6.
1358 2618 1362 2629 .
