1872 3267
347 288 429 327 332
777 295 811 325 s.
847 295 1075 327 mensum
1107 298 1288 326 EPISCOPI

346 373 477 425 atque
509 363 569 408 ita
607 363 795 423 spatium
826 364 924 407 usui
959 363 1267 408 sacrificiorum
1299 361 1588 406 necessarium
1620 361 1734 407 intra

345 435 504 479 atrium
527 443 626 478 ante
645 433 978 478 tabernaculum
995 434 1385 494 amplectebantur.
1420 435 1472 477 In
1503 433 1634 477 ternis
1652 448 1733 477 au-

344 515 433 549 tem.
454 504 681 560 columnis,
708 520 807 564 quae
829 502 1002 548 fuerant
1023 521 1047 549 a
1068 504 1276 549 lateribus
1290 539 1301 559 ‚
1326 503 1513 548 tentoria
1534 513 1657 547 erant
1677 502 1734 547 de

344 577 473 634 bysso
502 575 827 637 quindenorum
855 575 1105 620 cubitorum
1131 592 1140 618 t
1174 577 1220 619 in
1251 583 1441 636 quatuor
1479 583 1625 619 autem
1656 573 1735 618 ubi

344 656 469 707 porta
490 655 604 702 erat,
624 645 771 691 velum
792 655 884 690 erat
903 645 1056 704 viginti
1071 646 1323 691 cubitorum
1351 645 1577 706 acu—picto
1605 659 1736 705 opere

347 726 581 761 variatum.

401 789 525 832 ΧΙΙΙ.
561 789 649 831 Nec
683 796 857 831 moveat
888 786 1010 847 quod
1037 787 1096 832 ait
1130 787 1378 848 Scriptura,
1417 805 1437 829 «
1473 785 1735 840 Quindecim

347 877 366 899 »
393 858 640 902 cubitorum
670 858 957 902 tentoriorum
996 857 1180 903 altitudo
1211 858 1336 903 lateri
1364 857 1442 902 uni
1471 877 1480 902 ε
1519 856 1737 901 columnae

347 947 366 969 »
393 944 544 973 eorum
572 937 683 983 tres,
717 939 761 973 et
788 930 910 974 bases
944 945 1094 974 earum
1126 939 1226 974 tres.
1257 933 1314 974 Et
1346 929 1459 974 latus
1492 928 1734 972 secundum

347 1018 366 1039 »
392 997 644 1059 quindecim
676 999 928 1043 cubitorum
955 1000 1242 1044 tentoriorum
1277 999 1463 1044 altitudo
1485 1017 1493 1044 :
1518 998 1735 1043 columnae

347 1090 365 1110 »
393 1085 543 1114 eorum
563 1082 659 1125 tres,
681 1080 725 1114 et
742 1071 863 1114 bases
877 1086 1027 1115 earum
1049 1080 1149 1115 tres.
1172 1074 1229 1115 Et
1248 1079 1388 1130 portae
1406 1070 1502 1114 atrii
1525 1079 1734 1128 tegumen

347 1161 365 1182 »
391 1141 543 1198 viginti
561 1140 811 1185 cubitorum
831 1140 1017 1185 altitudo
1033 1143 1063 1185 1.
1085 1160 1105 1182 »
1129 1140 1179 1185 ΑΙ
1189 1141 1419 1185 titudinem
1437 1140 1600 1201 quippe
1613 1154 1734 1184 eam-

343 1211 441 1255 dem
481 1209 611 1265 dicit,
645 1227 743 1270 quie
781 1209 923 1255 suerat
958 1211 1188 1271 longitudo
1226 1212 1530 1256 tentoriorum.
1569 1209 1756 1254 Eadem.

342 1282 505 1342 quippe
519 1282 704 1326 altitudo
723 1292 786 1326 est
805 1298 906 1326 cum
934 1293 1158 1338 texuntur7
1184 1300 1282 1343 quae
1304 1283 1536 1342 longitudo
1555 1290 1617 1326 est
1634 1296 1733 1325 cum

347 1351 600 1396 tenduntur.
628 1352 757 1405 Quod
775 1368 830 1395 ne
851 1353 1298 1412 suspicarivideamur
1321 1352 1404 1398 alio
1426 1352 1524 1397 loco
1546 1351 1732 1412 idipsum

346 1424 565 1482 Scriptura
589 1439 932 1468 commemorans
955 1424 1015 1468 ait
1030 1460 1040 1479 ,
1075 1444 1095 1466 α
1119 1428 1177 1469 Εῖ
1206 1425 1408 1469 fecerunt
1429 1425 1585 1468 atrium
1614 1422 1733 1484 quod

348 1514 367 1536 »
393 1504 457 1539 est
478 1495 533 1539 ad
560 1498 792 1550 Austrum,
816 1497 1003 1540 tentoria
1033 1496 1128 1540 atrii
1157 1495 1211 1540 de
1233 1497 1363 1554 bysso
1391 1505 1526 1551 torta,
1557 1504 1734 1539 centum

347 1585 366 1607 >›
393 1581 470 1626 per
492 1576 669 1610 centum
690 1570 707 1593 2
729 1585 739 1611 z
766 1586 785 1607 n
813 1566 858 1610 id
880 1575 959 1621 est,
981 1576 1159 1611 centum
1181 1567 1328 1612 cubita
1349 1567 1636 1611 tentoriorum
1657 1581 1736 1626 per

342 1648 520 1682 centum
553 1639 700 1682 cubita
729 1638 878 1697 spatii,
915 1637 1035 1698 quod
1064 1638 1274 1683 tenebant
1312 1638 1467 1697 viginti
1499 1637 1730 1682 columnae.

344 1707 508 1752 Deinde
530 1709 748 1768 sequitur,
784 1727 804 1750 α
828 1711 886 1752 Εῖ
909 1707 1126 1752 columnae
1155 1723 1308 1751 eorum
1337 1707 1515 1766 viginti,
1547 1716 1590 1750 et
1613 1707 1735 1751 bases

347 1798 365 1818 »
392 1793 541 1822 earum
563 1779 718 1837 viginti
745 1794 883 1822 aereae.
910 1781 967 1822 Et
988 1777 1102 1822 latus
1121 1777 1243 1838 quod
1270 1778 1326 1822 ad
1344 1776 1609 1838 Aquilonem
1628 1792 1734 1821 cen-

346 1868 365 1889 »
395 1858 486 1893 tum
508 1864 585 1909 per
612 1859 812 1903 centum,
849 1858 894 1893 et
914 1848 1132 1893 columnae
1164 1863 1315 1892 eorum
1342 1848 1520 1906 viginti,
1545 1856 1588 1891 et
1614 1848 1734 1893 bases

347 1939 366 1960 »
393 1935 541 1963 earum
564 1920 719 1978 viginti
745 1935 867 1963 aereae
895 1938 903 1963 :
928 1928 970 1962 et
991 1918 1104 1963 latus
1131 1919 1253 1979 quod
1270 1928 1333 1963 est
1354 1918 1409 1962 ad
1430 1934 1571 1974 mare,
1597 1919 1733 1963 aulaea

347 2009 365 2030 »
391 1989 707 2050 quinquaginta
736 1989 987 2033 cubitorum
1016 2009 1024 2033 ;
1061 1989 1276 2033 columnae
1304 2004 1455 2034 eorum
1484 1988 1658 2045 decem,
1691 1998 1733 2033 et

348 2080 366 2102 »
397 2061 516 2105 bases
539 2076 689 2104 earum
714 2061 866 2105 decem
884 2062 915 2104 3.
945 2079 964 2101 »
995 2060 1160 2104 Eadem
1182 2060 1287 2105 dicit
1309 2060 1444 2104 aulaea
1466 2077 1565 2121 quae
1587 2070 1733 2106 tento-

345 2133 420 2176 ria.
450 2151 468 2172 «
494 2135 550 2175 Et
577 2131 689 2176 latus
717 2131 838 2192 quod
859 2141 922 2175 est
947 2131 999 2175 ad
1024 2132 1247 2176 Orientem
1277 2132 1593 2192 quinquaginta
1615 2132 1734 2176 cubi-

349 2221 367 2243 »
394 2211 539 2246 torum
561 2202 761 2246 tentoria.
793 2221 811 2242 »
834 2205 935 2245 Post
952 2203 1044 2245 haec
1068 2201 1180 2245 redit
1194 2201 1249 2246 ad
1270 2203 1505 2262 posteriora
1528 2202 1732 2246 taberna-

345 2272 459 2328 culi,
498 2282 548 2317 ut
581 2273 781 2318 ostendat
811 2273 1184 2333 quemadmodum
1215 2274 1300 2318 illae
1334 2273 1485 2318 decem
1516 2275 1733 2319 columnfe

345 2344 531 2402 spatium
549 2379 560 2398 ,
609 2343 664 2387 de
706 2359 795 2404 quo
836 2343 1100 2403 loquebatur
1117 2380 1127 2398 ‚
1171 2344 1263 2388 atrii
1310 2344 1727 2404 complectebantur.

351 2434 370 2454 «
397 2413 657 2466 Quindecim
681 2414 944 2467 cubitorum,
963 2415 1123 2474 inquit,
1144 2415 1265 2474 quod
1287 2424 1350 2459 est
1369 2431 1391 2459 a
1409 2415 1551 2460 dorso.
1580 2435 1599 2456 »
1622 2419 1733 2460 Dor-

345 2499 441 2527 sum
462 2483 677 2543 appellat,
703 2485 804 2545 quia
825 2485 1060 2544 posteriora
1075 2485 1341 2529 tabernaculi
1365 2494 1509 2541 erant,
1535 2485 1579 2529 id
1601 2495 1680 2541 est,
1707 2502 1728 2530 a

397 2588 403 2603 ¹
429 2582 523 2613 Fxod.
544 2591 634 2622 xxvi,
659 2580 775 2624 14-16.
796 2598 836 2603 —
864 2588 875 2603 2
901 2581 943 2612 Ιι1.
976 2592 1078 2613 xxxvii
1096 2606 1104 2621 ‚
1130 2581 1217 2621 juxta
1243 2592 1314 2613 xxx:
1344 2582 1473 2614 Confer.
1501 2582 1589 2624 vulg.
1618 2582 1723 2614 ῊωιΙ.

372 2648 481 2678 xxviii,
501 2648 535 2679 9,
555 2641 621 2669 etc.
639 2654 679 2660 -
695 2635 708 2660 3
728 2637 808 2668 thid.
831 2647 868 2667 io
889 2641 917 2667 ct
938 2647 1026 2679 seqq.
