1872 3267
410 231 493 272 480
848 244 881 271 s.
918 245 1146 273 Aoevsnm
1178 246 1357 274 EPlsCOPI

922 346 1158 394 QUAESTIO
1189 348 1270 385 Lx.

465 448 581 498 Qum
598 453 685 500 est,
710 463 729 485 «
750 447 806 489 Et
827 444 941 489 misit
958 461 1029 490 eos
1048 450 1219 504 Moyses
1247 444 1365 489 mille
1394 459 1445 488 ex
1465 444 1586 489 tribu
1607 452 1650 488 et
1670 441 1789 488 mille
1854 463 1858 490 ι

410 535 429 556 >›
456 531 506 560 ex
525 515 644 559 tribu
665 530 767 560 cum
788 514 948 559 virtute
970 519 1136 560 eorum'l
1155 519 1207 561 Ρ»
1235 519 1391 561 Utrum
1411 516 1617 561 virtutem
1638 529 1788 559 eorum

407 586 503 631 vult
527 585 737 645 intelligi,
776 585 990 645 principes
1021 602 1173 631 eorum
1199 607 1208 632 :
1235 605 1290 632 an
1314 588 1522 632 virtutem
1549 603 1573 631 a
1603 585 1789 631 Domino

405 658 463 702 eis
485 656 631 701 datam
646 691 656 711 ‚
681 655 749 699 vel
764 671 842 715 per
863 657 1006 716 ipsum
1023 661 1207 715 Moysen
1227 659 1499 718 impetratam
1526 677 1535 703 2
1560 673 1616 702 an
1644 657 1789 717 potius

406 728 614 772 virtutem
634 742 786 772 eorum
809 726 938 783 dicit,
969 744 1018 772 ea
1040 728 1197 788 quibus
1230 729 1366 774 virtus
1397 744 1549 774 eorum
1576 736 1790 773 sustenta·-
1852 755 1857 764 «

406 801 549 844 retur?

907 910 1144 959 QUAESTIO
1175 912 1272 950 LXI.

477 1015 638 1056 ΡοτιἘεΤ
670 1010 810 1055 videri
847 1011 1061 1070 quaestio,
1101 1009 1324 1072 quomodo
1366 1008 1544 1070 quando
1587 1008 1789 1054 israelitae
1834 1031 1855 1050 w

404 1081 660 1126 Madianitas
697 1080 1052 1136 debellaverunt,
1090 1080 1368 1126 interfectum
1416 1081 1532 1125 dicat
1570 1081 1789 1140 Scriptura

405 1151 579 1196 Balaam
593 1155 626 1206 2,
642 1151 718 1212 qui
734 1152 877 1196 fuerat
889 1151 1131 1196 conductus
1146 1151 1201 1195 ad
1215 1150 1563 1195 maledicendum
1577 1149 1789 1210 populum
1833 1183 1854 1220 5‘

407 1222 536 1266 Israel
563 1242 571 1266 :
596 1237 697 1266 cum
720 1223 915 1281 superius
945 1221 1122 1282 quando
1145 1221 1401 1266 benedicere
1423 1230 1596 1265 coactus
1625 1229 1687 1264 θεῖ
1702 1255 1713 1275 ,
1732 1220 1790 1265 ita

405 1293 603 1337 eamdem
627 1293 842 1337 actionem
872 1293 1091 1352 Scriptura
1125 1292 1386 1337 concluserit
1404 1327 1415 1347 ‚
1452 1307 1554 1336 cum
1577 1290 1660 1347 ait,
1687 1310 1706 1332 «
1733 1294 1790 1335 Et

408 1381 428 1404 n
455 1379 632 1422 surgens
655 1362 830 1407 Balaam
850 1362 956 1407 abiit
977 1378 1170 1407 reversus
1192 1363 1238 1406 in
1260 1362 1407 1407 locum
1429 1378 1554 1407 suum
1571 1397 1582 1417 ,
1598 1371 1642 1406 et
1661 1361 1788 1407 Balac

407 1453 426 1475 n
453 1433 559 1477 abiit
579 1433 634 1477 ad
657 1433 977 1492 semetipsum³‚
997 1451 1015 1473 »
1040 1432 1082 1478 Si
1100 1448 1202 1491 ergo
1216 1433 1402 1476 redierat
1420 1432 1476 1476 ad
1492 1431 1639 1477 locum
1662 1447 1789 1476 suum

405 1503 601 1558 Balaam,
626 1502 849 1563 quomodo
881 1504 950 1547 hic
986 1502 1238 1547 interfectus
1261 1512 1347 1558 est,
1372 1518 1472 1548 cum
1499 1502 1553 1547 de
1576 1512 1664 1547 tam
1692 1502 1789 1547 lon-

404 1575 585 1635 ginquo,
600 1574 647 1618 id
664 1584 726 1618 est
739 1609 749 1629 ‚
770 1574 825 1618 de
836 1574 1149 1633 Mesopotamia
1163 1575 1355 1618 venerit?
1377 1577 1446 1619 An
1462 1573 1573 1618 forte
1597 1589 1789 1618 reversus
1829 1603 1830 1606 =

406 1654 470 1689 est
485 1644 540 1688 ad
552 1644 696 1698 Balac,
717 1653 761 1688 et
780 1644 864 1688 hoc
884 1644 1102 1704 Scriptura
1117 1660 1204 1688 non
1222 1644 1357 1688 dixit?
1374 1647 1636 1705 Quanquam
1658 1644 1787 1688 etiam
1834 1661 1835 1665 ¹

405 1715 538 1775 possit
558 1715 603 1758 in
622 1714 769 1759 locum
795 1730 922 1759 suum
946 1714 1118 1758 rediisse
1140 1713 1344 1773 intelligi,
1370 1715 1490 1775 quod
1508 1714 1562 1758 ab
1582 1715 1673 1774 ipso
1691 1713 1788 1759 loeo

405 1786 483 1830 ubi
516 1785 721 1830 sacrificia
756 1785 941 1829 faciebat
969 1786 1015 1829 in
1048 1801 1148 1829 eum
1179 1785 1325 1829 locum
1355 1800 1548 1830 reversus
1580 1794 1644 1829 cst
1670 1784 1788 1828 unde
1850 1787 1852 1814 ἓ

406 1856 509 1901 illuc
539 1857 723 1911 exierat,
760 1856 805 1899 id
841 1865 924 1910 est,
962 1855 1039 1898 ubi
1075 1865 1284 1915 tanquam
1314 1855 1565 1914 peregrinus
1597 1854 1788 1898 habebat
1826 1879 1834 1898 ,ι

405 1927 654 1987 hospitium.
681 1929 778 1971 Non
800 1927 913 1969 enim
933 1925 1098 1969 dictum
1121 1934 1184 1968 est
1202 1925 1248 1968 in
1270 1924 1447 1969 domum
1474 1940 1593 1968 suam
1606 1960 1620 1980 ,
1646 1934 1721 1969 aut
1742 1925 1786 1968 in

404 1998 588 2056 patriam
609 2012 730 2040 suam
746 2031 757 2051 ‚
788 1995 863 2039 sed
889 2015 908 2037 «
934 1998 985 2038 ln
1006 1994 1151 2039 locum
1174 2009 1316 2038 suum.
1343 2013 1362 2036 »
1400 1995 1542 2039 Habet
1573 2003 1718 2038 autem
1745 2001 1787 2038 et
1824 2026 1826 2036 ,
1850 1997 1871 2034 :'’x

404 2069 590 2129 quisquc
611 2066 861 2126 peregrinus
883 2065 1029 2110 locum
1051 2081 1199 2120 suum,
1225 2065 1303 2109 ubi
1330 2065 1386 2109 ad
1408 2075 1577 2126 tempus
1602 2065 1782 2109 habitat.

405 2139 570 2199 Deipso
589 2147 734 2182 autem
746 2137 889 2191 Balae,
910 2137 984 2197 qui
1000 2153 1098 2181 eum
1115 2136 1406 2192 conduxerat,
1428 2152 1516 2181 non
1536 2136 1702 2181 dictum
1725 2144 1786 2180 est

405 2210 460 2254 ad
481 2209 627 2254 locum
651 2224 799 2263 suum,
826 2208 901 2252 sed
926 2227 946 2249 α
972 2207 1040 2251 Ad
1054 2207 1333 2266 semetipsum
1349 2243 1359 2262 ‚
1388 2226 1407 2247 n
1434 2206 1479 2250 id
1501 2216 1578 2262 est,
1604 2207 1680 2251 ubi
1707 2206 1786 2251 do·
1822 2212 1824 2222 '

406 2281 574 2324 minans
596 2280 833 2323 habitabat.
862 2282 1007 2322 Posset
1040 2294 1142 2337 ergo
1178 2277 1263 2322 diei
1289 2297 1309 2320 «
1329 2277 1398 2322 Ad
1419 2277 1563 2322 locum
1587 2293 1712 2321 suum
1728 2312 1738 2332 ,
1761 2295 1780 2317 n

404 2361 447 2394 ct
469 2350 719 2404 dominans,
746 2358 788 2393 et
809 2348 1059 2409 peregrinus
1089 2368 1096 2392 ;
1135 2369 1154 2390 α
1175 2348 1243 2392 Ad
1271 2349 1545 2408 semetipsum
1570 2367 1589 2389 »
1617 2357 1780 2402 autem,

404 2438 493 2466 non
514 2421 641 2466 video
668 2419 889 2482 quomodo
916 2428 1059 2479 posset
1080 2418 1165 2463 dici
1187 2420 1435 2478 peregrinus
1450 2455 1460 2475 ‚
1486 2434 1586 2464 cum
1609 2417 1663 2464 ad
1684 2419 1782 2463 hos-

407 2493 562 2552 pitium
586 2508 714 2536 suum
731 2492 931 2536 venisset.

453 2594 461 2611 ¹
490 2590 581 2621 Num.
602 2597 692 2631 xxvi,
711 2588 744 2621 6.
759 2605 800 2611 —
818 2587 1025 2620 ²1bid.s.—
1060 2586 1072 2609 3
1091 2588 1137 2619 Id.
1160 2597 1245 2629 xxm,
1264 2587 1317 2619 25.
