1872 3267
413 248 467 289 44
851 258 884 288 s.
920 260 1149 291 AUGUSTINI
1173 264 1352 291 Enscom
1816 280 1839 310 ἱ

412 334 578 370 custas:
612 333 762 383 tropus
798 334 942 369 autem
976 329 1053 371 iste
1085 327 1264 387 quando
1295 328 1345 371 fit
1376 327 1422 370 in
1451 327 1608 382 rebus,
1642 342 1741 387 quae
1769 342 1790 372 a

411 395 535 439 nobis
558 409 646 438 non
670 394 726 438 ita
750 393 834 438 dici
857 394 1018 453 solent,
1044 397 1354 442 obscuritatem
1377 396 1495 442 facit.
1858 447 1860 462 h

469 467 623 510 LXIV.
655 484 674 507 «
695 468 752 510 Et
774 466 854 510 erit
871 482 972 511 cum
996 468 1143 513 dicent
1164 468 1220 512 ad
1239 484 1315 513 vos
1333 467 1411 512 filii
1431 467 1582 513 vestri:
1604 470 1712 520 Quae
1729 476 1793 511 est.
1857 467 1860 517 ζ

412 555 430 576 η
467 536 648 581 servitus
666 536 777 581 ista?
801 540 858 581 Et
880 537 1027 582 dicetis
1045 538 1128 583 eis:
1150 538 1395 583 Immolatio
1412 539 1572 597 pascha
1594 538 1679 582 hoc
1701 540 1791 581 Do-

414 628 431 647 »
469 608 588 651 mino
608 610 644 651 l:
677 627 693 647 η
718 608 881 652 etiamsi
907 624 993 651 non
1023 610 1202 654 haberet
1220 646 1229 663 ,
1262 630 1277 648 «
1306 619 1372 663 et,
1398 630 1414 649 n
1446 608 1628 667 plenum
1656 619 1790 659 esset,

415 697 433 719 α
470 678 618 723 dicetis
643 680 716 722 eis.
752 702 765 719 ι,

467 750 596 791 LXV.
629 753 722 793 «Et
753 749 1029 794 advenientes
1053 750 1248 796 fecerunt
1278 751 1354 794 filii
1379 750 1509 794 lsrael
1543 751 1654 794 sicut
1680 765 1792 809 prae-

410 839 425 858 n
464 820 575 877 cepit
611 820 818 864 Dominus
850 821 989 877 Moysi
1025 831 1067 865 et
1095 826 1265 875 Aaron,
1298 822 1352 865 ita
1377 823 1625 865 fecerunt-¹:
1656 840 1671 859 ι)
1703 836 1790 863 non

405 888 606 934 adderet.
648 908 665 930 α
694 890 751 932 ita
780 889 997 945 fecerunt,
1029 912 1044 931 υ
1080 892 1158 936 nisi
1193 908 1283 937 mos
1314 901 1419 935 esset
1453 890 1786 949 Scripturarum.
1854 946 1856 951 y

468 962 618 1004 LXVI.
647 981 663 1000 «
684 964 739 1004 Et
754 960 917 1006 factum
934 972 1019 1017 est,
1045 963 1090 1006 in
1106 963 1175 1007 die
1192 963 1263 1008 illa
1287 963 1434 1009 eduxit
1453 965 1661 1006 Dominus
1680 960 1791 1006 filios
1855 1015 1857 1018 ·

408 1047 429 1070 ³>
466 1029 595 1073 lsrael
618 1030 672 1074 de
694 1040 807 1075 terra
832 1033 1053 1092 AEgypti3.
1084 1052 1102 1073 >›

469 1103 639 1145 LXVII.
672 1121 690 1142 α
725 1102 797 1146 Ait
819 1112 965 1147 autem
983 1105 1193 1148 Dominus
1221 1103 1277 1147 ad
1298 1106 1478 1160 Moysen
1503 1090 1652 1146 dicens
1668 1102 1699 1145 ⁴.
1729 1119 1748 1142 >›

463 1173 659 1214 LXVIII.
677 1174 852 1216 «Omne
867 1172 1119 1232 adaperiens
1137 1173 1312 1218 vulvam
1335 1171 1570 1217 masculina
1583 1174 1597 1197 ⁵
1616 1192 1624 1215 :
1655 1191 1673 1212 »
1690 1171 1793 1230 plu-

404 1242 540 1285 ralem
558 1258 793 1287 numerum
809 1243 957 1289 intulit
971 1245 1197 1304 singulari,
1214 1246 1315 1305 quia
1328 1245 1471 1304 ipsum
1489 1242 1609 1304 quod
1626 1242 1791 1286 dictum

404 1322 490 1366 est,
522 1332 540 1354 «
579 1329 708 1357 omne
739 1313 1015 1374 adaperiens,
1045 1335 1063 1356 s>
1107 1331 1196 1359 non
1226 1316 1379 1375 utique
1416 1316 1461 1358 in
1490 1328 1606 1368 uno,
1641 1312 1716 1357 sed
1748 1313 1794 1356 in

403 1381 550 1426 inultis
579 1383 805 1443 accipitur.
837 1385 992 1429 Similis
1016 1394 1079 1429 est
1105 1385 1267 1430 locutio
1283 1421 1293 1439 ‚
1326 1405 1344 1426 «
1365 1383 1610 1438 Attendite,
1630 1382 1793 1443 popule

405 1471 425 1493 »
460 1456 621 1497 meusss.
641 1473 660 1495 »
685 1455 786 1499 Tale
809 1465 872 1499 est
892 1465 935 1500 et
956 1455 1077 1516 quod
1098 1455 1230 1514 paulo
1253 1464 1352 1514 post
1373 1454 1585 1514 sequitur,
1615 1454 1792 1497 «Omne

404 1539 425 1562 >›
461 1523 583 1580 quod
597 1523 792 1582 adaperit
806 1526 980 1580 vulgum
999 1525 1052 1567 de
1073 1526 1276 1579 armentis
1294 1534 1337 1567 et
1354 1523 1408 1567 de
1425 1523 1655 1582 pecoribus
1667 1538 1792 1582 quse-

406 1610 425 1632 )›
461 1607 651 1652 cumque
687 1593 764 1637 tihi
793 1603 894 1638 nata
931 1603 1089 1639 erunt:
1129 1610 1258 1639 omne
1280 1609 1571 1654 quascumque
1592 1594 1668 1638 iibi
1690 1603 1790 1637 nata

368 1706 375 1709 ,
407 1680 427 1701 »
463 1672 593 1705 erunt
610 1665 647 1717 ⁷,
674 1682 692 1703 »
719 1664 809 1722 ipse
834 1664 989 1708 modus
1019 1673 1081 1708 est
1108 1664 1355 1709 locutionis.

462 1735 617 1776 LXIX.
649 1753 668 1775 «
707 1736 848 1778 Omne
882 1734 1134 1794 adaperiens
1155 1734 1332 1780 vulvam
1366 1735 1550 1778 asinaessz
1576 1752 1594 1774 >›
1626 1748 1790 1791 graecus

402 1804 556 1859 habet,
578 1825 596 1846 «
617 1804 723 1849 asini
746 1826 753 1850 :
780 1826 797 1846 »
821 1805 952 1851 modo
971 1806 1044 1850 illo
1060 1806 1315 1861 locutionis,
1331 1821 1460 1866 quem
1471 1807 1560 1865 jam
1574 1805 1619 1847 in
1636 1805 1789 1849 Genesi

401 1875 663 1930 notavimus,
691 1877 768 1919 ubi
803 1877 1092 1921 masculinum
1120 1893 1199 1936 pro
1224 1876 1451 1920 foeminino
1482 1876 1672 1936 positum
1706 1884 1785 1931 est,

399 1945 454 1989 de
476 1956 615 1989 morte
640 1949 753 1990 Sarae
776 1946 947 1989 dicente
972 1948 1217 2004 Scriptura:
1254 1965 1272 1986 «
1299 1947 1486 2003 Surgens
1512 1947 1732 1989 Abraham
1764 1962 1788 1990 a

403 2035 421 2055 υ
457 2025 652 2070 mortuo,
681 2025 746 2070 ct,
783 2014 994 2075 Sepeliam
1022 2026 1243 2060 mortuum
1267 2017 1462 2065 meum9„
1487 2034 1506 2056 »
1535 2025 1577 2059 et
1603 2016 1703 2060 talia
1726 2016 1786 2060 ibi

398 2100 510 2144 saepe
533 2085 741 2129 dicuntur
763 2085 819 2129 de
842 2095 1028 2130 mortua.
1817 2075 1821 2105 ¹

458 2158 591 2199 LXX.
623 2176 641 2196 «
676 2160 856 2215 Propter
878 2157 960 2200 hoc
989 2171 1069 2215 ego
1097 2156 1273 2200 immolo
1299 2157 1482 2201 Domino
1509 2171 1637 2200 omne
1664 2157 1786 2216 quod
1815 2119 1819 2205 i

399 2246 419 2268 n
455 2226 590 2285 aperit
612 2225 784 2269 vulvam
810 2226 1045 2270 masculina
1064 2229 1117 2271 10:
1136 2245 1154 2267 »
1172 2225 1315 2270 similis
1332 2226 1495 2271 locutio
1513 2227 1741 2287 superiori.
1814 2245 1817 2259 ³

436 2300 593 2342 LXXI.
617 2317 636 2339 «
654 2301 709 2341 Et
732 2297 811 2341 erit
825 2298 868 2341 in
882 2298 1054 2356 signum
1070 2313 1198 2357 super
1210 2313 1388 2341 manum
1407 2300 1567 2342 tuam¹¹
1585 2318 1591 2342 :
1609 2317 1628 2338 >1
1645 2297 1779 2352 idest,
1812 2266 1816 2376 ξ
1836 2299 1843 2311 ’

391 2383 522 2428 super
534 2384 664 2428 opera
679 2377 752 2412 tua
767 2388 774 2412 :
792 2368 869 2412 ubi
881 2369 1013 2426 magis
1029 2384 1175 2412 sensus
1187 2367 1579 2428 estforsitanquam
1591 2367 1755 2412 locutio
1766 2402 1775 2412 .

440 2489 447 2504 ¹
480 2483 577 2514 Exo-l.
609 2493 665 2524 xu,
690 2482 742 2513 26.
765 2491 818 2524 27.
848 2499 888 2504 --
920 2488 932 2503 ²
960 2480 1041 2512 thid.
1061 2481 1114 2512 28.
1147 2498 1187 2503 —
1209 2479 1320 2512 311Jirl.
1348 2480 1401 2512 51.
1424 2478 1496 2509 —4
1521 2481 1568 2511 Id.
1589 2491 1657 2519 xm,
1681 2492 1709 2512 1.
1731 2497 1772 2503 --

391 2537 503 2569 ⁵1bid.
531 2548 578 2569 12.
596 2554 637 2559 --
655 2536 670 2557 (ὖ
696 2537 908 2577 Psal.1,xxv11‚
929 2548 955 2567 1.
977 2554 1017 2558 κ-
1036 2543 1048 2568 7
1069 2536 1168 2568 Exod.
1190 2547 1257 2574 xm,
1279 2545 1327 2569 12.
1346 2536 1508 2568 -81ὺίι1,
1530 2537 1581 2568 13.
1603 2537 1768 2568 —9Gen.

391 2605 478 2636 xxiii,
500 2594 531 2625 8.
552 2594 757 2626 —102Exod.
780 2604 847 2635 xm,
866 2602 917 2626 12.
937 2610 978 2616 -—
1007 2599 1032 2616 ¹¹
1056 2592 1137 2625 lbid.
1162 2592 1220 2625 ιδ.
