1872 3267
390 221 648 248 Locu'rroNES
681 221 734 247 DE
767 220 926 256 Exouo,
964 221 1045 247 ΜΒ.
1084 221 1129 246 11.
1395 209 1447 248 47

123 288 412 330 LXXXVIII.
442 304 463 328 «
488 287 545 330 Et
557 285 844 329 murmuravit
868 284 1057 345 populns
1079 284 1135 329 ad
1165 286 1349 342 Moysen
1381 283 1451 329 di-

68 376 85 399 »
120 366 267 402 centes
288 360 318 400 ¹.
347 375 367 399 »

120 430 364 474 LXXXIX.
399 445 418 470 «
449 431 506 473 Et
529 427 696 486 virgam
718 427 763 471 in
796 443 881 487 qua
910 426 1157 487 percussisti
1185 427 1352 471 flumen
1379 441 1452 472 ac-

63 516 83 539 »
119 499 213 558 cipe
235 500 279 543 in
301 514 435 542 manu
459 501 559 543 tua‘2
584 517 591 543 ;
613 497 658 541 in
681 514 767 558 qua
798 497 1068 557 percussisti,
1103 515 1122 538 >1
1148 496 1258 541 dixit
1292 513 1370 557 pro
1398 513 1450 542 eo
1506 524 1511 531 ·

59 569 177 630 quod
200 568 411 628 dicimus3
439 589 460 612 «
486 568 541 614 de
570 584 657 629 qua
677 570 948 628 percussisti,
975 587 995 610 »
1021 577 1065 613 et
1091 576 1156 613 est
1180 568 1260 613 ista
1284 566 1450 613 locutio

57 641 318 686 creberrima
335 642 381 685 in
400 641 646 701 Scripturis.

115 714 208 758 XC.
241 731 263 755 «
288 715 344 756 Et
367 712 553 772 sumpsit
579 712 736 756 Jothor
769 727 891 757 socer
916 713 1057 769 Moysi
1074 711 1450 756 holocaustomata

59 801 80 825 »
105 792 149 827 et
170 783 375 828 sacrificia
398 786 516 828 Deo³
537 803 544 828 ;
566 783 772 844 sumpsit,
802 801 822 824 »
847 799 928 843 pro
949 799 1000 828 eo
1018 783 1138 844 quod
1159 792 1239 838 est,
1269 782 1445 828 obtulit.

56 857 126 899 An
147 852 259 913 forte
282 869 430 902 sensus
451 863 540 909 est,
566 869 654 899 non
680 853 846 899 locutio
861 891 872 911 ,
897 864 947 900 ut
969 870 1017 900 ea
1032 855 1263 915 sumpsisse
1285 852 1450 898 intelli-

55 933 208 984 gatur,
228 941 329 985 quae
363 927 535 983 Moyses
574 924 838 970 obtulisset?
868 941 1123 986 quanquam
1154 927 1326 982 Moyses
1358 939 1450 969 non

53 993 221 1053 legatur
242 996 438 1055 superius
460 996 739 1051 sacrificasse,
755 1010 835 1039 nee
853 998 999 1040 Aaron
1020 1011 1100 1040 nec
1119 995 1351 1056 quisquam
1370 997 1454 1040 He-

51 1064 271 1110 braeorum
294 1066 371 1126 qui
399 1065 548 1110 educti
570 1075 674 1111 sunt
710 1065 765 1110 cle
787 1075 901 1110 terra
929 1066 1135 1126 AEgypti3
1167 1066 1243 1111 sed
1279 1076 1449 1114 tantum

52 1137 250 1196 superius
264 1137 476 1196 seriptum
493 1146 580 1192 est,
605 1137 727 1198 quod
744 1135 878 1181 altare
897 1137 1171 1182 constituerit
1186 1141 1358 1197 Moyses
1369 1175 1380 1196 ,
1405 1150 1450 1185 et

51 1206 334 1267 appellaverit
355 1206 467 1252 illud
482 1243 494 1263 ,
523 1227 542 1251 «
569 1207 779 1252 Dominus
799 1223 948 1252 meum
970 1207 1190 1266 refugium
1204 1211 1235 1253 4.
1260 1228 1280 1251 »
1308 1213 1447 1256 Istum

4 1334 5 1337 Ἰ
49 1287 196 1323 autem
219 1279 376 1324 Jothor
405 1278 589 1337 legimus
610 1277 880 1324 sacerdotem
901 1279 1034 1324 fuisse
1061 1278 1262 1336 Madian,
1295 1280 1341 1326 id
1358 1291 1444 1337 est,

0 1339 2 1387 ἶ
51 1349 190 1408 gentis
218 1347 409 1394 Madian.
435 1348 598 1394 Mirum
626 1358 690 1394 est
717 1358 886 1406 autem,
911 1350 945 1393 si
974 1351 1064 1411 ejus
1093 1349 1285 1396 adventu
1312 1352 1448 1412 coepit

0 1434 2 1438 ·
48 1419 288 1464 sacrificare
309 1423 481 1478 Moyses
495 1455 505 1475 ‚
526 1429 570 1465 et
591 1436 682 1465 non
702 1420 850 1481 potius
866 1421 957 1481 ipse
984 1423 1007 1466 J
1013 1421 1142 1467 othor
1165 1422 1239 1483 qui
1260 1423 1352 1483 jam
1378 1439 1447 1468 sa-

0 1521 1 1525 =
49 1488 201 1536 cerdos
220 1499 328 1534 erat.
357 1518 375 1538 .

104 1563 220 1607 XCI.
251 1580 272 1604 «
297 1561 438 1606 Grave
455 1559 537 1604 tibi
562 1560 748 1605 verbum
775 1561 860 1606 hoc
882 1563 896 1587 ⁵
926 1578 934 1602 :
960 1563 1246 1619 subauditur,
1265 1581 1286 1605 «
1315 1572 1393 1608 est.
1419 1581 1439 1606 »

58 1679 68 1686 ,
104 1633 243 1678 XCII.
267 1651 288 1675 «
312 1635 371 1677 Et
392 1630 712 1678 demonstrabis
733 1631 816 1677 illis
846 1632 935 1679 vias
949 1668 961 1689 ,
987 1633 1034 1678 in
1055 1633 1217 1695 quibus
1239 1634 1444 1682 ambula-

45 1719 69 1746 »
103 1702 217 1748 bunt
238 1703 285 1748 in
307 1703 414 1748 eise.
443 1722 463 1744 »

102 1776 266 1820 XCIII.
319 1794 340 1818 «
384 1774 580 1819 Verbum
625 1783 773 1840 autem
821 1791 951 1835 grave
1003 1774 1254 1822 referebant
1313 1793 1444 1839 super

46 1862 68 1887 »
101 1848 313 1904 Moysen⁷
342 1867 359 1888 »
395 1845 455 1891 sic
482 1846 599 1890 enim
627 1845 764 1890 habet
793 1861 956 1905 graecus
991 1848 1114 1908 quod
1145 1847 1272 1893 latini
1303 1850 1443 1894 inter-

2 1974 6 1978 .
42 1917 199 1976 pretati
232 1927 355 1970 sunt,
390 1937 411 1957 «
452 1918 508 1959 ad
543 1921 743 1971 Moysen.
780 1934 801 1955 n
835 1917 918 1963 Illa
952 1935 1054 1964 sane
1095 1919 1318 1965 locutione
1351 1921 1443 1982 ipsa

43 1987 173 2031 etia'm
191 2001 293 2031 cura
304 1985 594 2044 significatur,
615 2001 703 2046 qua
719 1984 887 2030 dictum
902 1995 992 2042 est,
1012 2006 1032 2029 «
1050 2003 1181 2047 super
1198 1991 1380 2047 Moysen
1395 2011 1403 2035 :
1418 2010 1439 2034 »

41 2056 111 2102 vel
135 2066 184 2102 ut
205 2073 315 2102 onus
335 2057 373 2101 ei
400 2056 723 2115 significaretur
744 2055 1013 2116 impositum.
1039 2077 1060 2100 «
1083 2059 1279 2104 Verbum
1297 2070 1444 2107 autem

45 2147 66 2171 >›
102 2144 229 2188 grave
246 2129 415 2173 dictum
439 2137 527 2184 est,
548 2144 629 2189 pro
651 2128 893 2189 quaestione
916 2130 1049 2188 gravi.
1077 2129 1201 2176 Unde
1222 2133 1441 2194 sequitur,

47 2219 68 2244 «
100 2202 240 2245 Omne
263 2210 409 2245 autem
431 2199 618 2245 verbum
638 2199 733 2245 leve
745 2200 1014 2261 judicabunt
1035 2202 1129 2263 ipsi.
1161 2222 1180 2245 »

101 2273 257 2316 XCIV.
303 2292 321 2311 κ
356 2270 487 2324 Quod
535 2286 701 2330 graecus
738 2271 873 2315 habet
915 2281 1128 2329 ἐπονομάσω,
1171 2295 1191 2317 «
1232 2291 1444 2335 superno-

47 2360 68 2385 »
101 2343 348 2387 minavero³
379 2361 400 2383 »
428 2352 505 2387 aut
525 2361 542 2383 «
569 2343 910 2389 annominavero
942 2363 962 2386 >›
997 2348 1234 2406 expressius
1257 2347 1443 2405 dicitur,

0 2425 1 2457 t
43 2414 162 2476 quod
200 2415 398 2460 usitatius
439 2434 459 2458 «
491 2416 900 2474 cognominavero»
938 2417 1142 2463 nonnulli
1169 2420 1443 2481 interpretati

92 2518 99 2533 ¹
119 2511 218 2544 Exod.
239 2523 326 2553 xvn,
354 2512 384 2544 3.
406 2530 447 2535 -—
474 2519 487 2535 ²
516 2511 597 2544 Ibid.
621 2512 651 2545 5.
673 2530 714 2534 ——
735 2511 748 2536 3
774 2513 940 2556 11,t.xv1n‚
958 2522 1008 2547 12.
1031 2532 1072 2537 ——
1090 2514 1106 2544 4
1123 2516 1169 2548 Id.
1204 2528 1291 2558 xvn,
1314 2518 1363 2550 15.
1394 2535 1436 2561 7—-

57 2567 108 2599 121.
138 2577 223 2607 xvm,
248 2567 298 2599 18.
320 2584 361 2590 —-
381 2565 394 2589 5
412 2568 493 2600 Ibid.
515 2577 568 2601 20.
590 2585 630 2590 —-
651 2576 662 2601 7
688 2568 766 2600 ibid.
789 2569 841 2602 26.
868 2587 908 2592 —-
924 2570 1005 2602 ³121.
1033 2582 1086 2611 xx,
1108 2573 1164 2613 234,
