1872 3267
333 254 601 293 QUAESTIONES
633 243 678 284 ‘nv
710 254 941 294 NUMEROS‚
977 257 1059 283 ΠΒ.
1095 257 1155 283 1v.
1348 241 1432 282 427

48 331 98 368 ut
119 322 347 366 hominum
377 321 511 365 millia
537 330 912 381 computarentur.
941 320 1147 381 Quinque
1178 320 1312 379 igitur
1337 319 1434 375 illa,

13 417 17 435 ι
49 394 416 454 propinquitates,
438 392 611 452 populi,
640 392 797 437 domus
815 391 1100 446 familiarum,
1126 406 1336 436 numerus
1356 407 1438 436 no-

13 438 17 547 }
49 464 235 518 minum,
261 472 304 507 ct
326 472 473 523 caput,
499 472 542 507 et
564 464 643 507 ista
661 462 820 507 deinde
838 471 1040 523 quatuor,
1062 477 1202 517 sexus,
1222 471 1342 517 aetas,
1359 461 1441 507 vir-

13 550 17 585 i
49 544 134 589 tus,
156 535 410 593 recognitio,
436 534 616 579 fortasse
633 534 679 578 in
696 534 789 594 ipso
806 536 990 579 'numero
1012 531 1179 593 aliquid
1199 533 1437 577 insinuant.

14 602 16 646 i
52 606 95 651 Si
124 605 238 649 enim
268 605 426 649 horum
458 605 647 650 duorum
674 619 982 659 numerorum,
1015 604 1060 648 id
1083 611 1161 660 est,
1187 603 1376 663 quinarii
1400 613 1443 647 et

13 660 17 736 f
53 676 332 737 quaternarii,
359 675 467 720 alter
493 675 809 736 multiplicetur
831 692 881 720 ex
903 675 1054 730 altero,
1079 675 1126 719 id
1147 684 1227 729 est,
1246 684 1297 719 ut
1313 668 1444 735 quin-

53 747 176 808 qui'es
211 747 437 807 quaterni,
464 757 539 792 aut
560 756 715 808 quater
738 747 860 808 quini
879 746 1118 801 ducantur,
1141 745 1295 804 viginti
1313 746 1440 790 fiunt.

14 810 16 817 ’
53 822 151 873 Quo
181 833 365 863 numero
388 819 519 862 etiam
546 817 887 863 adolescentium
914 827 1015 862 aetas
1037 816 1110 861 illa
1132 817 1339 874 signatur.
1360 817 1446 871 Qui

15 891 17 902 ²
53 896 262 934 numerus
275 899 642 934 commemoratur
655 899 698 934 ct
711 888 888 950 quando
907 889 1094 934 intratur
1109 889 1156 932 in
1171 897 1330 932 terram
1349 902 1447 948 pro-

13 970 16 1011 ῥ
55 960 293 1004 missionis:
319 969 361 1004 et
390 959 550 1004 dicitur
574 959 647 1004 illa
672 970 775 1004 aetas
798 959 952 1017 viginti
975 974 1211 1013 annorum,
1237 973 1336 1018 quae
1358 973 1449 1003 non

14 1042 17 1080 j
55 1029 336 1075 declinaverit
354 1031 398 1074 in
416 1029 637 1074 dexteram
656 1039 731 1074 aut
751 1031 982 1074 sinistram.
1006 1030 1090 1074 'Ubi
1113 1029 1219 1073 mihi
1241 1028 1449 1073 videntur

14 1127 19 1164 3
55 1101 283 1159 significari
304 1101 440 1145 sancti
463 1100 611 1145 fideles
634 1116 685 1144 ex
706 1110 895 1160 utroque
919 1100 1195 1161 'l'estamento
1217 1099 1350 1144 fidem
1371 1115 1449 1144 ve-

13 1164 19 1223 s
55 1187 146 1215 ram
177 1181 389 1216 tenentes.
423 1175 534 1217 Nam
567 1175 703 1216 Vetus
735 1174 1061 1216 Testamentum
1099 1171 1295 1232 quinque
1328 1170 1450 1215 libris

15 1293 17 1303 ἦ
55 1245 194 1302 Moysi
217 1244 399 1288 maxime
421 1243 613 1298 excellit,
638 1253 682 1288 et
701 1246 875 1289 Novum
897 1253 1086 1304 quatuor
1108 1243 1371 1303 Evangeliis.

586 1353 824 1402 QUAEs'no
856 1355 923 1393 111.

115 1457 241 1507 QUOD
254 1454 314 1498 ait
326 1454 380 1498 de
393 1453 677 1499 tabernaculo
690 1453 995 1510 distendendo,
1011 1454 1214 1511 levando,
1226 1450 1450 1514 erigendo,

15 1516 21 1578 ’ἢ
60 1543 82 1567 «
115 1527 173 1569 Et
210 1523 451 1583 alienigena
480 1525 557 1584 qui
583 1526 804 1570 accesserit
838 1527 1109 1570 moriatur¹2
1138 1544 1158 1568 »
1190 1527 1262 1571 hic
1297 1525 1452 1571 alieni-

15 1590 20 1643 ἶ
59 1611 166 1654 gena
195 1594 505 1654 intelligendus
534 1605 597 1640 est
625 1596 755 1640 etiam
784 1612 836 1640 ex
863 1596 946 1640 illis
978 1595 1074 1641 filiis
1108 1593 1240 1641 lsrael
1266 1597 1342 1657 qui
1362 1612 1453 1642 non

58 1667 113 1710 de
133 1665 205 1710 illa
231 1666 348 1710 tribu
370 1665 564 1722 suerunt,
585 1683 717 1727 quam
740 1666 1024 1712 tabernaculo
1047 1668 1204 1711 servire
1226 1668 1450 1728 praecepit,

15 1736 20 1744 ’
58 1737 103 1781 id
135 1746 220 1791 cst,
254 1737 330 1797 qui
360 1753 449 1781 non
481 1735 613 1781 fuerit
632 1738 687 1781 de
706 1737 825 1781 tribu
857 1738 975 1782 Levi.
1008 1738 1169 1782 Mirum
1193 1748 1256 1783 est
1278 1748 1423 1783 autem
1441 1775 1452 1794 ,

14 1812 19 1823 ⁴
60 1807 282 1868 quomodo
304 1807 482 1852 abusive
504 1807 746 1867 alienigena
779 1808 953 1864 dicitur,
980 1809 1100 1870 quod
1122 1810 1256 1867 magis
1278 1809 1455 1853 alterius

62 1879 227 1939 generis
246 1879 471 1922 hominem
500 1879 727 1938 significat,
750 1880 795 1924 id
812 1890 897 1935 est,
925 1889 1113 1936 ἀλλογενὴς,
1139 1886 1183 1925 et
1208 1897 1298 1925 non
1319 1881 1456 1940 magis

18 1992 23 2007 ἦ
62 1957 252 2005 ἀλλόφυλος,
274 1949 396 2009 quod
412 1951 626 2009 significat
643 1950 818 1996 alterius
836 1952 975 1996 tribus
992 1952 1216 1996 hominem
1239 1973 1246 1997 :
1274 1969 1362 2013 quo
1381 1969 1455 1997 no-

63 2021 177 2064 mine
204 2021 338 2080 magis
359 2022 498 2065 utitur
522 2022 742 2081 Scriptura
767 2023 812 2066 in
838 2022 1020 2067 aliarum
1044 2025 1240 2082 gentium
1262 2024 1454 2068 homini-

65 2090 161 2146 bus,
188 2100 237 2135 ut
259 2091 470 2152 allophyli
494 2091 783 2152 appellentur,
805 2093 927 2154 quasi
950 2092 1130 2138 aliarum
1154 2094 1350 2139 tribuum
1373 2095 1455 2140 ho-

66 2177 217 2206 mines.

599 2263 837 2312 QUAEsTIO
872 2266 936 2305 iv.

14 2289 21 2442 ζ
131 2382 150 2405 «
171 2365 234 2406 ΕΤ
256 2362 428 2408 locutus
452 2373 514 2408 est
535 2365 745 2409 Dominus
768 2366 823 2410 ad
845 2369 1050 2424 Moysen,
1089 2366 1235 2411 dicens
1262 2387 1269 2411 :
1297 2367 1458 2427 Accipe

16 2450 23 2509 q,
72 2451 92 2474 »
130 2435 291 2478 tribum
325 2437 454 2493 Levi,
480 2446 522 2480 ct
544 2446 704 2481 statues
726 2453 796 2482 eos
819 2439 863 2481 in
886 2449 1122 2499 conspectu
1153 2442 1297 2483 Aaron
1319 2455 1459 2483 sacer-

17 2516 23 2546 :
74 2523 94 2546 »
129 2505 240 2549 dotis
257 2541 267 2557 ,
289 2515 331 2549 et
354 2507 663 2553 ministrabunt
685 2508 720 2552 ci
738 2544 748 2563 ,
769 2518 811 2552 ct
830 2509 1077 2555 custodient
1099 2509 1315 2556 custodias
1338 2512 1428 2571 ejus
1445 2546 1456 2566 ,

120 2607 127 2624 ¹
146 2603 237 2635 Num.
253 2613 275 2644 1,
291 2601 343 2634 51.
