1872 3267
348 273 616 312 QUAEs'rmNEs
649 274 694 301 IN
726 274 955 312 NUMEnos,
991 274 1073 301 Lm.
1110 275 1171 302 1v.
1366 258 1451 300 443

8 394 9 398 Ἰ
64 360 85 384 »
119 340 336 395 Quoniam
371 355 461 385 non
494 337 715 383 credidisti
748 339 1017 384 sanctificare
1036 354 1108 383 me
1136 339 1181 383 in
1216 347 1452 399 conspectu

63 431 83 456 »
118 412 307 457 filiorum
332 411 462 457 Isra‘e'l
479 447 490 467 ⁷
510 420 688 471 propter
711 411 794 456 hoc
819 428 908 456 non
930 410 1144 456 inducetis
1162 426 1238 455 vos
1265 426 1452 470 synago-

61 502 81 526 »
117 499 215 544 gam
235 484 358 536 ‘hanc
390 484 434 527 in
462 492 643 537 terram,
678 498 811 543 quam
851 481 954 527 dedi
985 483 1089 526 eis¹.
1113 499 1133 522 »
1168 484 1231 526 Ac
1258 497 1335 542 per
1367 482 1451 527 hoc

18 583 19 588 =
58 553 314 614 intelligitur
335 554 409 598 illa
430 553 563 598 verba
586 554 644 598 ita
667 552 821 598 dixisse
841 557 1025 612 Moysen
1058 562 1269 614 tanquam
1300 551 1355 597 ad
1381 553 1452 597 in—

59 636 222 672 certum
258 625 545 686 percusserit,
582 634 632 669 ut
662 626 695 669 si
727 641 816 670 non
843 633 1099 686 sequeretur
1132 624 1337 680 effectus,
1367 625 1452 669 hoc

57 696 302 759 praedixisse
328 706 573 757 putaretur,
609 711 710 740 cum
734 696 793 740 ait
818 715 826 740 ε
857 715 877 738 «
902 694 1125 756 Numquid
1148 710 1201 739 ex
1225 695 1306 739 hac
1330 703 1452 756 petra

60 788 80 812 »
115 767 350 813 educemus
376 768 498 813 vobis
518 783 675 828 aquam
698 787 706 812 :
738 785 758 808 n
791 765 911 828 quod
939 766 985 810 in
1019 766 1165 810 animo
1189 767 1281 827 ejus
1299 764 1454 810 lateret

6 830 8 849 ³
58 840 258 895 omnino,
279 840 358 884 nisi
377 839 453 884 Dei
474 839 689 884 sententia
714 837 987 898 proderetur.
1009 840 1044 882 E
1064 838 1282 882 contrario
1305 838 1453 899 itaque

57 912 136 956 isto
163 911 261 956 loco
292 910 503 956 debemus
534 910 779 970 intelligere
815 910 948 955 verba
974 909 1117 968 Moysi
1144 908 1199 954 de
1233 909 1454 970 promissis

0 979 13 1039 't
57 982 258 1029 carnibus
278 1020 288 1039 ‚
322 984 557 1045 quaerentis
579 983 725 1044 potius
748 981 971 1044 quomodo
994 982 1145 1037 fieret,
1176 996 1310 1042 quam
1333 980 1451 1025 diffi-

0 1045 9 1116 ᾗ
59 1054 198 1100 dentis
231 1054 390 1112 fuisse,
421 1054 601 1118 quando
629 1054 842 1099 sententia
872 1053 1046 1099 Domini
1076 1069 1167 1098 non
1194 1062 1341 1098 secuta
1364 1062 1450 1108 est,

0 1135 7 1174 Ι
61 1142 159 1188 quae
181 1125 440 1183 vindicaret,
466 1126 541 1171 sed
563 1126 706 1186 potius
723 1141 822 1186 quae
841 1124 1032 1170 doceret.

567 1234 804 1285 QUAESTIO
835 1235 921 1273 xx.

113 1340 176 1381 DE
198 1352 332 1381 uxore
363 1337 505 1393 Moysi
537 1336 802 1396 AEthiopissa
830 1335 970 1395 queeri
1011 1334 1121 1379 solet
1140 1369 1151 1389 ‚
1180 1343 1330 1379 utrum
1362 1335 1453 1395 ipsa

0 1421 6 1455 Ι
57 1409 108 1453 sit
136 1407 226 1453 filia
249 1409 461 1463 Jothor2,
497 1424 552 1452 an
580 1407 762 1452 alteram
796 1407 993 1462 duxerit,
1017 1405 1089 1451 vel
1120 1407 1450 1466 superduxerit:

3 1504 12 1535 -,
57 1479 132 1524 sed
161 1481 298 1539 ipsam
328 1478 460 1523 fuisse
494 1478 704 1522 credibile
744 1487 809 1522 est
851 1498 860 1522 2
904 1477 959 1521 de
999 1477 1249 1523 Madianitis
1290 1478 1455 1538 quippe

57 1560 168 1605 erat,
196 1551 273 1611 qui
294 1549 571 1609 reperiuntur
606 1549 651 1592 in
681 1548 1045 1608 Paralipomenon
1074 1548 1302 1608 AEthiopes
1325 1548 1449 1605 dieti,

58 1619 233 1682 quando
256 1629 407 1665 eontra
432 1635 503 1663 eos
532 1619 744 1679 pugnavit
767 1619 1014 1679 Josaphat³.
1039 1621 1150 1664 Nam
1171 1619 1216 1662 in
1250 1619 1315 1663 his
1347 1619 1451 1664 locis

21 1688 26 1756 1
58 1692 217 1737 dicitur
258 1707 330 1736 eos
367 1700 618 1751 persecutus
656 1690 845 1750 populus
882 1689 1013 1734 Israel
1036 1726 1046 1744 ‚
1089 1690 1167 1734 ubi
1198 1691 1450 1735 Madianitae

0 1778 3 1794 J
24 1759 26 1762 ’
59 1763 279 1820 habitant3
312 1761 388 1823 qui
419 1777 538 1806 nunc
577 1761 799 1807 Sarraceni
820 1759 1111 1820 appellantur.
1135 1761 1218 1806 Sed
1241 1777 1359 1805 nunc
1379 1777 1451 1806 eos

0 1835 5 1876 i
61 1834 284 1894 AEthiopes
326 1849 454 1878 nemo
492 1832 582 1877 lere
616 1832 827 1892 appellat,
855 1833 965 1877 sicut
1006 1832 1147 1877 solent
1176 1832 1374 1878 locorum
1409 1842 1452 1876 et

0 1914 11 1933 ι·
62 1905 252 1964 gentium
276 1905 454 1950 nomina
474 1903 736 1964 plerumque
753 1912 972 1948 vetustare
993 1905 1169 1948 mutari.

575 2012 812 2063 QUAESTIO
844 2013 949 2052 xx1.

125 2134 146 2157 «
166 2118 230 2160 ΕΤ
251 2115 359 2159 dixit
376 2114 431 2158 ad
447 2129 518 2159 eos
537 2133 546 2159 :
572 2113 804 2159 Ascendite
823 2115 903 2159 ista
927 2130 1072 2160 eremo
1089 2123 1133 2159 et
1152 2113 1392 2159 ascendetis
1412 2114 1457 2158 in

69 2203 89 2228 »
113 2197 329 2242 montem,
355 2195 398 2230 et
416 2185 620 2230 videbitis
642 2194 800 2230 terram
832 2202 935 2254 quae.
961 2186 1037 2240 sit,
1069 2195 1113 2230 et
1142 2184 1355 2245 populum
1381 2186 1458 2245 qui

69 2275 89 2298 n
115 2257 272 2301 insidet
287 2272 417 2317 super
432 2272 543 2311 eam,
564 2256 598 2301 si
615 2255 738 2300 fortis
756 2265 816 2301 est
836 2265 912 2300 aut
925 2256 1147 2312 infirmus,
1168 2256 1202 2300 si
1218 2256 1343 2316 pauci
1357 2265 1461 2301 sunt

71 2345 91 2368 ι)
111 2337 185 2372 aut
218 2328 388 2373 multi⁴.
423 2347 443 2370 »
479 2328 737 2388 Exposuisse
764 2328 1043 2387 intelligitur,
1074 2327 1316 2372 secundum
1351 2326 1459 2388 quid

68 2397 235 2454 dixerit,
261 2419 280 2442 «
300 2400 341 2445 Si
359 2409 514 2460 potens
535 2410 598 2444 est
620 2409 696 2444 aut
716 2400 939 2448 infirmus;
967 2418 987 2441 »
1013 2401 1097 2444 hoc
1115 2409 1201 2455 est,
1226 2418 1245 2441 «
1269 2399 1311 2444 Si
1331 2399 1461 2458 pauci

72 2486 92 2510 »
112 2480 214 2514 sunt
236 2480 314 2515 aut
335 2471 478 2515 multi.
503 2490 524 2512 »
550 2474 660 2516 Nam
682 2470 904 2531 quomodo
921 2480 1098 2531 possent
1114 2470 1169 2514 de
1183 2479 1332 2514 monte
1344 2486 1463 2530 pros-

117 2571 240 2600 ¹N1mi.
264 2581 323 2602 xx.
344 2578 381 2600 ι’).
427 2587 468 2592 ——-
487 2577 499 2592 2
518 2570 563 2601 Id.
586 2581 626 2600 ι(ιι
645 2594 653 2606 ,
683 2581 709 2601 ι.
734 2587 775 2592 ——-
802 2568 848 2601 32
870 2569 970 2600 Parni.
998 2580 1072 2607 xiv,
1095 2580 1129 2611 9,
1161 2573 1225 2601 eto.
1257 2586 1298 2590 —
1317 2567 1332 2598 4
1363 2569 1456 2600 Num.

73 2634 137 2665 xm,
164 2625 212 2663 18,
235 2636 282 2666 ¹9·
