1872 3267
392 285 660 324 QUAESTIONES
692 288 738 315 nv
770 287 974 325 zxonuiw,
1010 287 1092 313 Lm.
1129 287 1177 312 11.
1400 273 1479 313 331

100 361 185 406 tur,
205 366 261 395 ne
283 367 305 395 a
323 352 685 413 prospicientibus
698 349 976 397 viderentur:
994 349 1114 412 quod
1131 359 1277 395 tamen
1289 348 1487 395 velamen

96 422 184 467 sive
212 422 393 466 interius
427 422 482 466 ab
512 422 588 467 illo
619 422 772 467 ordine
805 421 1138 475 columnarum,
1180 420 1268 464 sive
1300 420 1487 465 exterius

94 503 346 554 poneretur,
377 493 497 555 quod
526 510 615 539 non
637 495 736 539 satis
758 493 901 538 elucet
918 530 928 549 ,
954 491 1106 553 procul
1137 491 1274 536 dubio
1297 491 1487 538 distabat

94 566 321 611 moderato
357 565 586 611 intervallo
613 566 667 611 ab
696 566 851 611 eodem
881 566 1034 611 ordine
1060 563 1364 610 columnarum
1384 600 1396 620 ‚
1431 580 1487 609 ne

93 638 291 698 quinque
308 637 526 682 columnae
544 638 600 681 ad
621 647 811 698 quatuor
831 636 1055 682 columnas
1077 635 1253 681 densius
1275 636 1486 695 constipa-

96 717 172 763 tae,
198 705 542 752 intercluderent
562 708 708 768 potius
726 708 917 764 aditum,
943 724 1075 768 quam
1094 706 1304 752 velarent.

150 780 252 822 XII.
288 777 539 823 Secundum
572 779 704 824 istum
736 780 884 840 itaque
920 777 1103 823 modum
1123 813 1134 833 ,
1170 786 1213 822 et
1241 777 1485 822 secundum

92 849 206 893 hanc
229 847 415 894 formam
443 848 715 894 tabernaculi
740 850 848 894 nihil
864 851 955 909 jam
984 864 1094 908 opus
1115 857 1178 893 est
1198 848 1370 893 vicenas
1390 847 1486 893 illas

92 921 319 966 columnas
346 921 533 966 laterum
561 918 777 967 interioris
809 920 1082 967 tabernaculi
1114 920 1170 965 ad
1197 923 1407 965 Austrum
1443 929 1488 964 et

90 992 355 1053 Aquilonem
374 993 638 1038 constituere
658 992 893 1048 densiores,
919 1002 963 1037 et
985 993 1166 1037 rariores
1186 990 1282 1035 illas
1299 1000 1398 1035 octo
1420 989 1486 1035 fa-

91 1078 191 1108 cere
213 1079 312 1124 quac
341 1064 397 1108 ab
425 1063 664 1109 Occidente
695 1063 885 1109 fuerant.
913 1067 1073 1109 Decem
1091 1063 1255 1123 quippe
1271 1061 1358 1105 illae
1391 1062 1488 1106 atrii

90 1134 309 1179 exterioris
332 1135 387 1179 ab
410 1135 561 1180 eadem
586 1144 708 1195 parte
727 1135 963 1180 occidentis
980 1149 1070 1178 non
1083 1133 1267 1192 longum
1289 1131 1486 1177 ordinem

89 1203 257 1250 faciunt
279 1205 601 1260 columnarum,
622 1222 712 1267 quo
730 1205 1013 1250 includantur
1027 1213 1126 1249 octo
1147 1203 1389 1258 interiores,
1408 1202 1484 1248 sed

88 1277 221 1320 ternis
247 1276 303 1320 ab
325 1285 514 1337 utroque
539 1276 673 1320 latere
695 1277 963 1330 constitutis,
989 1285 1032 1320 et
1050 1285 1241 1336 quatuor
1262 1275 1308 1318 in
1331 1284 1480 1334 porta,

88 1348 276 1407 spatium
304 1346 599 1402 concludunt,
624 1347 703 1391 ubi
736 1356 779 1391 et
809 1346 943 1391 altare
976 1347 1030 1390 sit
1056 1345 1481 1390 holocaustomatum

90 1417 200 1461 intra
226 1427 396 1477 portam
418 1418 513 1461 atrii
527 1427 628 1461 ante
651 1417 811 1462 ostium
832 1416 1130 1474 tabernaculi,
1156 1426 1200 1461 et
1220 1415 1394 1460 labrum
1415 1417 1484 1460 in-

88 1499 154 1534 ter
175 1489 333 1533 ostium
357 1489 629 1534 tabernaculi
654 1499 698 1534 et
722 1489 881 1546 altare,
911 1498 954 1533 et
974 1488 1257 1532 intervallum
1284 1503 1484 1532 necessa»

88 1560 200 1604 rium
229 1560 472 1604 ministerio
499 1560 613 1604 inter
633 1559 767 1603 altare
786 1569 829 1603 et
855 1569 1027 1619 portam
1057 1559 1152 1603 atrii
1179 1578 1187 1603 :
1218 1568 1261 1603 et
1288 1558 1348 1603 sie
1371 1558 1481 1603 illud

88 1640 230 1676 totum
258 1631 445 1691 spatium
475 1633 573 1676 atrii
602 1630 880 1676 concluditur
902 1630 1114 1676 columnis
1142 1630 1316 1686 decem,
1343 1632 1483 1676 tribus

87 1702 142 1747 ab
151 1701 384 1762 Aquilone,
410 1711 454 1746 et
474 1702 614 1746 tribus
627 1702 682 1746 ab
692 1706 867 1758 Austro,
888 1712 931 1746 et
946 1711 1135 1763 quatuor
1152 1702 1206 1746 ab
1223 1702 1478 1755 Occidente,

87 1782 295 1833 tanquam
317 1773 366 1829 si,
397 1785 447 1828 Π,
464 1787 649 1831 graecam
670 1772 860 1817 litteram
881 1772 1027 1817 facias.
1045 1776 1101 1818 Et
1123 1774 1182 1817 sic
1206 1773 1479 1834 adjungeba-

90 1852 158 1887 tur
179 1842 295 1887 idem
328 1843 516 1903 spatium
544 1842 730 1902 longiori
762 1842 905 1888 ordini
937 1843 1242 1888 columnarum
1272 1844 1478 1888 taberna—

86 1913 172 1958 culi
197 1914 433 1969 interioris,
466 1923 677 1974 tanquam
699 1915 733 1958 si
762 1913 816 1959 ad
838 1913 1028 1959 litteram
1049 1924 1331 1959 memoratam
1354 1931 1405 1959 ex
1430 1930 1478 1959 ea

85 1993 207 2044 parte
231 2000 316 2045 qua
338 2000 427 2028 non
448 1984 583 2028 habet
604 1984 817 2045 adjungas
838 1985 995 2029 litterae
1020 1984 1355 2045 productionem
1378 2001 1478 2046 quae

87 2055 171 2100 iota
193 2054 375 2113 dicitur,
400 2064 450 2099 ut
473 2056 563 2115 ejus
585 2065 706 2115 parte
732 2071 832 2116 quae
853 2056 899 2099 in
922 2055 1068 2101 medio
1091 2066 1170 2112 est,
1197 2057 1252 2101 ab
1273 2072 1324 2100 eo
1343 2055 1477 2101 latere

86 2125 374 2171 concludatur
395 2135 438 2170 et
455 2136 616 2170 restent
630 2126 733 2170 hinc
746 2135 878 2187 atque.
894 2125 995 2170 inde
1018 2141 1068 2170 ex
1085 2127 1278 2188 ipsoiota
1296 2127 1475 2188 reliquae

86 2206 241 2257 partes.
278 2200 484 2241 Poterant
516 2212 620 2257 ergo
649 2198 868 2242 numerari
898 2197 1048 2242 decern
1080 2197 1296 2243 columnae
1324 2200 1369 2243 in
1401 2198 1478 2244 illo

86 2266 217 2327 longo
228 2267 382 2312 ordine
404 2269 536 2328 partis
557 2267 836 2313 occidentalis
853 2268 1123 2314 tabernaculi
1147 2269 1385 2325 interioris,
1400 2271 1476 2314 sed

86 2354 185 2384 cum
215 2339 299 2383 illis
327 2349 427 2384 octo
455 2338 720 2383 adderentur
743 2339 869 2395 duae,
901 2356 1000 2400 quae
1027 2338 1203 2384 fuerant
1233 2340 1400 2385 ultimae
1429 2341 1475 2384 in

86 2408 311 2454 ordinibus
333 2409 518 2454 laterum
540 2410 635 2454 atrii
661 2410 889 2470 Aquilonis
916 2420 960 2455 et
980 2412 1142 2456 Austri.
1175 2414 1285 2457 Nam
1316 2420 1360 2455 et
1387 2410 1474 2456 illae

85 2480 235 2526 decem
260 2497 360 2541 quae
386 2481 561 2541 proprie
586 2480 642 2525 ad
669 2482 828 2526 atrium
855 2483 1124 2542 pertinerent
1152 2499 1174 2528 a
1198 2492 1320 2543 parte
1344 2483 1470 2528 Occi-

86 2549 241 2606 dentis,
268 2551 386 2596 unde
408 2562 451 2597 et
469 2552 712 2596 intrabatur
734 2552 788 2596 ad
810 2553 1164 2608 tabernaculum,
1182 2563 1325 2598 ternas
1343 2554 1474 2598 habe-

88 2622 192 2666 bant
220 2623 265 2667 in
290 2622 522 2683 lateribus,
555 2632 597 2668 et
620 2632 808 2684 quatuor
834 2623 880 2668 in
902 2623 1067 2679 fronte,
1099 2625 1176 2669 ubi
1208 2634 1334 2685 porta
1357 2634 1469 2677 erat,
