<?xml version="1.0" encoding="UTF-8"?>
<!DOCTYPE html PUBLIC "-//W3C//DTD XHTML 1.0 Transitional//EN"
    "http://www.w3.org/TR/xhtml1/DTD/xhtml1-transitional.dtd">
<html xmlns="http://www.w3.org/1999/xhtml" xml:lang="en" lang="en">
 <head>
  <title>
</title>
<meta http-equiv="Content-Type" content="text/html;charset=utf-8" />
  <meta name='ocr-system' content='tesseract 3.04.00' />
  <meta name='ocr-capabilities' content='ocr_page ocr_carea ocr_par ocr_line ocrx_word'/>
</head>
<body>
  <div class='ocr_page' id='page_1' title='image "./operaomniaaccura06auguuoft_0467.png"; bbox 0 0 1872 3267; ppageno 0'>
   <div class='ocr_carea' id='block_1_1' title="bbox 0 0 37 3267">
    <p class='ocr_par' dir='ltr' id='par_1_1' title="bbox 0 0 37 3267">
     <span class='ocr_line' id='line_1_1' title="bbox 0 0 23 449; baseline 0 0"><span class='ocrx_word' id='word_1_1' title='bbox 0 0 23 449; x_wconf 95' lang='lat' dir='ltr'>    </span> 
     </span>
     <span class='ocr_line' id='line_1_2' title="bbox 0 449 26 706; baseline 0 0"><span class='ocrx_word' id='word_1_2' title='bbox 0 449 26 706; x_wconf 95' lang='lat' dir='ltr'>    </span> 
     </span>
     <span class='ocr_line' id='line_1_3' title="bbox 0 706 26 1140; baseline 0 -145"><span class='ocrx_word' id='word_1_3' title='bbox 0 706 26 1140; x_wconf 95' lang='lat' dir='ltr'>    </span> 
     </span>
     <span class='ocr_line' id='line_1_4' title="bbox 0 1140 31 1550; baseline 0 -191"><span class='ocrx_word' id='word_1_4' title='bbox 0 1140 31 1550; x_wconf 95' lang='lat' dir='ltr'>      </span> 
     </span>
     <span class='ocr_line' id='line_1_5' title="bbox 0 1550 32 1924; baseline 0 -70"><span class='ocrx_word' id='word_1_5' title='bbox 0 1550 32 1924; x_wconf 95' lang='lat' dir='ltr'>   </span> 
     </span>
     <span class='ocr_line' id='line_1_6' title="bbox 0 1924 37 3267; baseline 0 -1201"><span class='ocrx_word' id='word_1_6' title='bbox 0 1924 37 3267; x_wconf 95' lang='lat' dir='ltr'>   </span> 
     </span>
    </p>
   </div>
   <div class='ocr_carea' id='block_1_2' title="bbox 307 185 1399 239">
    <p class='ocr_par' dir='ltr' id='par_1_2' title="bbox 307 185 1399 239">
     <span class='ocr_line' id='line_1_7' title="bbox 307 185 1399 239; baseline -0.005 -9"><span class='ocrx_word' id='word_1_7' title='bbox 307 200 574 239; x_wconf 67' lang='lat' dir='ltr'>Qoffisnomzs</span> <span class='ocrx_word' id='word_1_8' title='bbox 606 202 650 230; x_wconf 76' lang='lat' dir='ltr'>IN</span> <span class='ocrx_word' id='word_1_9' title='bbox 684 198 907 237; x_wconf 67' lang='lat' dir='ltr'>NUMEROS,</span> <span class='ocrx_word' id='word_1_10' title='bbox 943 201 1025 228; x_wconf 68' lang='lat' dir='ltr'>Lus.</span> <span class='ocrx_word' id='word_1_11' title='bbox 1063 201 1120 226; x_wconf 86' lang='lat' dir='ltr'>iv.</span> <span class='ocrx_word' id='word_1_12' title='bbox 1322 185 1399 226; x_wconf 74' lang='lat'>461</span> 
     </span>
    </p>
   </div>
   <div class='ocr_carea' id='block_1_3' title="bbox 13 264 1411 684">
    <p class='ocr_par' dir='ltr' id='par_1_3' title="bbox 13 264 1411 684">
     <span class='ocr_line' id='line_1_8' title="bbox 14 264 1411 332; baseline -0.004 -19"><span class='ocrx_word' id='word_1_13' title='bbox 14 282 219 332; x_wconf 84' lang='lat' dir='ltr'>corpore.</span> <span class='ocrx_word' id='word_1_14' title='bbox 245 287 265 310; x_wconf 89' lang='lat'>«</span> <span class='ocrx_word' id='word_1_15' title='bbox 291 269 348 312; x_wconf 87' lang='lat' dir='ltr'>Et</span> <span class='ocrx_word' id='word_1_16' title='bbox 369 268 446 329; x_wconf 87' lang='lat' dir='ltr'>qui</span> <span class='ocrx_word' id='word_1_17' title='bbox 466 266 654 327; x_wconf 85' lang='lat' dir='ltr'>tetigerit</span> <span class='ocrx_word' id='word_1_18' title='bbox 675 281 831 327; x_wconf 84' lang='lat' dir='ltr'>aquam</span> <span class='ocrx_word' id='word_1_19' title='bbox 860 265 1113 326; x_wconf 79' lang='lat' dir='ltr'>aspersionis</span> <span class='ocrx_word' id='word_1_20' title='bbox 1128 300 1139 320; x_wconf 82' lang='lat'>‚</span> <span class='ocrx_word' id='word_1_21' title='bbox 1160 264 1411 308; x_wconf 82' lang='lat' dir='ltr'>immundus</span> 
     </span>
     <span class='ocr_line' id='line_1_9' title="bbox 13 334 1410 411; baseline -0.001 -32"><span class='ocrx_word' id='word_1_22' title='bbox 13 344 44 411; x_wconf 55' lang='grc' dir='ltr'>Ι»</span> <span class='ocrx_word' id='word_1_23' title='bbox 78 338 158 382; x_wconf 88' lang='lat' dir='ltr'>erit</span> <span class='ocrx_word' id='word_1_24' title='bbox 177 354 315 399; x_wconf 83' lang='lat' dir='ltr'>usque</span> <span class='ocrx_word' id='word_1_25' title='bbox 334 338 389 383; x_wconf 84' lang='lat' dir='ltr'>ad</span> <span class='ocrx_word' id='word_1_26' title='bbox 411 353 649 399; x_wconf 88' lang='lat' dir='ltr'>vesperam.</span> <span class='ocrx_word' id='word_1_27' title='bbox 671 340 729 382; x_wconf 86' lang='lat' dir='ltr'>Et</span> <span class='ocrx_word' id='word_1_28' title='bbox 745 352 874 382; x_wconf 90' lang='lat' dir='ltr'>omne</span> <span class='ocrx_word' id='word_1_29' title='bbox 890 336 1201 398; x_wconf 85' lang='lat' dir='ltr'>quodcumque</span> <span class='ocrx_word' id='word_1_30' title='bbox 1222 334 1410 394; x_wconf 84' lang='lat' dir='ltr'>tetigerit</span> 
     </span>
     <span class='ocr_line' id='line_1_10' title="bbox 13 406 1410 479; baseline -0.001 -27"><span class='ocrx_word' id='word_1_31' title='bbox 13 430 45 479; x_wconf 87' lang='grc'>»</span> <span class='ocrx_word' id='word_1_32' title='bbox 79 409 190 455; x_wconf 91' lang='lat' dir='ltr'>illud</span> <span class='ocrx_word' id='word_1_33' title='bbox 211 410 464 456; x_wconf 76' lang='lat' dir='ltr'>Immundus</span> <span class='ocrx_word' id='word_1_34' title='bbox 480 446 490 466; x_wconf 91' lang='lat'>,</span> <span class='ocrx_word' id='word_1_35' title='bbox 510 408 792 454; x_wconf 87' lang='lat' dir='ltr'>immundum</span> <span class='ocrx_word' id='word_1_36' title='bbox 814 409 893 453; x_wconf 86' lang='lat' dir='ltr'>erit</span> <span class='ocrx_word' id='word_1_37' title='bbox 917 428 926 453; x_wconf 88' lang='lat'>:</span> <span class='ocrx_word' id='word_1_38' title='bbox 961 418 1004 453; x_wconf 87' lang='lat' dir='ltr'>et</span> <span class='ocrx_word' id='word_1_39' title='bbox 1026 407 1168 453; x_wconf 80' lang='lat' dir='ltr'>anima</span> <span class='ocrx_word' id='word_1_40' title='bbox 1186 423 1286 468; x_wconf 82' lang='lat' dir='ltr'>quae</span> <span class='ocrx_word' id='word_1_41' title='bbox 1309 406 1410 451; x_wconf 87' lang='lat' dir='ltr'>teti-</span> 
     </span>
     <span class='ocr_line' id='line_1_11' title="bbox 25 477 1411 542; baseline -0.001 -19.016"><span class='ocrx_word' id='word_1_42' title='bbox 25 500 45 523; x_wconf 88' lang='lat'>»</span> <span class='ocrx_word' id='word_1_43' title='bbox 80 481 216 541; x_wconf 81' lang='lat' dir='ltr'>gerit,</span> <span class='ocrx_word' id='word_1_44' title='bbox 253 481 482 527; x_wconf 83' lang='lat' dir='ltr'>immunda</span> <span class='ocrx_word' id='word_1_45' title='bbox 504 482 585 526; x_wconf 89' lang='lat' dir='ltr'>erit</span> <span class='ocrx_word' id='word_1_46' title='bbox 612 497 753 542; x_wconf 88' lang='lat' dir='ltr'>usque</span> <span class='ocrx_word' id='word_1_47' title='bbox 775 481 830 525; x_wconf 85' lang='lat' dir='ltr'>ad</span> <span class='ocrx_word' id='word_1_48' title='bbox 851 495 1075 541; x_wconf 84' lang='lat' dir='ltr'>vesperam</span> <span class='ocrx_word' id='word_1_49' title='bbox 1092 481 1121 523; x_wconf 88' lang='lat'>¹.</span> <span class='ocrx_word' id='word_1_50' title='bbox 1151 497 1171 520; x_wconf 88' lang='lat'>»</span> <span class='ocrx_word' id='word_1_51' title='bbox 1198 481 1296 523; x_wconf 85' lang='lat' dir='ltr'>Jam</span> <span class='ocrx_word' id='word_1_52' title='bbox 1323 477 1411 522; x_wconf 79' lang='lat' dir='ltr'>dixi</span> 
     </span>
     <span class='ocr_line' id='line_1_12' title="bbox 14 549 1411 614; baseline -0.004 -16"><span class='ocrx_word' id='word_1_53' title='bbox 14 552 215 613; x_wconf 89' lang='lat' dir='ltr'>superius</span> <span class='ocrx_word' id='word_1_54' title='bbox 237 553 347 614; x_wconf 88' lang='lat' dir='ltr'>quid</span> <span class='ocrx_word' id='word_1_55' title='bbox 367 553 474 599; x_wconf 91' lang='lat' dir='ltr'>mihi</span> <span class='ocrx_word' id='word_1_56' title='bbox 496 552 736 611; x_wconf 80' lang='lat' dir='ltr'>significare</span> <span class='ocrx_word' id='word_1_57' title='bbox 758 552 998 608; x_wconf 76' lang='lat' dir='ltr'>videatur2,</span> <span class='ocrx_word' id='word_1_58' title='bbox 1027 570 1048 593; x_wconf 91' lang='lat'>«</span> <span class='ocrx_word' id='word_1_59' title='bbox 1071 551 1216 611; x_wconf 82' lang='lat' dir='ltr'>Usque</span> <span class='ocrx_word' id='word_1_60' title='bbox 1235 549 1290 594; x_wconf 83' lang='lat' dir='ltr'>ad</span> <span class='ocrx_word' id='word_1_61' title='bbox 1314 564 1411 593; x_wconf 83' lang='lat' dir='ltr'>ves-</span> 
     </span>
     <span class='ocr_line' id='line_1_13' title="bbox 26 639 286 684; baseline 0 -18"><span class='ocrx_word' id='word_1_62' title='bbox 26 642 46 666; x_wconf 87' lang='grc'>»</span> <span class='ocrx_word' id='word_1_63' title='bbox 80 639 243 684; x_wconf 82' lang='lat' dir='ltr'>peram.</span> <span class='ocrx_word' id='word_1_64' title='bbox 265 643 286 666; x_wconf 71' lang='lat' dir='ltr'>n</span> 
     </span>
    </p>
   </div>
   <div class='ocr_carea' id='block_1_4' title="bbox 505 734 950 785">
    <p class='ocr_par' dir='ltr' id='par_1_4' title="bbox 505 734 950 785">
     <span class='ocr_line' id='line_1_14' title="bbox 505 734 950 785; baseline 0 -12"><span class='ocrx_word' id='word_1_65' title='bbox 505 734 743 785; x_wconf 43' lang='lat' dir='ltr'>QUi—ES&#39;HO</span> <span class='ocrx_word' id='word_1_66' title='bbox 774 735 933 774; x_wconf 80' lang='lat' dir='ltr'>XXXIV</span> <span class='ocrx_word' id='word_1_67' title='bbox 942 765 950 773; x_wconf 91' lang='lat'><strong><em>.</em></strong></span> 
     </span>
    </p>
   </div>
   <div class='ocr_carea' id='block_1_5' title="bbox 16 835 1425 1526">
    <p class='ocr_par' dir='ltr' id='par_1_5' title="bbox 16 835 1425 1537">
     <span class='ocr_line' id='line_1_15' title="bbox 87 835 1414 901; baseline -0.001 -21"><span class='ocrx_word' id='word_1_68' title='bbox 87 859 106 881; x_wconf 84' lang='lat'>«</span> <span class='ocrx_word' id='word_1_69' title='bbox 132 841 276 884; x_wconf 74' lang='lat' dir='ltr'>Omns</span> <span class='ocrx_word' id='word_1_70' title='bbox 298 838 374 901; x_wconf 88' lang='lat' dir='ltr'>qui</span> <span class='ocrx_word' id='word_1_71' title='bbox 397 838 585 898; x_wconf 84' lang='lat' dir='ltr'>tetigerit</span> <span class='ocrx_word' id='word_1_72' title='bbox 605 854 736 900; x_wconf 90' lang='lat' dir='ltr'>super</span> <span class='ocrx_word' id='word_1_73' title='bbox 759 837 914 883; x_wconf 86' lang='lat' dir='ltr'>faciem</span> <span class='ocrx_word' id='word_1_74' title='bbox 940 836 1082 898; x_wconf 82' lang='lat' dir='ltr'>campi</span> <span class='ocrx_word' id='word_1_75' title='bbox 1107 835 1383 881; x_wconf 85' lang='lat' dir='ltr'>vulneratum</span> <span class='ocrx_word' id='word_1_76' title='bbox 1403 870 1414 891; x_wconf 86' lang='lat'>‚</span> 
     </span>
     <span class='ocr_line' id='line_1_16' title="bbox 29 910 1413 967; baseline -0.003 -12"><span class='ocrx_word' id='word_1_77' title='bbox 29 929 49 952; x_wconf 71' lang='grc' dir='ltr'>ι)</span> <span class='ocrx_word' id='word_1_78' title='bbox 84 920 159 955; x_wconf 80' lang='lat' dir='ltr'>aut</span> <span class='ocrx_word' id='word_1_79' title='bbox 187 920 434 967; x_wconf 84' lang='lat' dir='ltr'>mortuum,</span> <span class='ocrx_word' id='word_1_80' title='bbox 464 919 540 955; x_wconf 83' lang='lat' dir='ltr'>aut</span> <span class='ocrx_word' id='word_1_81' title='bbox 561 927 607 955; x_wconf 91' lang='lat' dir='ltr'>os</span> <span class='ocrx_word' id='word_1_82' title='bbox 634 910 850 966; x_wconf 91' lang='lat' dir='ltr'>hominis,</span> <span class='ocrx_word' id='word_1_83' title='bbox 875 919 952 954; x_wconf 84' lang='lat' dir='ltr'>aut</span> <span class='ocrx_word' id='word_1_84' title='bbox 979 917 1316 954; x_wconf 80' lang='lat' dir='ltr'>monumentum</span> <span class='ocrx_word' id='word_1_85' title='bbox 1333 910 1364 950; x_wconf 68' lang='lat'>³.</span> <span class='ocrx_word' id='word_1_86' title='bbox 1394 926 1413 947; x_wconf 88' lang='lat'>»</span> 
     </span>
     <span class='ocr_line' id='line_1_17' title="bbox 27 979 1418 1043; baseline -0.003 -17"><span class='ocrx_word' id='word_1_87' title='bbox 27 981 173 1037; x_wconf 84' lang='lat' dir='ltr'>Quaeri</span> <span class='ocrx_word' id='word_1_88' title='bbox 196 991 340 1042; x_wconf 85' lang='lat' dir='ltr'>potest</span> <span class='ocrx_word' id='word_1_89' title='bbox 368 981 476 1043; x_wconf 87' lang='lat' dir='ltr'>quid</span> <span class='ocrx_word' id='word_1_90' title='bbox 508 981 677 1026; x_wconf 75' lang='lat' dir='ltr'>(lictum</span> <span class='ocrx_word' id='word_1_91' title='bbox 707 981 782 1036; x_wconf 71' lang='lat' dir='ltr'>sit,</span> <span class='ocrx_word' id='word_1_92' title='bbox 813 1001 833 1023; x_wconf 89' lang='lat'>«</span> <span class='ocrx_word' id='word_1_93' title='bbox 854 979 1141 1024; x_wconf 83' lang='lat' dir='ltr'>Vulneratum</span> <span class='ocrx_word' id='word_1_94' title='bbox 1159 1015 1169 1035; x_wconf 79' lang='grc'><strong>,</strong></span> <span class='ocrx_word' id='word_1_95' title='bbox 1202 987 1276 1023; x_wconf 85' lang='lat' dir='ltr'>aut</span> <span class='ocrx_word' id='word_1_96' title='bbox 1298 994 1418 1023; x_wconf 88' lang='lat' dir='ltr'>mor-</span> 
     </span>
     <span class='ocr_line' id='line_1_18' title="bbox 16 1047 1420 1109; baseline -0.001 -15"><span class='ocrx_word' id='word_1_97' title='bbox 16 1074 50 1095; x_wconf 88' lang='lat'>»</span> <span class='ocrx_word' id='word_1_98' title='bbox 86 1062 225 1098; x_wconf 86' lang='lat' dir='ltr'>tuum.</span> <span class='ocrx_word' id='word_1_99' title='bbox 248 1072 267 1094; x_wconf 56' lang='grc' dir='ltr'>ι)</span> <span class='ocrx_word' id='word_1_100' title='bbox 288 1054 331 1099; x_wconf 89' lang='lat' dir='ltr'>Si</span> <span class='ocrx_word' id='word_1_101' title='bbox 352 1053 468 1097; x_wconf 89' lang='lat' dir='ltr'>enim</span> <span class='ocrx_word' id='word_1_102' title='bbox 491 1052 612 1097; x_wconf 87' lang='lat' dir='ltr'>aliud</span> <span class='ocrx_word' id='word_1_103' title='bbox 629 1052 768 1097; x_wconf 88' lang='lat' dir='ltr'>voluit</span> <span class='ocrx_word' id='word_1_104' title='bbox 793 1051 975 1109; x_wconf 74' lang='lat' dir='ltr'>intelligi</span> <span class='ocrx_word' id='word_1_105' title='bbox 989 1049 1284 1105; x_wconf 78' lang='lat' dir='ltr'>vulneratum,</span> <span class='ocrx_word' id='word_1_106' title='bbox 1301 1047 1420 1093; x_wconf 85' lang='lat' dir='ltr'>aliud</span> 
     </span>
     <span class='ocr_line' id='line_1_19' title="bbox 17 1120 1419 1182; baseline -0.004 -14"><span class='ocrx_word' id='word_1_107' title='bbox 17 1132 278 1180; x_wconf 86' lang='lat' dir='ltr'>mortuum,</span> <span class='ocrx_word' id='word_1_108' title='bbox 320 1123 566 1168; x_wconf 79' lang='lat' dir='ltr'>cavendum</span> <span class='ocrx_word' id='word_1_109' title='bbox 600 1132 686 1178; x_wconf 79' lang='lat' dir='ltr'>est,</span> <span class='ocrx_word' id='word_1_110' title='bbox 724 1138 780 1166; x_wconf 88' lang='lat' dir='ltr'>ne</span> <span class='ocrx_word' id='word_1_111' title='bbox 818 1130 998 1182; x_wconf 85' lang='lat' dir='ltr'>putetur</span> <span class='ocrx_word' id='word_1_112' title='bbox 1039 1120 1291 1164; x_wconf 85' lang='lat' dir='ltr'>immundus</span> <span class='ocrx_word' id='word_1_113' title='bbox 1330 1135 1419 1164; x_wconf 80' lang='lat' dir='ltr'>esse</span> 
     </span>
     <span class='ocr_line' id='line_1_20' title="bbox 29 1192 1420 1255; baseline -0.003 -16.034"><span class='ocrx_word' id='word_1_114' title='bbox 29 1194 157 1239; x_wconf 84' lang='lat' dir='ltr'>etiam</span> <span class='ocrx_word' id='word_1_115' title='bbox 181 1195 256 1255; x_wconf 84' lang='lat' dir='ltr'>qui</span> <span class='ocrx_word' id='word_1_116' title='bbox 284 1194 472 1252; x_wconf 85' lang='lat' dir='ltr'>tetigerit</span> <span class='ocrx_word' id='word_1_117' title='bbox 504 1193 782 1239; x_wconf 83' lang='lat' dir='ltr'>vulneratum</span> <span class='ocrx_word' id='word_1_118' title='bbox 813 1193 961 1238; x_wconf 83' lang='lat' dir='ltr'>vivum</span> <span class='ocrx_word' id='word_1_119' title='bbox 978 1228 988 1248; x_wconf 83' lang='grc'>,</span> <span class='ocrx_word' id='word_1_120' title='bbox 1015 1192 1136 1253; x_wconf 83' lang='lat' dir='ltr'>quod</span> <span class='ocrx_word' id='word_1_121' title='bbox 1157 1192 1310 1252; x_wconf 81' lang='lat' dir='ltr'>utique</span> <span class='ocrx_word' id='word_1_122' title='bbox 1343 1192 1420 1235; x_wconf 79' lang='lat' dir='ltr'>al)-</span> 
     </span>
     <span class='ocr_line' id='line_1_21' title="bbox 29 1263 1417 1327; baseline -0.004 -15"><span class='ocrx_word' id='word_1_123' title='bbox 29 1266 207 1312; x_wconf 87' lang='lat' dir='ltr'>surdum</span> <span class='ocrx_word' id='word_1_124' title='bbox 237 1276 314 1311; x_wconf 87' lang='lat' dir='ltr'>est.</span> <span class='ocrx_word' id='word_1_125' title='bbox 342 1266 426 1311; x_wconf 87' lang='lat' dir='ltr'>Sed</span> <span class='ocrx_word' id='word_1_126' title='bbox 455 1266 558 1327; x_wconf 83' lang='lat' dir='ltr'>quia</span> <span class='ocrx_word' id='word_1_127' title='bbox 585 1274 767 1326; x_wconf 82' lang='lat' dir='ltr'>possunt</span> <span class='ocrx_word' id='word_1_128' title='bbox 799 1275 843 1310; x_wconf 86' lang='lat' dir='ltr'>et</span> <span class='ocrx_word' id='word_1_129' title='bbox 872 1264 1033 1310; x_wconf 82' lang='lat' dir='ltr'>mortui</span> <span class='ocrx_word' id='word_1_130' title='bbox 1056 1280 1145 1309; x_wconf 84' lang='lat' dir='ltr'>esse</span> <span class='ocrx_word' id='word_1_131' title='bbox 1173 1263 1417 1318; x_wconf 81' lang='lat' dir='ltr'>vulnerati,</span> 
     </span>
     <span class='ocr_line' id='line_1_22' title="bbox 18 1334 1421 1398; baseline -0.003 -16"><span class='ocrx_word' id='word_1_132' title='bbox 18 1338 141 1398; x_wconf 89' lang='lat' dir='ltr'>ipsos</span> <span class='ocrx_word' id='word_1_133' title='bbox 174 1347 367 1382; x_wconf 88' lang='lat' dir='ltr'>mortuos</span> <span class='ocrx_word' id='word_1_134' title='bbox 397 1336 654 1395; x_wconf 82' lang='lat' dir='ltr'>intelligitur</span> <span class='ocrx_word' id='word_1_135' title='bbox 688 1336 961 1392; x_wconf 77' lang='lat' dir='ltr'>discrevisse,</span> <span class='ocrx_word' id='word_1_136' title='bbox 1000 1344 1049 1380; x_wconf 88' lang='lat' dir='ltr'>ut</span> <span class='ocrx_word' id='word_1_137' title='bbox 1081 1344 1123 1379; x_wconf 87' lang='lat' dir='ltr'>et</span> <span class='ocrx_word' id='word_1_138' title='bbox 1144 1334 1421 1380; x_wconf 82' lang='lat' dir='ltr'>vulneratum</span> 
     </span>
     <span class='ocr_line' id='line_1_23' title="bbox 19 1406 1425 1467; baseline -0.003 -14"><span class='ocrx_word' id='word_1_139' title='bbox 19 1418 254 1456; x_wconf 83' lang='lat' dir='ltr'>mortuum</span> <span class='ocrx_word' id='word_1_140' title='bbox 288 1407 609 1467; x_wconf 82' lang='lat' dir='ltr'>intelligamus,</span> <span class='ocrx_word' id='word_1_141' title='bbox 640 1407 684 1451; x_wconf 89' lang='lat' dir='ltr'>id</span> <span class='ocrx_word' id='word_1_142' title='bbox 710 1416 802 1462; x_wconf 83' lang='lat' dir='ltr'>est,</span> <span class='ocrx_word' id='word_1_143' title='bbox 838 1406 1019 1453; x_wconf 87' lang='lat' dir='ltr'>vulnere</span> <span class='ocrx_word' id='word_1_144' title='bbox 1040 1415 1315 1467; x_wconf 83' lang='lat' dir='ltr'>peremptum</span> <span class='ocrx_word' id='word_1_145' title='bbox 1348 1414 1425 1449; x_wconf 80' lang='lat' dir='ltr'>aut</span> 
     </span>
     <span class='ocr_line' id='line_1_24' title="bbox 19 1477 589 1526; baseline -0.005 -2"><span class='ocrx_word' id='word_1_146' title='bbox 19 1489 255 1526; x_wconf 85' lang='lat' dir='ltr'>mortuum</span> <span class='ocrx_word' id='word_1_147' title='bbox 278 1479 368 1524; x_wconf 88' lang='lat' dir='ltr'>sine</span> <span class='ocrx_word' id='word_1_148' title='bbox 391 1477 589 1523; x_wconf 76' lang='lat' dir='ltr'>vulnere.</span> 
     </span>
    </p>
   </div>
   <div class='ocr_carea' id='block_1_6' title="bbox 508 1588 934 1637">
    <p class='ocr_par' dir='ltr' id='par_1_6' title="bbox 508 1588 934 1637">
     <span class='ocr_line' id='line_1_25' title="bbox 508 1588 934 1637; baseline -0.002 -10"><span class='ocrx_word' id='word_1_149' title='bbox 508 1588 745 1637; x_wconf 77' lang='lat' dir='ltr'>QUAEsTio</span> <span class='ocrx_word' id='word_1_150' title='bbox 779 1588 934 1627; x_wconf 71' lang='lat' dir='ltr'>xxxv.</span> 
     </span>
    </p>
   </div>
   <div class='ocr_carea' id='block_1_7' title="bbox 0 1688 1430 2343">
    <p class='ocr_par' dir='ltr' id='par_1_7' title="bbox 0 1688 1430 2321">
     <span class='ocr_line' id='line_1_26' title="bbox 0 1688 1425 1759; baseline -0.003 -22"><span class='ocrx_word' id='word_1_151' title='bbox 0 1750 4 1759; x_wconf 93' lang='lat'>.</span> <span class='ocrx_word' id='word_1_152' title='bbox 91 1694 217 1746; x_wconf 73' lang='lat' dir='ltr'>Qcon</span> <span class='ocrx_word' id='word_1_153' title='bbox 239 1691 294 1737; x_wconf 89' lang='lat' dir='ltr'>de</span> <span class='ocrx_word' id='word_1_154' title='bbox 311 1700 432 1752; x_wconf 83' lang='lat' dir='ltr'>petra</span> <span class='ocrx_word' id='word_1_155' title='bbox 451 1707 563 1752; x_wconf 86' lang='lat' dir='ltr'>aqua</span> <span class='ocrx_word' id='word_1_156' title='bbox 582 1690 739 1736; x_wconf 85' lang='lat' dir='ltr'>educta</span> <span class='ocrx_word' id='word_1_157' title='bbox 763 1692 868 1746; x_wconf 69' lang='lat' dir='ltr'>est4,</span> <span class='ocrx_word' id='word_1_158' title='bbox 890 1690 1110 1750; x_wconf 80' lang='lat' dir='ltr'>apostolus</span> <span class='ocrx_word' id='word_1_159' title='bbox 1136 1689 1295 1735; x_wconf 84' lang='lat' dir='ltr'>Paulus</span> <span class='ocrx_word' id='word_1_160' title='bbox 1319 1688 1425 1750; x_wconf 86' lang='lat' dir='ltr'>quid</span> 
     </span>
     <span class='ocr_line' id='line_1_27' title="bbox 35 1760 1426 1823; baseline -0.004 -15.123"><span class='ocrx_word' id='word_1_161' title='bbox 0 1769 143 1808; x_wconf 85' lang='lat' dir='ltr'>esset</span> <span class='ocrx_word' id='word_1_162' title='bbox 165 1763 387 1823; x_wconf 77' lang='lat' dir='ltr'>exposuit,</span> <span class='ocrx_word' id='word_1_163' title='bbox 411 1763 489 1807; x_wconf 80' lang='lat' dir='ltr'>ubi</span> <span class='ocrx_word' id='word_1_164' title='bbox 507 1763 567 1807; x_wconf 81' lang='lat' dir='ltr'>ait</span> <span class='ocrx_word' id='word_1_165' title='bbox 588 1782 596 1807; x_wconf 77' lang='lat'>2</span> <span class='ocrx_word' id='word_1_166' title='bbox 626 1782 647 1805; x_wconf 85' lang='lat'>«</span> <span class='ocrx_word' id='word_1_167' title='bbox 672 1765 732 1807; x_wconf 90' lang='lat' dir='ltr'>Et</span> <span class='ocrx_word' id='word_1_168' title='bbox 756 1777 905 1806; x_wconf 88' lang='lat' dir='ltr'>omnes</span> <span class='ocrx_word' id='word_1_169' title='bbox 924 1760 1128 1805; x_wconf 89' lang='lat' dir='ltr'>eumdem</span> <span class='ocrx_word' id='word_1_170' title='bbox 1152 1770 1304 1821; x_wconf 84' lang='lat' dir='ltr'>potum</span> <span class='ocrx_word' id='word_1_171' title='bbox 1336 1760 1426 1820; x_wconf 86' lang='lat' dir='ltr'>spi-</span> 
     </span>
     <span class='ocr_line' id='line_1_28' title="bbox 20 1830 1427 1893; baseline 0 -18"><span class='ocrx_word' id='word_1_172' title='bbox 20 1852 58 1875; x_wconf 68' lang='lat' dir='ltr'>&gt;i</span> <span class='ocrx_word' id='word_1_173' title='bbox 94 1833 261 1878; x_wconf 84' lang='lat' dir='ltr'>ritalem</span> <span class='ocrx_word' id='word_1_174' title='bbox 290 1834 512 1878; x_wconf 85' lang='lat' dir='ltr'>biberunt.</span> <span class='ocrx_word' id='word_1_175' title='bbox 549 1833 768 1877; x_wconf 85' lang='lat' dir='ltr'>Bibebant</span> <span class='ocrx_word' id='word_1_176' title='bbox 795 1833 910 1876; x_wconf 89' lang='lat' dir='ltr'>enim</span> <span class='ocrx_word' id='word_1_177' title='bbox 934 1831 989 1877; x_wconf 88' lang='lat' dir='ltr'>de</span> <span class='ocrx_word' id='word_1_178' title='bbox 1019 1832 1199 1892; x_wconf 82' lang='lat' dir='ltr'>spiritali</span> <span class='ocrx_word' id='word_1_179' title='bbox 1228 1830 1427 1893; x_wconf 79' lang='lat' dir='ltr'>sequenti</span> 
     </span>
     <span class='ocr_line' id='line_1_29' title="bbox 2 1903 1429 1964; baseline -0.002 -16"><span class='ocrx_word' id='word_1_180' title='bbox 2 1921 59 1955; x_wconf 67' lang='grc' dir='ltr'>,ιι</span> <span class='ocrx_word' id='word_1_181' title='bbox 93 1913 229 1964; x_wconf 86' lang='lat' dir='ltr'>petra.</span> <span class='ocrx_word' id='word_1_182' title='bbox 252 1907 377 1948; x_wconf 84' lang='lat' dir='ltr'>Petra</span> <span class='ocrx_word' id='word_1_183' title='bbox 396 1913 541 1948; x_wconf 83' lang='lat' dir='ltr'>autem</span> <span class='ocrx_word' id='word_1_184' title='bbox 560 1912 652 1947; x_wconf 84' lang='lat' dir='ltr'>erat</span> <span class='ocrx_word' id='word_1_185' title='bbox 673 1903 913 1948; x_wconf 78' lang='lat' dir='ltr'>Christus5.</span> <span class='ocrx_word' id='word_1_186' title='bbox 928 1921 948 1944; x_wconf 82' lang='lat'>»</span> <span class='ocrx_word' id='word_1_187' title='bbox 973 1903 1221 1962; x_wconf 82' lang='lat' dir='ltr'>Significata</span> <span class='ocrx_word' id='word_1_188' title='bbox 1243 1911 1307 1946; x_wconf 85' lang='lat' dir='ltr'>est</span> <span class='ocrx_word' id='word_1_189' title='bbox 1326 1917 1429 1961; x_wconf 84' lang='lat' dir='ltr'>ergo</span> 
     </span>
     <span class='ocr_line' id='line_1_30' title="bbox 21 1972 1429 2035; baseline -0.003 -15"><span class='ocrx_word' id='word_1_190' title='bbox 21 1973 90 2023; x_wconf 86' lang='lat' dir='ltr'>de</span> <span class='ocrx_word' id='word_1_191' title='bbox 112 1975 286 2020; x_wconf 87' lang='lat' dir='ltr'>Christo</span> <span class='ocrx_word' id='word_1_192' title='bbox 308 1975 531 2035; x_wconf 84' lang='lat' dir='ltr'>profluens</span> <span class='ocrx_word' id='word_1_193' title='bbox 550 1974 685 2032; x_wconf 80' lang='lat' dir='ltr'>gratia</span> <span class='ocrx_word' id='word_1_194' title='bbox 706 1973 930 2034; x_wconf 84' lang='lat' dir='ltr'>spiritalis,</span> <span class='ocrx_word' id='word_1_195' title='bbox 957 1990 1044 2034; x_wconf 87' lang='lat' dir='ltr'>qua</span> <span class='ocrx_word' id='word_1_196' title='bbox 1067 1973 1247 2018; x_wconf 88' lang='lat' dir='ltr'>interior</span> <span class='ocrx_word' id='word_1_197' title='bbox 1264 1973 1352 2017; x_wconf 88' lang='lat' dir='ltr'>sitis</span> <span class='ocrx_word' id='word_1_198' title='bbox 1368 1972 1429 2016; x_wconf 90' lang='lat' dir='ltr'>ir-</span> 
     </span>
     <span class='ocr_line' id='line_1_31' title="bbox 0 2044 1430 2112; baseline -0.001 -22"><span class='ocrx_word' id='word_1_199' title='bbox 0 2107 2 2112; x_wconf 13' lang='lat' dir='ltr'>k</span> <span class='ocrx_word' id='word_1_200' title='bbox 22 2091 23 2094; x_wconf 65' lang='grc'>,</span> <span class='ocrx_word' id='word_1_201' title='bbox 39 2046 263 2106; x_wconf 83' lang='lat' dir='ltr'>rigaretur.</span> <span class='ocrx_word' id='word_1_202' title='bbox 299 2045 382 2092; x_wconf 88' lang='lat' dir='ltr'>Sed</span> <span class='ocrx_word' id='word_1_203' title='bbox 415 2045 537 2106; x_wconf 85' lang='lat' dir='ltr'>quod</span> <span class='ocrx_word' id='word_1_204' title='bbox 558 2046 679 2105; x_wconf 86' lang='lat' dir='ltr'>virga</span> <span class='ocrx_word' id='word_1_205' title='bbox 702 2055 825 2105; x_wconf 80' lang='lat' dir='ltr'>petra</span> <span class='ocrx_word' id='word_1_206' title='bbox 847 2046 1107 2105; x_wconf 82' lang='lat' dir='ltr'>percutitur,</span> <span class='ocrx_word' id='word_1_207' title='bbox 1143 2061 1248 2089; x_wconf 84' lang='lat' dir='ltr'>crux</span> <span class='ocrx_word' id='word_1_208' title='bbox 1270 2044 1430 2090; x_wconf 87' lang='lat' dir='ltr'>Christi</span> 
     </span>
     <span class='ocr_line' id='line_1_32' title="bbox 0 2115 1429 2178; baseline -0.001 -17"><span class='ocrx_word' id='word_1_209' title='bbox 0 2115 265 2177; x_wconf 82' lang='lat' dir='ltr'>&#39;figuratur.</span> <span class='ocrx_word' id='word_1_210' title='bbox 288 2118 428 2178; x_wconf 90' lang='lat' dir='ltr'>Ligno</span> <span class='ocrx_word' id='word_1_211' title='bbox 451 2117 569 2162; x_wconf 89' lang='lat' dir='ltr'>enim</span> <span class='ocrx_word' id='word_1_212' title='bbox 592 2116 827 2162; x_wconf 82' lang='lat' dir='ltr'>accedente</span> <span class='ocrx_word' id='word_1_213' title='bbox 846 2117 901 2162; x_wconf 85' lang='lat' dir='ltr'>ad</span> <span class='ocrx_word' id='word_1_214' title='bbox 917 2127 1101 2178; x_wconf 78' lang='lat' dir='ltr'>petram,</span> <span class='ocrx_word' id='word_1_215' title='bbox 1124 2117 1259 2176; x_wconf 79' lang='lat' dir='ltr'>gratia</span> <span class='ocrx_word' id='word_1_216' title='bbox 1277 2133 1429 2160; x_wconf 78' lang='lat' dir='ltr'>mana-</span> 
     </span>
     <span class='ocr_line' id='line_1_33' title="bbox 4 2187 1428 2249; baseline -0.001 -17"><span class='ocrx_word' id='word_1_217' title='bbox 4 2187 127 2241; x_wconf 71' lang='grc' dir='ltr'>,νὶιε</span> <span class='ocrx_word' id='word_1_218' title='bbox 161 2198 204 2233; x_wconf 90' lang='lat' dir='ltr'>et</span> <span class='ocrx_word' id='word_1_219' title='bbox 225 2188 346 2249; x_wconf 87' lang='lat' dir='ltr'>quod</span> <span class='ocrx_word' id='word_1_220' title='bbox 368 2188 431 2232; x_wconf 84' lang='lat' dir='ltr'>bis</span> <span class='ocrx_word' id='word_1_221' title='bbox 454 2188 712 2249; x_wconf 76' lang='lat' dir='ltr'>percutitur,</span> <span class='ocrx_word' id='word_1_222' title='bbox 740 2187 981 2232; x_wconf 86' lang='lat' dir='ltr'>evidentius</span> <span class='ocrx_word' id='word_1_223' title='bbox 1004 2187 1217 2247; x_wconf 81' lang='lat' dir='ltr'>significat</span> <span class='ocrx_word' id='word_1_224' title='bbox 1238 2203 1428 2232; x_wconf 87' lang='lat' dir='ltr'>crucem.</span> 
     </span>
     <span class='ocr_line' id='line_1_34' title="bbox 5 2253 726 2321; baseline 0 -18"><span class='ocrx_word' id='word_1_225' title='bbox 5 2304 8 2310; x_wconf 22' lang='grc' dir='ltr'><strong>Δ</strong></span> <span class='ocrx_word' id='word_1_226' title='bbox 41 2261 137 2305; x_wconf 91' lang='lat' dir='ltr'>Duo</span> <span class='ocrx_word' id='word_1_227' title='bbox 159 2260 322 2321; x_wconf 87' lang='lat' dir='ltr'>quippe</span> <span class='ocrx_word' id='word_1_228' title='bbox 344 2260 459 2320; x_wconf 83' lang='lat' dir='ltr'>ligna</span> <span class='ocrx_word' id='word_1_229' title='bbox 483 2269 586 2304; x_wconf 89' lang='lat' dir='ltr'>sunt</span> <span class='ocrx_word' id='word_1_230' title='bbox 608 2253 726 2304; x_wconf 83' lang='lat' dir='ltr'>crux.</span> 
     </span>
    </p>

    <p class='ocr_par' dir='ltr' id='par_1_8' title="bbox 3 2327 6 2343">
     <span class='ocr_line' id='line_1_35' title="bbox 3 2327 6 2343; baseline 0 0"><span class='ocrx_word' id='word_1_231' title='bbox 3 2327 6 2343; x_wconf 77' lang='grc'>,</span> 
     </span>
    </p>
   </div>
   <div class='ocr_carea' id='block_1_8' title="bbox 19 2353 1430 2454">
    <p class='ocr_par' dir='ltr' id='par_1_9' title="bbox 19 2353 1430 2454">
     <span class='ocr_line' id='line_1_36' title="bbox 19 2353 1430 2400; baseline -0.001 -12"><span class='ocrx_word' id='word_1_232' title='bbox 19 2355 27 2394; x_wconf 74' lang='grc'>·,“</span> <span class='ocrx_word' id='word_1_233' title='bbox 90 2362 97 2378; x_wconf 95' lang='lat'>¹</span> <span class='ocrx_word' id='word_1_234' title='bbox 121 2359 212 2389; x_wconf 75' lang='lat' dir='ltr'>Num.</span> <span class='ocrx_word' id='word_1_235' title='bbox 234 2368 301 2398; x_wconf 73' lang='lat' dir='ltr'>xrx,</span> <span class='ocrx_word' id='word_1_236' title='bbox 328 2364 498 2389; x_wconf 81' lang='lat'>21-22.—·</span> <span class='ocrx_word' id='word_1_237' title='bbox 519 2364 531 2379; x_wconf 85' lang='lat'><strong>²</strong></span> <span class='ocrx_word' id='word_1_238' title='bbox 548 2356 626 2389; x_wconf 76' lang='lat' dir='ltr'>Vide</span> <span class='ocrx_word' id='word_1_239' title='bbox 648 2367 740 2399; x_wconf 78' lang='lat' dir='ltr'>supra</span> <span class='ocrx_word' id='word_1_240' title='bbox 752 2361 863 2400; x_wconf 76' lang='lat' dir='ltr'>quaest.</span> <span class='ocrx_word' id='word_1_241' title='bbox 887 2367 1000 2398; x_wconf 76' lang='lat' dir='ltr'>xxxin,</span> <span class='ocrx_word' id='word_1_242' title='bbox 1024 2366 1054 2387; x_wconf 88' lang='lat' dir='ltr'>n.</span> <span class='ocrx_word' id='word_1_243' title='bbox 1077 2367 1109 2398; x_wconf 82' lang='lat'>9.</span> <span class='ocrx_word' id='word_1_244' title='bbox 1139 2373 1173 2378; x_wconf 90' lang='lat'><strong>—</strong></span> <span class='ocrx_word' id='word_1_245' title='bbox 1193 2353 1205 2379; x_wconf 83' lang='grc'>3</span> <span class='ocrx_word' id='word_1_246' title='bbox 1232 2357 1324 2388; x_wconf 77' lang='lat' dir='ltr'>Num.</span> <span class='ocrx_word' id='word_1_247' title='bbox 1352 2366 1405 2387; x_wconf 74' lang='lat' dir='ltr'>xix</span> <span class='ocrx_word' id='word_1_248' title='bbox 1421 2379 1430 2397; x_wconf 90' lang='lat'><em>‚</em></span> 
     </span>
     <span class='ocr_line' id='line_1_37' title="bbox 22 2407 738 2454; baseline -0.001 -10"><span class='ocrx_word' id='word_1_249' title='bbox 22 2407 166 2453; x_wconf 64' lang='lat'><strong>{16.·—-</strong></span> <span class='ocrx_word' id='word_1_250' title='bbox 185 2411 201 2436; x_wconf 70' lang='lat' dir='ltr'>l.</span> <span class='ocrx_word' id='word_1_251' title='bbox 220 2413 266 2445; x_wconf 89' lang='lat' dir='ltr'>Id.</span> <span class='ocrx_word' id='word_1_252' title='bbox 283 2424 336 2454; x_wconf 81' lang='lat' dir='ltr'>xx,</span> <span class='ocrx_word' id='word_1_253' title='bbox 361 2425 410 2445; x_wconf 86' lang='lat'>11.</span> <span class='ocrx_word' id='word_1_254' title='bbox 432 2429 473 2435; x_wconf 89' lang='lat'>--</span> <span class='ocrx_word' id='word_1_255' title='bbox 495 2411 511 2435; x_wconf 82' lang='grc'><em>5</em></span> <span class='ocrx_word' id='word_1_256' title='bbox 533 2423 544 2444; x_wconf 93' lang='lat'>1</span> <span class='ocrx_word' id='word_1_257' title='bbox 563 2415 635 2445; x_wconf 86' lang='lat' dir='ltr'>Cor.</span> <span class='ocrx_word' id='word_1_258' title='bbox 652 2424 684 2454; x_wconf 87' lang='lat' dir='ltr'>x,</span> <span class='ocrx_word' id='word_1_259' title='bbox 706 2411 738 2454; x_wconf 59' lang='lat'>[4.</span> 
     </span>
    </p>
   </div>
  </div>
 </body>
</html>
