1872 3267
409 196 492 235 594
840 210 872 240 s.
911 214 1140 244 Aucustrim
1174 214 1354 243 muscori

892 326 1128 376 QUAESTIO
1159 329 1294 367 xtvi.

459 432 605 473 VERBA
627 444 727 489 quae
747 429 862 473 misit
884 429 939 474 ad
957 431 1132 474 nuntios
1155 429 1408 475 Abimelech
1430 429 1566 474 Zebul
1587 431 1786 492 princeps

400 500 583 545 civitatis
612 500 923 557 sichimorum,
950 501 1141 545 etiamid
1163 503 1328 546 habent
1354 522 1363 547 ;
1388 522 1407 544 «
1432 505 1489 547 Et
1516 518 1634 547 nunc
1660 518 1786 561 surge

400 589 421 613 »
456 581 585 616 nocte
607 581 657 616 tu
679 581 723 615 et
748 571 937 631 populus
961 582 1062 617 tuus
1094 582 1239 617 tecum
1256 609 1266 629 ,
1289 583 1331 617 et
1356 572 1558 618 insidiare
1584 574 1631 617 in
1662 589 1778 632 agro.

401 659 421 684 »
457 645 513 687 Et
535 643 616 686 erit
638 658 765 687 mane
790 643 920 687 simul
939 653 989 687 ut
1010 644 1147 688 oritur
1164 643 1227 689 sol
1236 680 1252 700 ,
1282 644 1519 688 maturabis
1534 680 1544 699 ‚
1574 653 1617 688 et
1633 645 1785 690 tendes

398 732 418 755 »
454 729 583 774 super
605 714 863 758 civitatem1.
895 733 915 755 »
942 715 1071 768 Quod
1092 714 1216 759 latini
1244 715 1424 775 quidam
1452 716 1618 759 habent
1643 735 1663 758 α
1688 718 1784 761 Ma-

397 801 417 825 »
454 784 642 840 turabis,
670 803 690 826 »
716 785 895 845 quidam
923 801 1027 830 vero
1060 804 1080 827 «
1116 786 1376 841 Manicabis,
1405 804 1425 826 »
1456 802 1620 845 graecus
1648 786 1783 830 habet

391 854 512 915 quod
534 855 618 900 dici
636 866 779 915 posset
803 872 893 900 non
915 873 1005 901 uno
1026 857 1161 901 verbo
1177 892 1187 912 ,
1217 876 1237 898 «
1258 856 1461 901 Diluculo
1485 873 1646 916 surges.
1676 876 1696 899 »
1723 860 1780 902 Et

390 925 571 971 fortasse
593 928 694 972 hinc
715 928 768 972 sit
790 927 955 973 dictum
970 964 980 983 ,
1005 948 1025 970 «
1050 927 1310 983 Maturabis,
1336 947 1355 969 »
1383 944 1406 971 a
1427 929 1643 973 matutino
1667 938 1777 973 tem-

388 1014 509 1059 pore,
527 1000 723 1061 quamvis
737 1001 867 1044 etiam
891 1000 981 1044 aliis
1004 1001 1269 1060 temporibus
1286 999 1370 1044 dici
1388 999 1522 1044 soleat
1539 1000 1591 1044 ad
1609 1016 1697 1044 rem
1711 1017 1779 1046 ac-

387 1071 677 1116 celerandam.
704 1072 942 1117 Manicabis
962 1082 1105 1116 autem
1120 1107 1130 1126 ,
1150 1070 1335 1116 latinum
1362 1073 1545 1115 verbum
1563 1087 1652 1116 esse
1669 1072 1777 1116 mihi

386 1158 476 1186 non
499 1142 702 1187 occurrit.
723 1141 806 1187 Sed
823 1141 934 1185 illud
955 1151 1116 1197 movet,
1137 1141 1257 1202 quod
1275 1157 1374 1186 cum
1392 1141 1580 1197 dixisset,
1601 1161 1619 1184 «
1640 1142 1777 1187 Simul

388 1232 408 1255 »
444 1224 494 1258 ut
516 1214 654 1258 oritur
675 1214 754 1269 sol,
775 1232 794 1254 »
812 1213 996 1268 addidit,
1018 1213 1256 1259 «Diluculo
1279 1230 1455 1273 surges3
1476 1232 1495 1255 »
1518 1230 1616 1259 cum
1631 1214 1775 1274 ipsum

385 1284 629 1328 diluculum
657 1284 779 1345 quod
816 1300 951 1342 graece
980 1284 1139 1328 dicitur
1162 1293 1283 1340 ὂρθρος,
1309 1295 1481 1344 tempus
1509 1294 1609 1329 ante
1640 1285 1774 1330 solem

382 1355 621 1413 significet,
646 1354 766 1415 quod
792 1356 881 1415 jam
912 1355 1186 1399 usitatissime
1218 1355 1394 1406 dicitur,
1426 1371 1525 1399 cum
1556 1355 1774 1401 albescere

383 1426 581 1485 coeperit.
611 1426 678 1471 Sic
710 1426 857 1485 itaque
884 1424 1219 1484 intelligendum
1250 1435 1335 1481 est,
1362 1435 1410 1470 ut
1439 1425 1557 1486 quod
1583 1427 1772 1485 positum

381 1506 445 1541 est
472 1516 491 1538 «
515 1500 663 1551 Mane,
686 1515 706 1538 >›
736 1497 876 1556 ipsum
895 1495 1139 1541 diluculum
1160 1496 1446 1555 intelligatur.
1473 1496 1682 1542 Additum
1709 1508 1772 1543 est

381 1578 527 1612 autem
538 1604 554 1624 9
583 1587 602 1609 «
631 1567 769 1613 Simul
791 1577 841 1611 ut
863 1568 1000 1612 oritur
1020 1567 1105 1622 sol,
1132 1576 1181 1612 ut
1204 1567 1534 1627 exprimeretur,
1563 1584 1651 1612 non
1678 1571 1771 1629 jam

380 1650 476 1685 orto
498 1639 587 1684 sole
610 1638 874 1695 faciendum,
889 1639 964 1684 scd
981 1640 1058 1683 ubi
1073 1638 1219 1699 fulgor
1236 1640 1486 1698 apparuerit
1506 1639 1605 1684 solis
1622 1641 1769 1686 orien-

378 1711 446 1755 tis.
464 1714 560 1756 Nou
574 1711 688 1754 enim
704 1710 880 1754 aliunde
893 1710 1072 1754 albescit
1087 1709 1331 1755 diluculum
1348 1732 1358 1768 3
1373 1711 1453 1754 nisi
1468 1727 1567 1755 cum
1585 1712 1769 1771 coeperit

377 1793 543 1842 partem
566 1781 683 1837 coeli,
708 1798 840 1842 quam
863 1781 1059 1826 videmus
1078 1782 1132 1825 ab
1155 1782 1356 1836 Oriente,
1382 1780 1458 1825 lux
1477 1781 1575 1826 solis
1595 1781 1648 1826 ad
1671 1798 1767 1827 eam

375 1853 596 1898 redeuntis
610 1853 834 1911 attingere.
852 1853 963 1896 Hinc
978 1861 1040 1896 est
1054 1851 1314 1912 quodetiam
1329 1853 1372 1895 in
1383 1852 1620 1910 Evangelio
1633 1868 1765 1896 unam

374 1935 506 1986 atque
527 1923 723 1968 eamdem
746 1939 837 1967 rem
871 1923 979 1967 alius
1012 1922 1286 1981 Evangelista
1317 1922 1423 1966 dicit
1451 1922 1647 1967 diluculo
1670 1923 1763 1968 sac-

373 2000 504 2051 tam2,
524 2011 623 2040 cum
647 1994 789 2040 adhuc
808 1996 1041 2039 obscurum
1058 2003 1183 2048 esset,
1211 1993 1319 2037 alius
1340 1994 1506 2037 oriente
1525 1993 1636 2051 sole,
1660 1994 1762 2055 quia

374 2076 417 2110 et
453 2067 542 2126 ipsa
577 2065 653 2109 lux
679 2065 1082 2125 quantulacumque
1112 2063 1295 2108 diluculi
1329 2062 1418 2107 sole
1441 2064 1594 2124 utique
1629 2065 1762 2108 fiebat

373 2138 561 2192 oriente,
585 2136 631 2180 id
653 2146 741 2191 est,
763 2136 817 2180 ad
836 2146 980 2180 ortum
998 2136 1223 2190 veniente,
1251 2145 1294 2179 et
1318 2133 1529 2193 fulgorem
1554 2151 1681 2179 suum
1705 2135 1760 2179 de

371 2225 462 2253 suae
483 2209 724 2268 praesentiae
747 2208 1070 2268 propinquitate
1093 2208 1299 2267 jactante.
1336 2208 1474 2258 Quam
1493 2205 1636 2250 lucem
1660 2206 1760 2266 qui-

371 2279 472 2324 dam
495 2279 640 2324 idiotae
662 2278 761 2323 solis
778 2294 867 2323 non
893 2293 982 2322 esse
1003 2285 1290 2338 putaverunt,
1314 2275 1389 2321 sed
1410 2276 1527 2320 illam
1547 2292 1636 2321 esse
1659 2293 1757 2337 quae

366 2351 567 2411 primitus
589 2349 765 2395 condita
785 2359 850 2394 est
869 2358 1103 2410 antequam
1126 2352 1240 2393 Deus
1265 2357 1422 2409 quarto
1450 2346 1520 2391 die
1547 2346 1757 2392 conderet

370 2421 520 2466 solem.

418 2527 426 2542 ¹
445 2520 547 2552 Judic.
569 2531 616 2561 ix,
640 2521 694 2562 32,
716 2520 767 2551 33.
792 2537 831 2541 —--
858 2526 869 2541 ²
885 2520 962 2550 Luc.
983 2529 1070 2558 xxiv,
1094 2529 1128 2558 13
1150 2521 1183 2549 et
1199 2519 1295 2549 Marc.
1319 2528 1384 2556 xvi,
1405 2526 1436 2547 2.
