1872 3267
315 303 582 342 QUAEs'noNEs
613 306 659 333 m
692 306 955 345 anrncum,
990 306 1074 333 Lm.
1110 307 1176 332 111.
1351 291 1434 331 355

579 420 816 470 QUAESTIO
843 422 909 461 lx.

107 522 311 565 Ori-Eam
345 524 521 566 arietem
559 522 614 566 ab
641 522 796 567 ovibus
825 522 916 566 sine
949 519 1148 575 macula,
1183 520 1352 579 pretio,
1395 519 1440 562 in

0 609 1 624 ¹
50 611 71 633 »
106 592 228 652 quod
259 593 488 654 deliquit¹.
518 613 537 635 »
570 597 668 640 Non
701 594 761 638 ita
788 591 1145 653 distinguendum
1180 600 1243 634 cst
1263 626 1273 645 ,
1311 591 1436 651 quasi

46 662 187 722 pretio
222 663 267 707 in
294 663 415 723 quod
436 663 694 724 deliquerit,
716 664 762 708 id
784 674 871 719 est,
899 665 944 708 in
970 662 1091 723 quod
1111 661 1300 722 pretium
1328 659 1437 704 deli-

48 732 143 793 quit
158 754 168 789 3
188 732 264 777 scd
279 734 312 778 si
329 734 485 778 offeret
501 735 698 790 arietem,
715 735 853 795 pretio
872 735 1041 788 offerat,
1058 732 1103 776 id
1116 741 1178 775 est
1190 767 1200 786 ,
1221 740 1434 790 emptum.

48 803 191 847 Etiam
211 804 295 849 hoc
318 806 433 849 enim
456 805 630 850 videtur
647 805 702 849 ad
725 814 1042 850 sacramentum
1071 802 1251 862 alicujus
1274 801 1437 859 signifi-

48 875 226 918 cationis
248 876 464 935 pertinere
485 875 671 921 voluisse
689 913 698 931 ,
730 877 937 937 quoniam
962 875 1151 935 pretium
1181 874 1325 933 ipsum
1349 888 1437 916 non

49 944 260 989 definivit.
281 948 391 991 Nam
413 948 444 990 si
469 947 719 1002 definiisset,
742 956 883 1007 posset
901 946 1036 989 videri
1058 946 1142 988 hoc
1166 943 1435 1003 proecepisse,

49 1031 104 1060 ne
122 1014 207 1060 vile
228 1032 359 1076 pecus
377 1017 624 1073 offerretur,
649 1028 699 1062 ut
721 1018 886 1062 etiamsi
912 1033 1001 1061 non
1023 1024 1186 1059 emeret
1210 1014 1286 1075 qui
1309 1014 1440 1058 offer-

49 1095 129 1142 ret,
151 1088 235 1130 tale
254 1096 401 1130 tamen
425 1087 602 1132 offerret
624 1089 744 1149 quod
768 1077 875 1132 tanti
898 1087 1073 1131 valeret.
1095 1085 1257 1130 Addito
1276 1094 1438 1139 autem,

49 1173 139 1202 non
157 1155 297 1202 solum
322 1178 342 1200 ‹<
362 1159 529 1215 Pretio,
554 1178 574 1200 »
600 1170 650 1204 ut
679 1170 851 1220 emptus
874 1159 981 1203 aries
1003 1157 1251 1212 offerretur,
1273 1171 1443 1199 verum-

50 1228 177 1273 etiam
209 1248 229 1270 «
256 1227 469 1273 Siclorum
501 1240 748 1275 sanctorum
764 1266 775 1286 ,
802 1250 821 1272 1)
848 1230 907 1274 ita
932 1229 1047 1273 enim
1077 1228 1182 1272 dicit
1208 1247 1216 1272 :
1252 1247 1272 1269 «
1298 1227 1441 1271 Pretio

56 1320 74 1342 »
109 1300 276 1360 argenti
291 1300 496 1346 siclorum
514 1302 618 1346 siclo
635 1312 785 1347 sancto
797 1304 830 1357 2,
850 1320 870 1343 »
893 1300 1060 1361 aliquot
1078 1298 1189 1344 siclis
1206 1308 1257 1343 ut
1274 1307 1443 1342 ematur

0 1371 2 1374 ’
51 1372 156 1417 aries
173 1408 183 1428 ,
209 1389 298 1417 non
321 1389 411 1418 uno
433 1372 537 1418 siclo
558 1373 713 1419 voluit.
741 1373 860 1427 Quid
881 1373 964 1417 sibi
986 1381 1132 1417 autem
1154 1370 1260 1416 velit
1288 1369 1442 1415 siclum

51 1453 268 1500 sanctum,
291 1446 379 1505 jam
401 1445 476 1488 ubi
496 1445 639 1489 visum
661 1454 725 1489 est
746 1444 1039 1488 disseruimus.
1061 1442 1191 1496 Quod
1216 1457 1318 1486 vero
1341 1457 1443 1485 cum

51 1515 252 1560 dixisset:
277 1535 297 1558 «
316 1519 374 1560 Et
388 1515 535 1560 delicti
557 1517 622 1560 sui
645 1515 800 1561 offeret
817 1516 1005 1560 Domino
1023 1514 1200 1558 arietem
1216 1513 1270 1557 ab
1289 1513 1444 1558 ovibus

0 1605 3 1616 r
53 1604 76 1628 »
110 1588 200 1631 sine
221 1587 391 1633 macula
412 1588 578 1647 pretio3
597 1603 606 1629 ε
630 1606 651 1629 1)
674 1586 834 1632 deinde
853 1585 1046 1641 addidit,
1077 1604 1096 1627 «
1122 1588 1174 1629 In
1191 1583 1311 1645 quod
1330 1583 1443 1628 deli-

0 1689 1 1693 *
55 1675 76 1700 η
111 1657 208 1718 quit
231 1677 240 1701 ;
267 1676 287 1699 »
313 1657 646 1715 intelligendum
668 1667 731 1702 est
747 1693 758 1713 ,
784 1658 830 1701 in
851 1657 898 1701 id
929 1656 1085 1701 offeret
1113 1655 1160 1699 in
1181 1654 1303 1716 quod
1331 1653 1443 1699 deli-

0 1761 1 1766 1
49 1730 145 1792 quit
171 1749 179 1774 :
204 1728 250 1773 id
270 1739 356 1784 est,
380 1729 427 1773 in
448 1745 543 1774 eam
562 1745 652 1774 rem
666 1765 678 1784 ,
701 1738 879 1789 propter
901 1743 997 1772 eam
1015 1742 1122 1771 rem.
1156 1745 1176 1768 «
1194 1728 1253 1770 Et
1275 1724 1443 1770 auferet

9 1847 13 1851 ⁸
52 1816 74 1840 »
108 1798 417 1859 holocarpoma
432 1798 554 1860 quod
574 1798 892 1859 consumpserit
907 1797 1019 1858 ignis
1035 1832 1045 1852 ,
1070 1794 1192 1841 illam
1212 1795 1445 1841 holocaus-

54 1886 76 1911 »
109 1865 237 1914 tosim
266 1869 321 1914 ab
350 1868 517 1914 altari4.
546 1888 566 1912 »
589 1869 706 1923 Quid
728 1867 921 1923 auferet,
959 1868 993 1912 si
1016 1875 1328 1926 consumptum
1350 1868 1445 1910 est?

51 1942 186 1986 ,Iussit
213 1942 327 1986 enim
349 1941 617 1992 sacerdotem
646 1941 818 1986 auferre
844 1948 943 2001 post
974 1939 1108 1984 totius
1129 1937 1268 1982 noctis
1295 1938 1443 1997 ignem

51 2011 374 2072 holocarpoma,
395 2011 440 2055 id
462 2021 547 2067 est,
565 2012 872 2056 holocaustum
889 2008 1011 2071 quod
1032 2008 1143 2068 ignis
1161 2024 1444 2068 consumpse-

53 2082 122 2126 rit.
143 2081 224 2126 Vel
250 2083 358 2142 quid
380 2083 461 2126 sibi
481 2082 578 2126 vult
600 2082 731 2126 etiam
752 2080 863 2125 illud
887 2078 1008 2140 quod
1026 2077 1194 2122 addidit
1224 2098 1232 2123 z
1269 2098 1290 2121 ‹<
1316 2078 1443 2123 Illam

57 2171 77 2194 »
110 2152 448 2197 holocaustosim
477 2173 486 2197 z
523 2171 557 2222 ρδ
583 2167 684 2196 cum
718 2152 803 2196 hoc
837 2149 1108 2209 intelligatur
1134 2148 1443 2209 holocarpoma

55 2223 173 2285 quod
204 2224 518 2269 holocaustosis
545 2244 554 2269 ;
586 2224 669 2268 nisi
697 2224 813 2268 forte
844 2221 955 2266 illud
984 2230 1048 2266 est
1078 2236 1233 2266 verum
1254 2221 1375 2281 quod
1397 2222 1443 2265 in

56 2288 246 2355 quodam
259 2311 399 2354 graeco
416 2296 688 2353 invenimus,
708 2310 798 2338 non
820 2293 935 2337 enim
959 2292 1042 2336 ait:
1073 2311 1094 2334 ι(
1114 2290 1295 2336 Auferet
1314 2291 1442 2336 11010-

59 2383 80 2407 »
113 2367 321 2426 carposim
338 2403 348 2423 ,
377 2386 396 2408 n
431 2365 532 2422 sed,
563 2386 582 2408 «
604 2365 788 2410 Auferet
808 2363 1118 2423 catacarposim
1136 2364 1168 2418 ⁵,
1196 2381 1216 2404 »
1242 2363 1327 2408 hoc
1349 2373 1440 2420 est,

57 2435 255 2498 reliquias
269 2437 516 2482 holocausti
533 2436 654 2498 quod
667 2436 776 2494 ignis
790 2451 881 2480 non
893 2433 1176 2493 consumpsit.
1197 2436 1282 2479 Has
1297 2443 1443 2479 autem

57 2506 275 2570 reliquiaS,
305 2508 427 2553 velut
449 2518 514 2554 est
535 2509 642 2553 cinis
664 2517 708 2552 et
728 2507 860 2552 carbo
876 2543 888 2562 ,
913 2505 1149 2567 appellavit
1170 2504 1291 2550 illam
1313 2506 1441 2551 holo-

107 2610 115 2626 ¹
136 2605 286 2646 Lev.V1,
314 2606 347 2637 6.
368 2622 409 2628 —
436 2605 514 2637 2111.
535 2617 568 2646 v,
599 2604 648 2636 15.
675 2621 716 2626 —-
738 2602 750 2625 3
770 2603 851 2635 Ibid.
872 2621 914 2626 -
938 2601 1019 2635 41d.
1040 2614 1085 2644 Vl,
1110 2613 1160 2634 10.
1182 2618 1224 2623 —-
1248 2599 1263 2622 5
1281 2601 1333 2634 Sic
1347 2602 1442 2636 hodie

14 2685 17 2690 .
59 2658 172 2702 legitur
189 2661 273 2703 apud
290 2672 358 2693 Lxx.

1216 2713 1281 2751 23.
