1872 3267
415 229 498 269 224
846 240 881 270 s.
916 240 1145 271 AUGUSTIM
1176 243 1356 271 Eriseom
1381 276 1387 287 ,

416 325 435 347 «
471 303 612 350 noluit
639 303 857 350 dimittere
878 306 1089 367 populum
1106 310 1135 351 1.
1160 325 1180 349 »
1207 311 1332 353 Certe
1354 321 1472 352 nunc
1505 322 1594 353 non
1621 307 1786 353 dictum

412 385 499 420 est:
525 395 544 417 «
571 378 852 435 Ingravatum
873 386 936 421 est
956 393 1029 423 cor
1052 379 1308 434 Pharaonis,
1329 397 1348 419 >›
1369 377 1442 422 sed
1466 397 1474 422 ε
1504 397 1525 420 «
1545 380 1790 438 Ingravavit
1849 433 1852 447 Ι

413 464 433 487 n
470 446 637 491 Pharao
670 462 744 491 cor
777 462 920 507 suum.
949 465 969 489 »
1008 449 1076 494 Sic
1097 449 1249 510 utique
1271 450 1317 493 in
1339 447 1542 493 omnibus
1562 448 1714 508 plagis.
1752 453 1789 495 Α

409 517 633 561 voluntate
659 517 821 577 quippe
842 518 1029 563 hominis
1050 529 1114 564 θεῖ
1141 520 1261 579 origo
1282 519 1489 565 vitiorum
1514 539 1523 564 ε
1557 529 1788 565 moventur

408 597 554 632 autem
588 588 724 632 causis
753 587 884 633 corda
907 589 1162 646 hominum,
1192 590 1294 635 talia
1325 590 1383 634 sic
1401 624 1412 645 ,
1446 588 1548 634 talia
1576 605 1677 635 vero
1699 591 1784 647 sic,

407 659 535 703 etiam
563 674 653 703 non
675 658 851 703 diversis
874 659 1011 704 causis
1039 675 1150 720 saepe
1177 660 1345 706 diverso
1368 660 1522 716 modo,
1547 661 1787 707 secundum

409 729 604 789 proprias
626 729 880 790 qualitates,
899 747 998 791 quae
1019 746 1070 774 ex
1085 731 1383 777 voluntatibus
1403 731 1600 777 veniunt.

911 827 1146 876 QUAESTIO
1176 831 1298 869 XXX.

467 947 487 970 «
509 930 673 973 mes
695 937 838 972 autem
864 928 1045 984 Pharao,
1070 929 1172 989 quia
1193 945 1283 974 non
1305 938 1367 974 θεῖ
1383 938 1607 974 mortuum
1630 928 1685 973 de
1703 945 1780 989 pe·
1832 965 1835 992 ἰ

406 1017 426 1040 »
462 999 634 1044 coribus
657 998 844 1043 filiorum
862 999 993 1043 Israel
1010 999 1149 1044 ullum
1165 1035 1175 1055 ,
1200 1000 1473 1059 ingravatum
1492 1010 1556 1044 est
1579 1016 1652 1045 cor
1668 1001 1783 1044 Pha·
1830 1017 1833 1027 ¹

413 1090 431 1111 ι»
467 1070 646 1115 raonis2.
672 1089 691 1111 υ
728 1071 958 1123 Quomodo
986 1087 1037 1115 ex
1065 1072 1288 1116 contrariis
1310 1073 1446 1116 causis
1470 1070 1583 1116 facta
1605 1081 1669 1115 est
1690 1072 1783 1116 haee

402 1141 639 1199 ingravatio
656 1141 796 1186 cordis
806 1143 1070 1186 Pharaonis?
1090 1143 1132 1188 Si
1143 1143 1256 1186 enim
1271 1152 1313 1186 et
1325 1159 1481 1202 pecora
1495 1142 1782 1187 Israelitarum

403 1221 689 1268 morerentur,
714 1222 819 1257 tunc
841 1213 1060 1258 videretur
1078 1229 1203 1258 causa
1224 1223 1472 1273 competens
1495 1229 1580 1275 qua
1601 1229 1675 1258 cor
1693 1215 1784 1274 ejus
1822 1246 1825 1264 ,

402 1283 700 1341 ingravaretur
718 1283 772 1326 ad
790 1284 1159 1328 contemnendum
1170 1287 1324 1340 Deum,
1342 1294 1549 1344 tanquam
1564 1283 1597 1328 si
1611 1293 1654 1328 et
1667 1284 1781 1342 magi
1820 1319 1823 1345 ς

401 1355 493 1414 ejus
516 1369 671 1413 pecora
697 1353 988 1398 Israelitarum
1012 1354 1211 1399 fecissent
1228 1355 1363 1400 mori:
1389 1371 1507 1399 nunc
1540 1370 1642 1399 vero
1665 1353 1781 1398 unde
1820 1349 1822 1359 ἱ

401 1425 555 1468 debuit
577 1425 631 1468 ad
654 1425 898 1470 timendum
919 1426 988 1471 vel
1005 1425 1272 1470 credendum
1292 1427 1455 1472 moveri
1473 1461 1483 1481 ‚
1506 1425 1656 1470 videns
1678 1425 1779 1470 nul-

400 1495 492 1538 lum
521 1511 650 1555 pecus
677 1505 900 1540 mortuum
934 1513 983 1540 ex
1004 1497 1231 1556 pecoribus
1255 1497 1563 1551 Hebraeorum,
1589 1496 1691 1540 hinc
1713 1497 1780 1540 in-
1813 1510 1816 1551 ξ
1866 1532 1872 1557 :r

400 1575 624 1624 gravatum
658 1575 752 1611 est:
778 1566 823 1610 id
858 1576 948 1622 est,
980 1566 1052 1610 iila
1088 1566 1329 1626 ingravatio
1363 1566 1492 1611 etiam
1525 1567 1612 1611 huc
1642 1582 1778 1627 usque

397 1651 618 1695 progressa
640 1645 717 1680 est.

901 1743 1136 1791 QUA‘Es'rlo
1170 1744 1307 1782 xxm.

453 1848 569 1899 Qum
584 1854 647 1889 est
663 1844 783 1904 quod
796 1843 899 1888 dicit
916 1847 1028 1888 Deus
1045 1843 1099 1887 ad
1111 1847 1256 1888 Aaron
1272 1853 1314 1887 et
1333 1846 1515 1901 Moysen
1533 1863 1541 1889 ;
1567 1863 1583 1885 «
1612 1845 1774 1889 Sumite
1802 1858 1803 1863 ¹

396 1933 416 1957 »
451 1916 573 1960 vobis
606 1915 752 1974 plenas
785 1930 938 1958 manus
969 1913 1130 1958 favillae
1163 1913 1216 1957 de
1250 1912 1451 1969 fornace,
1496 1923 1538 1958 et
1579 1914 1802 1974 aspergat'

396 2004 416 2026 »
451 1989 620 2042 Moyses
642 1985 686 2028 in
709 1986 870 2029 coelum
888 1999 1032 2028 coram
1052 1984 1275 2028 Pharaone
1293 1994 1337 2028 et
1353 1999 1498 2029 coram
1515 1984 1645 2028 servis
1663 1986 1768 2044 ejus,
1796 1990 1800 2036 ζ

398 2077 414 2098 »
450 2066 493 2100 θῖ
515 2056 588 2100 fiat
615 2055 752 2116 pulvis
775 2056 820 2099 in
844 2056 1040 2100 universa
1068 2065 1179 2099 terra
1202 2056 1438 2114 AEgypti3?
1461 2076 1476 2096 »
1509 2055 1637 2114 Signa
1658 2056 1770 2100 enim

391 2125 632 2186 superiora,
668 2126 786 2185 virga
820 2126 1004 2181 fiebant7
1037 2141 1169 2185 quam
1195 2140 1285 2169 non
1310 2128 1503 2182 Moyses,
1532 2125 1607 2169 sed
1630 2129 1769 2170 Aaron

388 2197 458 2242 vel
480 2196 740 2241 extendebat
762 2212 891 2256 super
913 2212 1070 2256 aquam
1096 2216 1104 2240 :
1132 2195 1200 2240 vel
1220 2211 1269 2240 ea
1293 2205 1450 2240 terram
1467 2197 1736 2256 percutiebat
1755 2216 1764 2242 :
1788 2210 1791 2254 J

389 2284 506 2312 nunc
542 2284 644 2312 vero
684 2268 947 2328 interpositis
985 2266 1158 2311 duobus
1194 2267 1322 2324 signis
1368 2267 1422 2310 de
1459 2268 1689 2325 cynomyia
1727 2260 1789 2311 et}

387 2354 593 2398 pecorum
623 2338 860 2393 mortibus,
899 2337 974 2382 ubi
1010 2353 1088 2381 nec
1122 2341 1265 2381 Aaron
1294 2353 1373 2381 nec
1401 2340 1569 2394 Moyses
1605 2335 1764 2398 aliquid
1783 2350 1787 2407 J

388 2424 521 2452 manu.
553 2408 716 2468 operati
749 2417 877 2463 sunt,
911 2407 1068 2452 dicitur
1099 2417 1147 2451 ‘ut
1179 2412 1346 2465 Moyses
1383 2406 1571 2452 favillam
1599 2414 1764 2467 spargat

387 2478 432 2522 in
453 2478 616 2523 coelum
648 2478 702 2522 de
732 2478 930 2533 fornace,
965 2486 1007 2520 ct
1035 2478 1147 2521 hanc
1176 2477 1305 2522 ambo
1339 2492 1509 2522 sumere
1533 2477 1781 2539 jubentur,r

1777 2542 1779 2562 1

435 2580 441 2596 ¹
460 2574 558 2606 Exod.
579 2584 645 2615 vni,
663 2574 713 2605 32.
739 2589 777 2596 —
799 2580 810 2595 ²
829 2573 875 2605 ld.
898 2583 941 2614 ix,
969 2581 999 2614 7.
1022 2589 1062 2594 —-
1082 2572 1240 2604 ³11⁷›id.8.

1862 1605 1868 1623 ss
