1872 3267
3 178 7 255 Ι
255 219 523 255 Quffisnonns
558 218 603 249 IN
636 217 1038 255 DEUTERONOMIUM‚
1075 217 1157 244 Lm.
1194 217 1235 243 v.
1353 204 1430 242 521

50 285 170 328 tuo¹.
202 301 222 324 »
251 287 319 328 An
343 298 420 343 per
442 284 526 328 hoc
559 281 765 343 prohibet
787 281 1048 342 parentalia,
1081 297 1180 342 quae
1208 280 1436 326 observare

50 363 197 412 gentes
214 353 379 398 solent?

550 440 786 490 QUAESTIO
819 442 989 481 XLVIII.

108 535 141 575 1.
164 535 295 577 «NON
317 531 558 592 praeteribis
577 531 631 575 ab
655 531 856 575 omnibus
878 530 1036 585 verbis,
1057 546 1157 590 quae
1175 545 1256 589 ego
1273 529 1437 575 mando

49 621 68 643 n
107 602 184 646 tibi
207 603 354 657 hodie,
380 603 528 647 dextra
543 612 619 646 aut
640 603 809 647 sinistra
828 603 890 646 ire
906 610 1003 662 post
1020 600 1123 646 deos
1148 601 1325 656 alienos,
1348 617 1436 646 ser-

48 692 69 715 »
104 673 194 719 vire
215 673 339 719 illis2.
366 674 511 728 Quaeri
535 683 692 734 potest,
713 673 936 735 quomodo
959 673 1091 733 possit
1112 671 1295 732 intelligi
1316 672 1377 717 ire
1392 673 1436 717 in

44 746 194 789 dextra
207 781 217 799 ,
239 745 314 806 qui
331 755 427 805 post
446 745 549 790 deos
567 745 728 790 alienos
751 745 847 789 ierit
867 745 1025 789 servire
1043 744 1150 801 illis3
1167 759 1267 788 cum
1287 744 1435 788 dextra

43 815 88 858 in
109 814 239 861 laude
261 825 466 876 ponatur,
492 815 602 860 illud
626 825 771 860 autem
797 831 1024 875 nunquam
1044 813 1322 859 laudabiliter
1344 815 1436 858 fieri

0 874 2 948 i
43 887 176 947 possit
200 906 209 932 ε
234 903 335 931 nam
359 897 401 932 et
429 887 550 948 quod
572 886 907 947 reprehenditur
929 887 973 930 in
1006 887 1074 930 via
1102 887 1229 941 vitae,
1256 887 1331 946 qui
1359 886 1437 930 de-

0 959 1 1001 Ϊ
42 957 176 1003 clinat
198 959 243 1002 in
265 958 417 1003 (lextra
435 995 445 1014 ,
472 975 561 1004 non
584 959 645 1002 ibi
679 975 727 1003 ea
755 957 1138 1018 reprehenduntur
1165 974 1265 1018 quae
1287 957 1435 1002 dextra

43 1038 144 1073 sunt
163 1065 173 1084 ‚
209 1028 285 1073 sed
303 1028 374 1073 ille
396 1030 471 1090 qui
494 1028 684 1073 declinat
706 1029 751 1072 in
773 1044 821 1073 ea
837 1065 848 1084 ,
880 1028 926 1073 id
953 1038 1037 1084 est,
1063 1029 1139 1089 qui
1162 1028 1243 1072 sibi
1266 1038 1433 1086 arrogat

41 1117 142 1161 (μνη
164 1101 240 1145 Dei
263 1111 379 1145 sunt.
408 1100 513 1145 Ideo
536 1100 696 1146 dicitur
717 1101 762 1144 in
787 1100 1028 1145 Proverbiis
1048 1120 1056 1144 :
1088 1120 1107 1141 α
1131 1102 1229 1145 Non
1247 1099 1437 1144 declines

46 1189 66 1213 ))
104 1173 144 1215 in
175 1171 323 1216 dextra
347 1182 421 1216 aut
445 1173 490 1216 in
511 1172 695 1216 sinistra.
722 1172 820 1215 Vias
843 1171 959 1215 enim
977 1187 1076 1232 quae
1107 1188 1129 1215 a
1153 1171 1313 1215 dextris
1336 1181 1437 1216 sunt

47 1260 66 1283 »
102 1243 223 1286 novit
242 1243 473 1288 Dominus:
498 1258 711 1302 perversae
735 1251 881 1287 autem
899 1251 1001 1286 sunt
1015 1258 1114 1302 quae
1131 1258 1153 1285 a
1169 1242 1389 1286 sinistris?
1413 1263 1431 1283 »

43 1316 160 1372 Ergo
183 1313 312 1358 bonae
328 1324 430 1358 sunt
446 1312 607 1357 dextrae
625 1330 732 1374 quas
749 1313 870 1358 novit
889 1314 1114 1358 Dominus.
1138 1315 1300 1359 «Novit
1321 1315 1434 1358 enim

47 1403 67 1426 «
103 1385 312 1429 Dominus
335 1385 424 1429 vias
441 1386 703 1444 justorun1⁴‚
723 1384 871 1428 »sicut
894 1385 939 1427 in
956 1383 1127 1428 Psalmo
1150 1384 1324 1442 legitur.
1346 1387 1437 1430 Cur

43 1470 145 1513 ergo
168 1453 335 1499 dictum
355 1455 408 1499 sit
427 1474 435 1499 :
466 1474 484 1496 «
510 1457 573 1500 Ne
596 1454 786 1499 declines
803 1456 847 1498 in
876 1454 1025 1499 dextra
1043 1490 1053 1509 ‚
1076 1473 1095 1495 n
1117 1465 1436 1516 consequenter

42 1525 232 1570 ostendit
246 1524 449 1570 addendo
467 1545 475 1571 :
496 1546 516 1567 «
535 1529 631 1585 Ipse
647 1526 762 1569 enim
779 1535 917 1570 rectos
934 1525 1064 1570 faciet
1085 1541 1234 1570 cursus
1251 1536 1348 1571 tuos
1360 1530 1389 1571 ⁵.
1411 1547 1429 1569 η

41 1597 166 1641 Absit
196 1605 344 1640 autem
376 1606 427 1640 ut
462 1595 653 1651 dextras,
679 1612 785 1657 quas
808 1597 931 1641 novit
961 1597 1193 1652 Dominus,
1226 1613 1434 1657 negemus

40 1682 130 1711 esse
160 1677 297 1711 rectas
325 1687 333 1712 :
359 1666 435 1711 sed
446 1703 461 1723 ,
487 1676 537 1711 ut
559 1666 667 1722 dixi,
695 1666 914 1712 declinare
936 1668 981 1711 in
1004 1684 1074 1712 eas
1099 1678 1184 1724 est,
1209 1685 1300 1714 non
1319 1669 1434 1714 illius

41 1739 211 1798 gratiae,
238 1739 313 1783 sed
341 1739 423 1783 sibi
444 1739 635 1783 tribuere
658 1739 770 1783 velle
793 1740 914 1799 quod
941 1750 1108 1785 rectum
1131 1750 1209 1785 est.
1235 1741 1434 1802 Denique

40 1818 89 1854 ut
104 1808 209 1864 dixi,
231 1809 429 1869 adjungit
449 1818 492 1854 et
514 1808 644 1853 dicit:
671 1829 691 1852 «
714 1813 811 1870 Ipse
829 1811 943 1854 enim
968 1809 1097 1855 faciet
1119 1820 1260 1857 rectos
1283 1828 1433 1857 cursus

41 1897 61 1919 n
99 1889 218 1934 tuoS,
243 1889 286 1924 et
309 1880 454 1924 omnia
477 1881 630 1925 itinera
654 1890 727 1925 tua
750 1881 792 1925 in
814 1897 920 1941 pace
938 1881 1166 1941 producet.
1192 1901 1212 1923 »

99 1955 157 1995 ΙΙ.
183 1954 460 2011 Quapropter
486 1952 570 1996 hoc
603 1952 724 2013 quod
746 1953 828 1997 isto
856 1953 953 1998 loco
988 1955 1340 2010 Deuteronomii,
1378 1954 1432 2000 (16

37 2038 125 2082 quo
144 2023 326 2082 agimus,
347 2023 513 2067 dictum
532 2032 613 2067 est:
635 2043 654 2065 «
672 2026 768 2069 Non
788 2025 1029 2084 praeteribis
1044 2025 1098 2068 ab
1118 2026 1322 2070 omnibus
1340 2042 1433 2070 ver-

41 2111 60 2134 »
96 2094 160 2138 bis
176 2130 186 2148 ‚
212 2110 312 2154 quae
335 2110 415 2153 ego
437 2093 597 2138 mando
620 2095 700 2138 tibi
716 2094 848 2139 hodie
863 2131 873 2150 ‚
898 2094 1047 2140 dextra
1066 2105 1141 2140 aut
1163 2097 1332 2141 sinistra
1347 2098 1426 2151 ire,

40 2182 60 2204 »
96 2173 192 2223 post
222 2163 325 2209 deos
354 2164 514 2208 alienos
539 2165 696 2209 servire
718 2165 799 2209 illis
817 2201 826 2219 ‚
855 2184 874 2207 »
901 2182 991 2210 non
1024 2167 1122 2211 ideo
1147 2167 1313 2211 dictum
1342 2178 1427 2224 cst,

37 2236 137 2295 quia
160 2234 220 2279 dii
243 2235 311 2279 alii
330 2244 513 2295 possunt
535 2236 663 2279 etiam
687 2236 730 2279 in
753 2235 912 2280 dextris
948 2237 1082 2296 accipi
1106 2257 1114 2282 :
1146 2237 1221 2281 secl
1245 2247 1319 2281 aut
1340 2248 1428 2283 tcr-

36 2321 139 2350 rena
160 2305 255 2349 loca
278 2306 517 2365 significata
539 2315 665 2360 sunt,
692 2306 794 2366 quia
813 2317 854 2350 ct
879 2308 922 2350 in
945 2307 1093 2351 dextra
1119 2318 1161 2352 ct
1185 2308 1228 2351 in
1258 2309 1426 2354 sinistra

36 2376 258 2420 habebant
283 2375 387 2420 alios
410 2375 513 2420 deos
536 2376 726 2421 colentes
744 2384 756 2418 'z
780 2379 950 2423 authoc
969 2378 1022 2422 (le
1047 2379 1126 2422 diis
1149 2378 1239 2422 aliis
1257 2395 1427 2439 separa-

38 2446 113 2489 tim
136 2446 511 2505 pronuntiandum
534 2456 622 2501 est,
649 2457 697 2491 ut
720 2447 808 2491 duo
826 2449 911 2492 sint
928 2464 1077 2493 sensus
1099 2469 1106 2494 :
1133 2448 1251 2493 unde
1272 2450 1427 2494 videli-

87 2537 94 2552 ¹
112 2533 203 2562 Dent.
223 2542 307 2573 xxvi,
330 2532 379 2574 14.
407 2549 448 2554 -—-
467 2539 479 2553 Ἰ
501 2532 545 2563 ῘιΙ.
562 2542 675 2570 xxviii,
702 2531 752 2573 1‘1.
773 2530 947 2566 --3P1·0v.
969 2544 1013 2571 iv,
1035 2542 1089 2575 Ως.
1104 2550 1144 2556 -
1159 2532 1173 2562 4
1190 2534 1266 2565 psal.
1288 2546 1310 2573 l,
1330 2535 1362 2566 6.
1384 2552 1425 2558 —-

41 2583 54 2607 5
72 2587 163 2618 Prov.
191 2597 237 2627 iv,
260 2595 312 2628 27.
