1872 3267
410 283 495 323 402
820 299 854 323 s.
890 296 1118 324 Auens-rim
1151 297 1331 324 El’lscom

408 361 569 404 matris.
595 363 704 406 Nam
720 369 866 420 postea
887 361 1090 420 prohibet
1109 370 1153 405 et
1172 375 1393 415 novercae,
1414 360 1491 404 ubi
1506 359 1613 404 dicit
1636 379 1657 403 «
1684 364 1789 405 Tur·
1840 363 1843 378 ‘

411 450 431 472 »
450 431 694 490 pitudinem
707 432 852 476 uxoris
865 432 998 491 patris
1010 432 1075 476 tui
1087 448 1176 476 non
1189 431 1397 476 revelabis
1409 452 1419 489 3
1433 431 1660 492 turpitudo
1672 432 1788 476 enim
1839 480 1841 486 A

411 519 432 543 »
456 501 587 560 patris
600 501 663 546 tui
679 511 742 546 est
767 521 775 546 :
804 520 824 543 »
850 501 927 545 ubi
949 502 1144 561 exposuit
1171 501 1393 563 quomodo
1410 502 1455 545 in
1476 511 1612 546 matre
1628 503 1785 547 utrius·
1838 539 1839 542 ,

402 587 489 632 que
505 572 558 616 sit
571 571 814 632 turpitudo,
841 571 887 617 id
904 582 983 629 est,
1004 574 1136 632 patris
1151 583 1194 618 et
1210 573 1358 618 matris
1376 572 1448 617 :in
1465 588 1650 618 noverca
1672 573 1788 617 enim

406 652 578 688 tantum
600 643 748 703 patris.

915 741 1152 791 QUAESTIO
1184 742 1284 781 LIX.

464 861 486 885 ι(
512 845 851 888 TURPITUDINEM
875 841 1031 887 sororis
1054 850 1142 886 tuae
1163 856 1214 886 ex
1231 851 1354 901 patre
1377 850 1456 886 tuo
1471 876 1482 898 ,
1516 850 1593 886 aut
1613 856 1665 886 ex
1690 856 1787 887 ma-

405 930 426 954 »
452 921 515 957 tre
538 922 612 958 tua
625 948 636 968 ,
661 929 760 974 quae
781 911 900 957 domi
914 921 977 956 est
998 920 1123 967 nata,
1148 911 1218 956 vel
1236 928 1335 972 quae
1352 910 1455 956 foris
1474 921 1574 956 nata
1591 920 1676 967 est,
1698 928 1789 958 non

404 1001 424 1024 »
446 982 671 1038 revelabis,
690 982 1007 1042 turpitudinem
1028 984 1220 1027 earum1.
1252 985 1361 1036 Quae
1382 982 1500 1027 domi
1522 991 1623 1027 nata
1651 991 1714 1027 est
1729 1018 1741 1038 ,
1763 1001 1785 1024 »
1836 995 1838 998 ’

397 1053 652 1113 intelligitur
673 1070 730 1104 exv
747 1063 891 1113 patre3
915 1072 935 1095 «
960 1055 1069 1106 Quae
1101 1051 1206 1098 foris
1235 1062 1337 1097 nata
1359 1062 1456 1109 est,
1486 1072 1506 1095 ν)
1531 1053 1788 1111 intelligitur

401 1139 452 1168 ex
481 1134 620 1169 matre
638 1159 648 1180 ,
674 1124 708 1169 si
729 1123 841 1169 sorte
863 1123 917 1168 de
939 1124 1081 1183 priore
1102 1124 1196 1168 viro
1227 1139 1323 1168 eam
1345 1133 1482 1171 mater
1518 1133 1784 1184 susceperat,

399 1203 443 1238 ct
463 1210 563 1239 cum
584 1194 656 1238 illa
676 1194 722 1237 in
744 1193 925 1238 domum
945 1203 1149 1249 venerat,
1174 1193 1353 1254 quando
1375 1194 1487 1254 patri
1509 1195 1599 1255 ejus
1620 1195 1784 1254 nupsit,
1820 1188 1826 1261 l

398 1280 531 1324 quem
559 1273 706 1308 monet
731 1264 976 1323 Scriptura,
1004 1280 1059 1307 ne
1092 1263 1254 1308 revelet
1284 1264 1602 1324 turpitudinem
1632 1265 1787 1309 sororis
1819 1265 1824 1331 l

398 1350 501 1378 suae.
530 1335 609 1378 Hic
631 1333 805 1379 videtur
821 1350 911 1378 non
934 1333 1232 1393 prohibuisse,
1258 1343 1301 1378 et
1322 1335 1443 1394 quasi
1466 1335 1786 1394 praetermisisse

396 1405 680 1450 concubitum
702 1420 801 1448 cum
825 1419 970 1449 sorore
1000 1403 1055 1448 de
1082 1413 1269 1465 utroque
1308 1414 1487 1464 parente
1515 1414 1616 1450 nata
1652 1425 1661 1450 ;
1696 1421 1787 1450 non

397 1475 513 1520 enim
531 1474 634 1519 dicit
653 1494 661 1519 ι
682 1494 702 1516 ‹<
724 1473 1059 1534 Turpitudinem
1081 1490 1171 1518 non
1200 1475 1410 1520 revelabis
1442 1476 1596 1521 sororis
1624 1485 1711 1520 tuae
1733 1491 1786 1520 ex

398 1554 520 1605 patre
533 1555 576 1589 et
596 1554 746 1600 matre,
775 1543 887 1588 »sed
915 1564 935 1586 «
959 1547 1025 1588 Ex
1058 1554 1180 1603 patre
1208 1554 1284 1589 aut
1311 1561 1363 1589 ex
1398 1556 1546 1591 matre.
1576 1564 1596 1587 »
1623 1549 1786 1590 Verum

397 1616 495 1677 quis
507 1632 598 1661 non
608 1615 754 1661 videat
767 1616 898 1660 etiam
911 1614 1023 1659 illud
1036 1631 1125 1660 esse
1140 1616 1411 1675 prohibitum
1424 1617 1562 1662 multo
1576 1617 1786 1662 maxime?
1812 1636 1816 1687 Ι

398 1687 442 1732 Si
465 1687 580 1731 enim
594 1686 798 1731 nonlicet
809 1685 964 1730 sororis
983 1685 1302 1745 turpitudinem
1319 1686 1509 1731 revelare
1523 1703 1575 1732 ex
1588 1686 1788 1747 quolibet
1810 1701 1815 1753 J

396 1768 575 1818 parente
598 1767 732 1814 natae,
759 1767 925 1818 quanto
946 1757 1083 1816 magis
1106 1772 1157 1801 ex
1180 1759 1397 1817 utroque?
1419 1758 1534 1811 Quid
1553 1767 1616 1802 est
1639 1767 1786 1803 autem

394 1830 515 1891 quod
538 1830 789 1889 interposita
806 1829 1101 1889 prohibitione
1129 1829 1385 1873 concubitus
1402 1864 1413 1882 ,
1435 1829 1565 1873 etiam
1580 1845 1681 1874 cum
1699 1829 1786 1874 suis

396 1902 626 1962 neptibus,
651 1902 737 1945 sive
760 1900 814 1945 de
846 1899 964 1955 filio,
1003 1899 1090 1943 sive
1125 1899 1179 1943 de
1208 1899 1318 1954 filia,
1355 1901 1550 1960 sequitur
1577 1910 1620 1944 et
1652 1900 1780 1954 dicit,

400 1992 420 2013 »
449 1971 781 2031 Turpitudinem
795 1969 896 2014 filiae
909 1969 1052 2013 uxoris
1066 1969 1196 2029 patris
1218 1970 1282 2014 tui
1304 1985 1392 2014 non
1411 1969 1677 2015 revelabis&
1694 1989 1714 2012 »
1742 1971 1784 2016 Si

399 2042 515 2086 enim
540 2044 625 2086 huc
648 2056 784 2101 usquc
805 2040 979 2085 dixisset
994 2075 1005 2094 ,
1040 2039 1377 2098 intelligeremus
1414 2042 1542 2085 etiam
1572 2057 1674 2086 cum
1697 2040 1783 2086 filia

396 2129 593 2158 novercae
616 2112 886 2172 prohibitum
908 2111 1038 2155 fuisse
1078 2111 1384 2167 concubitum,
1416 2127 1547 2173 quam
1568 2128 1619 2156 cx
1643 2112 1784 2172 priore

395 2183 488 2228 viro
510 2198 695 2227 noverca
719 2181 975 2242 peperisset,
1005 2196 1085 2225 nec
1112 2182 1240 2241 hujus
1272 2182 1348 2241 qui
1375 2182 1632 2241 prohibetur
1662 2198 1804 2256 soror-1

397 2263 505 2298 esset
521 2289 531 2309 ,
552 2252 617 2298 vel
643 2268 693 2296 cx
714 2261 857 2312 patre,
882 2251 951 2295 vel
973 2267 1023 2294 ex
1041 2260 1177 2295 matre
1197 2271 1206 2296 2
1227 2268 1328 2296 cum
1349 2268 1451 2297 vero
1467 2251 1650 2307 addidit,
1679 2271 1699 2294 «
1719 2256 1782 2296 Ex

402 2343 422 2366 n
449 2323 602 2369 eodem
624 2332 745 2383 patre
769 2337 888 2367 soror
913 2331 986 2366 tua
1008 2331 1092 2377 cst,
1118 2338 1207 2366 non
1229 2323 1435 2367 revelabis
1465 2317 1801 2382 turpitudinem!
1828 2333 1862 2376 {a

399 2413 419 2436 »
441 2396 531 2455 ejus
547 2429 557 2449 ,
581 2412 601 2435 »
622 2391 868 2437 manifestat
895 2392 949 2436 de
971 2407 1116 2436 sorore
1138 2391 1297 2437 factam
1320 2409 1409 2438 esse
1437 2394 1559 2438 istam
1582 2394 1782 2453 prohibi·
1844 2381 1846 2388 i

399 2465 585 2519 tionem,
611 2480 712 2508 cum
739 2463 870 2508 fuerit
902 2479 951 2507 ex
977 2472 1098 2522 patre
1119 2472 1162 2507 et
1183 2478 1234 2507 ex
1255 2480 1460 2519 noverca,
1486 2463 1541 2508 de
1577 2481 1664 2525 qua
1691 2465 1781 2523 jam

396 2538 592 2597 superius
612 2535 791 2580 dixerat.
813 2538 882 2579 An
901 2535 1000 2579 ideo
1017 2534 1175 2579 iterum
1199 2535 1281 2580 hoc
1305 2535 1492 2595 apertius
1516 2535 1655 2587 voluit
1676 2542 1799 2595 pro-

1803 2046 1807 2119 ί
1848 2063 1872 2109 tr

444 2640 453 2657 ¹
477 2634 580 2666 Levit.
600 2645 691 2676 xvm,
709 2645 741 2676 9.
758 2639 817 2656 —2
837 2632 918 2666 lbid.
943 2644 990 2665 11.
