1872 3267
373 242 457 281 556
799 253 832 280 s.
868 251 1098 282 Auons’mm
1130 252 1312 280 13121500121

368 317 630 363 sufficientes
652 325 808 373 terras,
840 326 884 362 et
909 317 963 362 ab
989 319 1048 363 eis
1069 334 1093 363 a
1112 316 1271 379 quibus
1306 316 1572 360 terrebantur
1594 317 1752 363 afflicta

368 389 449 443 sit,
485 387 530 431 in
551 387 628 435 Dei
649 386 828 448 quidem
860 398 1024 433 secreto
1058 387 1236 434 consilio
1261 402 1349 431 esse
1376 386 1646 432 credendum
1671 397 1749 433 est.

368 461 681 503 Verumtamen
695 473 794 502 cum
813 459 949 504 Jacob
969 458 1078 503 filios
1095 474 1193 503 suos
1210 456 1507 513 benediceret,
1533 457 1634 502 talia
1647 457 1767 502 dixit,

369 529 424 572 de
451 528 531 572 isto
559 531 675 584 Dan,
711 539 762 573 ut
792 529 846 573 de
876 530 967 590 ipsa
993 529 1113 574 tribu
1139 529 1409 573 existimetur
1450 538 1755 573 exurrecturus

369 598 658 643 Antichristus
675 601 706 643 ¹.
734 600 858 643 Unde
885 615 1003 644 nunc
1026 599 1169 644 dicere
1201 599 1328 658 plura
1359 614 1449 643 non
1471 599 1725 659 suscipimus
1741 634 1752 655 ‚

368 683 469 713 cum
491 669 620 712 etiam
640 669 699 714 sic
720 669 827 713 solvi
844 672 978 729 possit
993 671 1084 715 haec
1102 671 1283 730 quaestio
1295 705 1306 725 ‚
1324 670 1426 730 quia
1445 688 1465 712 «
1485 672 1584 715 Non
1598 669 1757 713 restitit

372 758 392 780 n
419 740 649 800 quisquam
672 749 772 784 ante
796 739 950 785 faciem
975 740 1149 786 illorum
1175 741 1230 784 ab
1254 741 1456 785 omnibus
1475 740 1658 784 inimicis
1681 755 1758 785 eo-

373 827 394 850 »
420 824 540 864 rum,
565 826 584 850 »
610 824 710 854 cum
732 811 862 855 simul
883 811 964 855 sub
988 812 1116 855 unius
1138 809 1259 854 ducis
1283 810 1466 870 imperio
1494 808 1659 853 bellum
1685 824 1760 868 ge-
1823 855 1826 870 ι

370 888 535 935 rerent7
561 889 796 940 antequam
818 880 997 941 singulis
1024 880 1226 926 tribubus
1248 895 1324 924 sua
1346 878 1623 926 defendenda
1645 878 1758 926 divi-
1823 875 1825 889 ¹

369 949 576 996 derentur
594 950 703 996 loca.

879 1073 1115 1123 QUAEsrlo
1148 1074 1287 1113 xxm.

434 1201 454 1224 «
479 1184 543 1226 ET
560 1183 605 1226 in
627 1183 841 1227 sacrificiis
864 1183 1121 1228 salutarium
1153 1186 1443 1229 nostrorum2.
1473 1202 1493 1226 »
1521 1184 1632 1238 Quia
1661 1184 1763 1244 plu-

373 1251 519 1296 raliter
536 1251 651 1296 dicta
673 1262 774 1297 sunt
795 1254 1021 1309 sacrificia,
1041 1253 1267 1314 pluraliter
1283 1255 1413 1298 etiam
1430 1254 1647 1299 salutaria.
1675 1254 1762 1300 Ubi

373 1321 688 1368 advertendum
712 1333 775 1368 est
805 1323 1084 1383 diligentius,
1120 1324 1489 1385 quemadmodum
1514 1325 1599 1370 diei
1627 1324 1762 1370 soleat

372 1394 627 1438 sacrificium
659 1394 875 1450 salutaris,
898 1396 1105 1455 quoniam
1123 1396 1156 1439 si
1189 1395 1411 1440 Christum
1445 1397 1757 1455 acceperimus,

373 1465 582 1525 quoniam
596 1465 685 1525 ipse
707 1465 848 1510 dictus
866 1475 929 1509 est
946 1465 1139 1510 Salutare
1162 1467 1239 1510 Dei
1255 1468 1287 1521 ³,
1305 1481 1395 1510 non
1408 1466 1596 1510 occurrit
1613 1481 1761 1527 quem-

374 1534 613 1579 admodum
646 1535 872 1596 pluraliter
899 1536 1034 1595 possit
1071 1537 1154 1580 hoc
1188 1537 1372 1579 verbum
1409 1535 1607 1595 intelligi.
1643 1539 1762 1581 Unus

374 1607 489 1649 enim
512 1607 721 1651 Dominus
741 1616 886 1651 noster
908 1609 1030 1651 Jesus
1053 1607 1274 1652 Christus4
1303 1627 1311 1651 :
1337 1607 1534 1667 quamvis
1561 1607 1762 1652 dicantur

373 1677 531 1722 Christi
554 1693 629 1736 per
651 1679 743 1738 ejus
757 1678 936 1736 gratiam
951 1712 962 1732 ⁷
990 1678 1100 1722 sicut
1117 1678 1160 1720 in
1179 1676 1349 1721 Psalmo
1365 1676 1546 1735 legitur3
1575 1697 1594 1719 «
1618 1678 1761 1723 Nolite

375 1767 395 1789 >›
414 1757 587 1806 tangere
600 1748 792 1793 Christos
809 1764 926 1792 meos
937 1750 968 1791 ⁵.
990 1747 1074 1793 Sed
1092 1757 1240 1791 utrum
1253 1746 1459 1792 salutares
1473 1747 1559 1792 dici
1578 1749 1756 1808 possint,

374 1819 441 1865 vel
460 1818 685 1875 salutaria,
711 1835 800 1864 non
827 1818 953 1864 facile
977 1818 1232 1864 audendum
1253 1828 1343 1865 cst:
1368 1817 1484 1864 solus
1516 1820 1632 1864 enim
1670 1820 1760 1880 ipse

380 1889 575 1934 Salvator
597 1890 802 1951 corporis.

867 2019 1100 2070 QUAEsrlo
1132 2019 1269 2060 XXIV.

434 2136 559 2187 Quon
589 2132 694 2177 dicit
727 2134 849 2177 Jesus
879 2132 934 2176 de
966 2148 1041 2176 sua
1075 2133 1396 2192 propinquante
1416 2142 1585 2177 morte:
1617 2151 1636 2175 «
1663 2135 1758 2192 Ego

376 2223 396 2245 »
423 2212 568 2247 autem
586 2218 758 2247 recurro
775 2203 904 2257 viam,
923 2202 1033 2246 sicut
1050 2211 1093 2246 et
1106 2217 1253 2247 omues
1271 2202 1343 2261 qui
1360 2217 1487 2261 super
1502 2204 1684 2246 terram⁰
1706 2223 1714 2248 :
1734 2222 1754 2244 η

372 2274 419 2317 in
451 2288 501 2316 ea
545 2273 899 2332 interpretatione
941 2288 1038 2332 quae
1066 2281 1129 2316 est
1163 2287 1213 2315 ex
1251 2271 1426 2316 hebraeo
1462 2272 1754 2328 inveniemus,

374 2362 393 2384 »
416 2341 634 2401 ingredior
650 2342 803 2387 viam⁷.
832 2360 852 2383 »
884 2345 948 2386 Ita
970 2358 1072 2400 crgo
1094 2341 1393 2401 accipiendum
1416 2351 1479 2385 est
1500 2341 1619 2402 quod
1645 2345 1752 2402 Sep-

375 2414 568 2472 tuaginta
583 2412 808 2469 dixerunt,
838 2431 858 2455 «
884 2415 1092 2468 Recurro,
1112 2430 1131 2453 >›
1158 2413 1267 2456 sicut
1283 2411 1527 2456 dictumest
1549 2412 1712 2457 homini
1738 2432 1746 2458 ε

415 2529 423 2545 ¹
448 2525 527 2555 Gen.
548 2532 759 2565 xmx,17.-·
778 2529 790 2544 ²
806 2524 914 2563 josue,
940 2533 1016 2563 xxii,
1032 2522 1084 2554 23.
1107 2539 1148 2544 —
1169 2520 1272 2555 3Luc.
1289 2532 1322 2562 11,
1340 2522 1391 2554 30.
1409 2537 1451 2545 ·—
1467 2519 1484 2550 4
1506 2533 1516 2553 ι
1539 2522 1696 2562 C01·.vlll‚
1712 2521 1750 2555 6.

370 2594 411 2601 --
430 2576 444 2602 ⁵
467 2578 544 2611 Psal,
569 2589 630 2620 cuv,
654 2577 703 2612 15.
723 2594 766 2603 ·-
779 2576 794 2602 ⁶
810 2580 904 2612 Josue
921 2589 1009 2620 xxm,
1035 2576 1086 2620 14.
1106 2595 1146 2602 —
1172 2585 1186 2613 7
1206 2578 1257 2611 Sic
1281 2577 1377 2611 habet
1399 2576 1530 2620 Vulgata
1548 2580 1670 2611 nostra.
