1872 3267
276 230 543 266 QUAESTIONES
574 231 620 258 ῐΝ
652 230 1055 268 ῡευτεηοΝοΜιυΜ,
1091 231 1173 256 uu.
1210 230 1251 256 v.
1368 217 1447 257 501

67 304 216 340 utrum
245 309 316 339 eos
339 293 502 339 medios
532 309 622 339 esse
651 294 859 349 voluerit,
883 304 932 339 ut
959 295 1114 356 quinto
1136 309 1314 355 quoque
1337 310 1452 339 anno

67 366 204 410 fieret.
226 364 392 409 Deinde
411 381 509 410 cum
529 365 613 409 ait:
645 384 664 407 «
689 368 746 409 Et
766 366 984 424 separabis
1015 364 1143 410 aliam
1166 365 1402 420 decimam,
1429 383 1450 407 »

66 436 165 480 satis
195 436 385 480 ostendit
418 445 534 480 extra
566 451 656 480 esse
684 434 824 491 illam,
850 452 980 496 quam
1010 435 1149 480 voluit
1182 452 1282 480 eum
1311 437 1453 495 ipsum

65 507 142 567 qui
175 508 303 551 offert
310 543 326 563 ,
350 506 614 551 manducare
647 522 748 551 cum
782 507 867 551 suis
900 516 942 551 et
976 507 1132 551 Levitis
1165 507 1210 550 in
1246 522 1297 550 eo
1329 506 1449 562 loco,

65 593 194 638 quem
228 578 438 622 Dominus
466 577 676 636 elegisset.
710 580 768 622 Et
796 578 910 622 hanc
937 578 1052 621 enim
1081 576 1208 621 aliam
1236 577 1451 622 decimam

65 649 176 692 intra
202 649 355 707 januas
377 663 474 692 suas
496 663 598 691 euin
624 664 786 707 ponere
815 648 1044 708 praecepit,
1070 663 1159 692 non
1182 646 1238 692 ad
1259 663 1360 692 eum
1382 647 1452 693 lo-

64 735 165 764 cum
187 719 379 774 deferre,
404 719 483 763 ubi
516 720 725 764 Dominus
758 735 802 764 se
830 719 970 764 voluit
999 720 1206 764 invocari.
1237 739 1258 762 «
1290 722 1347 764 Et
1373 735 1452 763 ve-

66 808 85 832 »
121 790 233 844 niet,
259 790 425 850 inquit,
452 791 642 846 Levites,
664 791 737 851 qui
762 807 850 836 non
880 791 1013 835 habet
1044 800 1212 851 partem
1241 807 1321 836 nec
1351 807 1452 851 pos-

65 880 85 902 »
120 861 350 905 sessionem
387 870 552 917 tecum,
583 871 626 906 et
656 863 909 922 peregrinus
941 872 984 906 et
1008 862 1200 923 pupillus
1232 872 1276 906 et
1299 862 1447 918 vidua,

64 949 86 973 »
120 932 194 992 qui
223 932 335 976 intra
352 941 497 992 portas
523 942 616 977 tuas
643 943 766 989 sunt,
792 943 835 978 et
856 933 1102 978 comedent.
1133 953 1153 975 »
1187 934 1300 978 Hinc
1334 943 1451 978 certe

61 1002 287 1047 manifeste
320 1019 473 1048 verum
508 1014 593 1059 est,
632 1021 720 1048 non
760 1005 884 1049 istam
929 1004 1143 1049 decimam
1179 1008 1319 1058 Deum
1358 1005 1452 1049 fieri

59 1072 244 1117 voluisse
267 1089 547 1120 communem
579 1075 617 1118 ei
647 1075 723 1135 qui
752 1074 902 1130 offert,
927 1084 970 1119 et
994 1075 1059 1118 his
1086 1074 1247 1135 quibus
1278 1075 1451 1136 impen-

59 1143 201 1188 denda
218 1153 306 1202 est,
327 1144 403 1188 sed
424 1144 507 1189 illis
535 1144 634 1190 solis
657 1145 822 1204 erogari
844 1161 938 1190 eam
950 1146 1098 1206 jussit,
1119 1146 1195 1206 qui
1218 1145 1337 1191 aliud
1359 1162 1448 1191 non

7 1263 13 1272 ¹
58 1213 291 1269 haberent,
323 1215 369 1258 in
402 1215 561 1274 quibus
592 1216 812 1275 praecipue
846 1216 1041 1260 Levitem
1084 1216 1243 1275 posuit.
1286 1236 1306 1258 «
1346 1220 1448 1261 Post

4 1307 12 1346 ᾗ
59 1302 80 1326 »
116 1293 280 1344 septem
309 1300 444 1329 annos
478 1285 609 1329 facies
640 1286 979 1330 remissionem1.
1010 1305 1029 1327 »
1063 1287 1143 1331 Hic
1174 1296 1290 1332 certe
1314 1289 1449 1332 mani-

58 1354 260 1411 festatur,
285 1356 508 1416 quomodo
541 1366 585 1400 et
618 1357 813 1416 superius
835 1356 1013 1413 dixerit,
1055 1376 1074 1398 «
1111 1361 1212 1402 Post
1245 1368 1330 1403 tres
1366 1375 1447 1403 an—

7 1453 9 1461 s
60 1443 81 1466 >›
115 1441 208 1470 nos.
233 1444 253 1466 »
278 1429 377 1472 Non
404 1426 520 1471 enim
543 1437 586 1471 et
607 1428 686 1472 hos
716 1437 882 1487 septem
905 1443 1041 1472 annos
1063 1427 1227 1473 medios
1258 1444 1347 1473 esse
1368 1446 1448 1474 vo-

56 1495 172 1541 luit:
204 1513 294 1542 uno
332 1513 511 1558 quoque
549 1514 665 1543 anno
707 1514 802 1542 eam
836 1499 930 1542 fieri
962 1500 1194 1559 praecepit,
1234 1509 1445 1562 ‘tanquam

0 1565 8 1612 Ι
53 1567 368 1612 sabbatismum
395 1584 625 1614 annorum.

557 1667 795 1716 QUAESTIO
827 1669 931 1706 xxi.

117 1786 136 1809 «
171 1771 378 1812 ATTENDE
399 1767 477 1811 tibi
496 1768 596 1827 ipsi,
623 1785 678 1812 ne
700 1770 776 1813 fiat
798 1770 983 1813 verbum
1007 1769 1231 1815 oecultum
1250 1772 1296 1816 in
1313 1772 1445 1818 eorde

57 1855 77 1879 υ
113 1847 189 1882 tuo
211 1839 438 1899 iniquitaS,
460 1838 607 1883 dicens
628 1859 636 1883 ;
664 1840 908 1898 Appropiat
938 1856 1077 1884 annus
1107 1843 1342 1900 septimus,
1366 1859 1445 1887 an-

58 1926 67 1949 )
111 1924 193 1953 nus
221 1909 506 1966 remissionis,
529 1917 571 1952 et
594 1908 858 1968 malignetur
885 1909 1038 1954 oculus
1067 1919 1168 1955 tuus
1191 1913 1236 1955 in
1264 1912 1442 1957 fratrem

68 1927 76 1949 s-

2 2039 6 2042 ·
57 1997 76 2020 »
113 1988 237 2024 tuum
260 1995 469 2039 egenum,
491 1990 534 2024 et
555 1996 644 2024 non
673 1980 836 2024 tribuas
859 1981 896 2024 ei
915 2000 924 2026 ε
945 1991 988 2025 et
1010 1981 1270 2027 exclamabit
1293 1983 1446 2029 adver-

57 2070 76 2093 »
111 2068 203 2096 sum
227 2062 270 2097 te
287 2052 342 2098 ad
360 2053 613 2108 Dominum,
629 2063 671 2098 et
689 2055 769 2098 erit
785 2054 830 2097 in
848 2064 890 2098 tc
907 2065 1137 2115 peccatum
1155 2063 1400 2117 magnum2.
1418 2078 1438 2100 ³>

0 2138 4 2162 ι
53 2123 284 2181 Magnifice
319 2123 542 2168 occultum
574 2124 759 2168 verbum
791 2125 875 2169 hoc
906 2125 1038 2184 dixit3
1069 2128 1278 2188 quoniam
1313 2144 1443 2174 nemo

54 2192 184 2237 audet
201 2194 284 2238 hoc
300 2193 445 2238 dicere
464 2194 541 2254 qui
562 2195 754 2253 potuerit
776 2196 982 2255 cogitare,
1008 2196 1108 2242 ideo
1125 2214 1214 2242 non
1237 2214 1327 2243 esse
1349 2215 1444 2244 mu-

55 2271 178 2307 tuum
212 2263 408 2309 dandum
441 2264 676 2323 indigenti,
706 2267 915 2326 quoniam
948 2269 1270 2330 appropinquat
1303 2286 1444 2315 annus

54 2334 332 2391 remissionis,
353 2350 454 2380 cum
489 2338 602 2380 Deus
628 2346 808 2396 propter
834 2337 1175 2384 misericordiam
1204 2349 1444 2402 utrumque

53 2407 322 2466 praeceperit,
345 2416 390 2450 et
412 2407 681 2452 commodari
699 2424 799 2452 cum
817 2410 1004 2470 quisque
1021 2410 1203 2469 indiget,
1221 2421 1263 2455 et
1281 2413 1444 2457 remitti

55 2491 168 2521 anno
197 2478 472 2523 remissionis.
505 2478 738 2532 Quomodo
777 2495 880 2538 ergo
917 2482 1254 2526 misericorditer
1290 2485 1442 2529 remis-

101 2578 110 2596 ⁸
135 2575 229 2605 Dent.
249 2585 304 2611 xv,
324 2583 355 2606 2.
377 2591 417 2597 —
439 2573 547 2613 ²1bid.
567 2585 599 2616 9.
