1872 3267
401 188 483 226 420
837 196 871 224 S.
907 198 1136 225 Aue-usum
1160 199 1339 224 EPISCOPI

401 266 562 309 minem
585 265 739 324 privet.
767 266 856 308 Cur
878 280 979 322 ergo
1004 263 1197 308 addidit:
1228 283 1247 305 «
1273 267 1329 307 Et
1353 273 1551 308 mortuus
1572 265 1726 320 fuerit,
1754 283 1775 307 >›

394 336 427 378 si
447 336 534 394 jam
560 334 642 378 hoe
658 334 748 392 ipso
768 332 1277 388 ostendithomieidium,
1303 334 1424 394 quod
1438 335 1625 378 animam
1644 335 1781 378 homi-

396 406 460 450 nis
482 404 764 465 percusserit,
790 404 835 447 id
856 413 918 448 est
934 440 945 459 ,
969 404 1056 448 vita
1085 405 1217 448 homo
1241 420 1264 447 3
1287 404 1557 463 percutiente
1589 405 1781 464 privatus

396 476 479 520 sit?
501 479 570 520 An
592 490 807 535 exponere
829 473 968 519 voluit
990 474 1212 535 quomodo
1236 475 1533 534 accipiendum
1559 474 1635 531 sit,
1661 473 1781 536 quod

397 546 588 601 dixerat,
612 545 800 590 hominis
823 545 1011 590 animam
1032 561 1274 606 percussam
1288 582 1298 602 ‚
1323 555 1366 590 ct
1382 546 1442 591 sic
1460 547 1543 591 ait:
1564 550 1653 592 «Et
1670 563 1782 592 mor-

402 636 422 658 »
459 626 557 661 tuus
580 616 739 660 fuerit?
764 634 783 657 »
805 625 1013 676 tanquam
1030 616 1216 661 diceret:
1242 617 1293 661 ld
1314 626 1392 672 est,
1418 627 1616 662 mortuus
1633 617 1780 673 suerit⁷

399 689 483 734 hoe
510 698 573 733 est
593 688 705 733 enim
720 723 730 743 ,
752 688 940 732 animam
964 688 1152 732 hominis
1174 686 1304 733 fuisse
1327 704 1586 749 percussam.

852 784 1087 834 QuAEsTIO
1118 786 1325 824 LXXXIX.

463 907 482 929 «
508 889 609 932 CUM
635 885 882 930 introieritis
907 886 952 929 in
984 895 1169 942 terram,
1205 902 1336 947 quam
1371 902 1451 946 ego
1479 888 1536 932 do
1569 887 1714 943 vobis,
1741 897 1785 932 et

404 978 424 1000 >›
462 957 721 1018 requieverit
738 966 849 1001 terra
864 992 875 1012 ,
902 972 1033 1017 quam
1051 972 1131 1016 ego
1153 956 1210 1001 do
1229 957 1351 1002 vobis
1367 993 1378 1013 ,
1394 959 1573 1002 sabbata
1594 957 1781 1003 Domini.

405 1049 425 1072 »
463 1032 544 1074 Sex
563 1028 685 1073 annis
706 1028 937 1073 seminabis
961 1043 1109 1086 agrum
1135 1038 1259 1072 tuum
1275 1064 1286 1084 ,
1316 1038 1359 1073 et
1375 1045 1447 1074 sex
1470 1030 1591 1074 annis
1614 1028 1787 1089 putabis
1822 1021 1826 1034 ¹

404 1121 424 1144 »
461 1101 631 1145 vineam
650 1109 785 1154 tuam,
807 1110 849 1144 et
864 1100 1147 1158 congregabis
1160 1100 1353 1144 fructum
1371 1102 1484 1161 ejus:
1505 1116 1619 1145 311110
1642 1110 1787 1145 autem

404 1192 424 1214 »
460 1171 644 1231 septimo
657 1171 851 1226 sabbata,
874 1171 1043 1231 requies
1066 1171 1146 1215 erit
1167 1180 1305 1226 terrae,
1327 1171 1505 1216 sabbata
1518 1172 1742 1216 Domi1101.
1763 1190 1784 1213 »

402 1243 635 1297 Quomodo
659 1241 993 1300 intelligendum
1011 1251 1074 1286 est
1091 1263 1101 1298 3
1120 1261 1139 1284 α
1155 1244 1266 1288 Cum
1281 1243 1530 1287 introieritis
1543 1244 1589 1286 in
1611 1252 1785 1298 terram,
1824 1236 1825 1239 ¹

406 1335 425 1357 >›
461 1330 592 1376 quam
611 1314 668 1358 do
690 1314 812 1358 vobis
831 1323 873 1358 et
894 1314 1152 1374 requieverit
1170 1323 1280 1358 terra
1297 1335 1308 1371 3
1329 1330 1401 1358 sex
1419 1315 1541 1358 annis
1559 1315 1789 1358 seminabis

408 1406 429 1429 »
467 1401 618 1445 agrum
651 1394 777 1429 tuum
795 1420 806 1440 ,
840 1394 922 1428 010.
951 1403 970 1425 1)
1006 1384 1127 1444 quasi
1161 1394 1266 1429 tune
1288 1385 1381 1428 fieri
1417 1394 1684 1445 praeceptum
1706 1385 1760 1429 sit
1775 1419 1785 1439 ,

407 1456 585 1518 quando
608 1465 722 1500 terra
753 1455 1032 1516 requieverit3
1064 1470 1164 1498 eum
1197 1464 1425 1515 propterea
1448 1465 1561 1499 terra
1595 1455 1788 1515 requies-

403 1537 488 1583 eat,
509 1526 715 1587 quoniam
737 1527 820 1570 1100
840 1526 902 1569 fit.
931 1525 1141 1585 Requiem
1159 1526 1275 1569 enim
1292 1535 1417 1570 terrae
1433 1526 1617 1586 septimo
1634 1526 1790 1585 utique

403 1615 518 1644 anno
535 1596 631 1643 vult
647 1596 828 1655 intelligi
843 1631 853 1651 ,
876 1611 964 1655 quo
973 1596 1100 1655 jussit
1122 1596 1231 1640 nihil
1253 1597 1299 1640 in
1321 1612 1370 1640 ea
1395 1612 1659 1657 quemquam
1683 1612 1790 1656 ope·
1822 1601 1825 1608 ’

404 1670 488 1715 rari
512 1684 587 1728 per
619 1666 942 1726 agriculturam.
973 1666 1055 1710 Sed
1077 1666 1282 1710 nimirum
1312 1666 1492 1726 longum
1514 1667 1791 1726 hyperbaton

405 1741 509 1786 facit
525 1738 831 1784 obscuritatem
852 1737 952 1780 huie
970 1737 1127 1780 sensui.
1154 1737 1337 1780 Videtur
1355 1752 1457 1795 ergo
1477 1737 1547 1781 hie
1572 1753 1660 1781 esse
1683 1736 1791 1781 ordo

407 1812 640 1858 verborum
673 1829 682 1854 ε
723 1829 743 1850 «
768 1811 879 1853 Cum
911 1807 1159 1852 introieritis
1182 1808 1226 1851 in
1259 1817 1435 1863 terram,
1468 1824 1601 1869 quam
1628 1823 1706 1867 ego
1734 1808 1791 1852 do
1822 1837 1826 1850 .

409 1903 429 1924 »
466 1881 603 1936 vobis,
625 1889 669 1924 et
684 1878 944 1939 requieverit
963 1886 1074 1921 terra
1091 1913 1100 1933 ,
1127 1894 1258 1938 (1113111
1277 1893 1355 1936 ego
1373 1877 1429 1923 (10
1446 1879 1584 1934 vobis,
1610 1879 1791 1923 sabbata
1822 1893 1826 1960 1

409 1972 430 1995 1)
466 1951 641 1997 Domini
666 1970 673 1995 :
705 1966 804 2010 quae
825 1948 879 1992 ab
897 1963 941 1993 se
961 1958 1146 2007 surgunt
1168 1964 1318 2007 agrum
1333 1952 1349 1975 ‘²
1372 1957 1497 1993 tuum
1521 1965 1608 1993 non
1630 1958 1764 1992 metes
1779 1983 1790 2004 ‚

409 2043 430 2065 )›
466 2033 508 2067 ct
530 2037 659 2066 uvam
691 2019 1039 2065 sanctificationis
1069 2029 1153 2063 tune
1180 2036 1269 2064 11011
1298 2019 1582 2064 vindemiabis
1610 2039 1618 2064 :
1653 2035 1793 2064 annus

411 2114 431 2136 »
468 2091 764 2154 requiescendi
792 2091 871 2134 erit
906 2100 1042 2134 terrae.
1079 2094 1135 2134 Et
1164 2100 1291 2134 erunt
1324 2091 1504 2135 sabbata
1537 2100 1660 2134 ter-rae
1698 2107 1793 2136 esca

411 2184 432 2206 >›
471 2164 571 2219 tibi,
603 2172 646 2207 et
666 2177 801 2222 puero
825 2170 901 2205 vtuo
916 2196 926 2216 ,
952 2170 994 2204 01
1012 2160 1168 2219 puellae
1201 2170 1288 2205 tuse
1303 2196 1314 2216 ,
1340 2170 1382 2205 01
1404 2161 1668 2205 mercenario
1691 2171 1790 2217 1110,

414 2254 434 2277 »
471 2244 514 2279 et
536 2233 749 2294 inquilino
772 2231 847 2293 qui
866 2231 1094 2291 applicitus
1117 2241 1178 2276 est
1204 2231 1258 2276 ad
1278 2241 1343 2287 10,
1366 2241 1408 2276 01
1432 2232 1660 2291 pecoribus
1686 2233 1790 2287 tuis,

413 2325 434 2348 >›
470 2315 514 2349 et
536 2304 681 2349 bestiis
703 2319 801 2364 quae
823 2311 924 2347 sunt
948 2302 992 2345 in
1015 2311 1126 2345 terra
1158 2312 1251 2357 1113,
1287 2318 1416 2346 omne
1447 2302 1566 2362 quod
1595 2313 1793 2347 nascetur

414 2395 435 2419 >>
472 2392 522 2420 ex
543 2391 593 2419 eo
617 2374 661 2418 in
683 2389 837 2418 eseam.
872 2392 891 2414 »
928 2374 1192 2432 Inter-posuit
1224 2382 1366 2416 autem
1395 2372 1654 2432 exponendo
1680 2388 1794 2433 quo—
1830 2387 1831 2390 ¹

414 2446 548 2492 modo
570 2456 682 2490 terra
695 2445 950 2506 requieseat,
966 2452 1010 2488 et
1027 2444 1106 2490 ait:
1126 2464 1145 2485 «
1160 2446 1240 2488 Sex
1256 2443 1377 2487 annis
1397 2444 1629 2488 seminabis
1643 2459 1793 2503 agrum
1822 2466 1830 2503 ‘.

465 2539 473 2556 ¹
495 2531 599 2567 Levit.
616 2541 691 2573 xxv,
709 2529 775 2571 2-4.
797 2546 838 2552 --
856 2536 867 2552 2
882 2529 916 2562 Id
935 2533 979 2560 est
993 2553 1002 2571 ,
1018 2527 1059 2561 cle
1078 2540 1159 2572 agro
1176 2536 1241 2561 zuo.
