1872 3267
0 1773 12 1935 l

0 2005 5 2019 Vr

2 2157 5 2166 r

346 300 612 336 Qtffls'noims
646 302 689 328 m
724 302 926 341 Exontiu,
964 305 1044 331 Lm.
1083 306 1128 331 11.
1345 293 1425 332 337

43 380 153 419 runi,
179 366 520 421 etOccidentali‚
549 367 623 410 ubi
639 377 763 412 erant
779 367 996 413 columnae
1012 379 1127 426 octo,
1152 369 1432 431 quadragena

41 435 372 482 distribuantur.
400 437 587 482 Proinde
621 439 665 482 in
698 438 930 499 capillaciis
960 440 1084 497 velis,
1117 441 1326 502 quoniam
1349 442 1429 486 de·-

44 506 187 551 tractis
206 508 381 566 triginta
404 508 562 553 cubitis
589 517 780 554 trecenta
803 511 1037 566 restabant,
1064 511 1098 556 si
1120 512 1325 558 trecentis
1349 529 1429 558 cu-

43 577 142 621 bitis
173 578 498 638 capillaciorum
529 579 723 624 velorum
747 615 758 636 ,
797 581 1229 640 ducenta-octoginta
1270 599 1430 643 coope-

41 647 206 693 riantur
228 648 482 705 auheorum,
507 650 566 694 ita
589 661 848 710 supererunt
864 653 1034 712 viginti,
1060 663 1106 698 ut
1122 668 1212 699 non
1235 653 1289 698 sit
1309 654 1430 714 quod

41 734 91 763 ex
129 720 188 764 eis
226 728 410 779 tegatur.
453 721 641 766 Proinde
678 721 768 767 duo
804 722 878 768 illa
916 723 1062 769 cubita
1080 759 1091 780 ,
1129 740 1229 785 quae
1261 724 1432 784 singula

41 789 263 851 capillacia
284 790 381 851 plus
403 792 590 848 habent,
616 807 667 836 ex
689 793 849 853 quibus
881 809 1050 839 summa
1077 794 1232 854 viginti
1254 795 1433 841 cubito-

43 877 139 906 rum
163 860 344 908 collecta
379 871 464 919 est,
496 863 555 908 sic
583 862 884 909 distribuenda
917 874 1045 922 sunt,
1081 884 1101 908 «
1136 866 1348 912 Cubitum
1380 883 1432 912 ex

45 951 64 974 »
80 934 179 989 hoc,
196 934 446 979 etcubitum
459 936 618 991 exhoc,
638 935 716 980 »id
729 945 807 991 est,
828 951 883 980 ne
897 937 1042 982 omnia
1054 937 1100 982 in
1113 953 1247 982 unam
1265 948 1434 999 partem

41 1014 278 1064 cogantur,
304 1015 355 1050 ut
380 1007 610 1067 proficiant
632 1007 876 1068 operiendis
897 1007 1106 1053 lateribus
1129 1009 1430 1065 tabernaculi,

41 1075 117 1121 sed
139 1076 366 1121 exterioris
384 1077 504 1132 atrii,
525 1077 571 1122 id
588 1087 672 1134 est,
699 1079 842 1124 omnia
866 1078 940 1124 illa
964 1088 1158 1125 trecenta
1181 1080 1328 1125 cubita
1355 1097 1434 1126 ve-

41 1145 183 1193 lorum
211 1147 537 1209 capillaciorum
574 1150 836 1195 extrinsecus
866 1150 1202 1196 tabernaculum
1237 1152 1437 1212 cingant.‘

41 1218 267 1280 Adjunctis
287 1221 449 1281 quippe
466 1219 676 1266 lateribus
698 1221 795 1265 atrii
812 1222 1032 1266 exterioris
1049 1233 1285 1268 centenum
1308 1224 1436 1270 cubi-

43 1301 207 1347 torum,
233 1290 277 1335 id
299 1300 386 1346 est,
413 1291 559 1336 Austri
582 1300 625 1335 et
657 1291 907 1352 Aquilonis,
939 1293 1252 1355 quinquagena
1284 1296 1435 1341 cubita

41 1371 272 1422 supersunt
299 1362 487 1407 Orientis
520 1372 563 1407 et
593 1362 867 1420 Occidentis,
894 1381 994 1425 quae
1028 1366 1172 1410 omnia
1205 1367 1318 1411 fiunt
1350 1377 1435 1412 tre-

42 1444 166 1480 centa
182 1470 192 1490 ,
217 1434 376 1495 quibus
399 1433 697 1494 cooperiendis
719 1435 1043 1495 capillaciorum
1065 1447 1316 1483 trecentena
1338 1439 1436 1484 suf-

44 1506 209 1551 ficiunt.
236 1509 329 1551 Hoc
351 1516 415 1551 est
436 1505 557 1567 quod
577 1506 636 1550 ait
660 1526 669 1550 2
698 1526 718 1548 «
738 1507 949 1552 Cubitum
970 1524 1021 1551 ex
1038 1509 1145 1564 hoc,
1168 1518 1212 1553 et
1233 1510 1435 1555 cubitum

45 1595 64 1618 >2
82 1593 134 1621 ex
155 1577 239 1621 hoc
267 1596 276 1621 ι
306 1596 325 1618 »
351 1576 396 1621 id
418 1575 764 1631 est,distributio
778 1576 967 1622 duorum
980 1578 1231 1623 cubitorum
1247 1615 1257 1635 ,
1272 1581 1436 1641 quibus

43 1648 393 1709 unumquodque
423 1648 571 1693 velum
607 1647 881 1709 capillacium
917 1649 1088 1708 longius
1123 1660 1208 1707 est,
1249 1653 1333 1698 hoc
1371 1662 1435 1698 est

47 1738 66 1761 «
90 1723 158 1764 Ex
180 1735 230 1763 eo
253 1719 375 1780 quod
391 1728 567 1779 superat
593 1718 698 1763 velis
723 1720 777 1763 de
808 1719 1085 1778 longitudine
1106 1721 1327 1778 velorum,
1354 1724 1437 1769 erit

46 1808 66 1832 »
92 1800 326 1850 contegens
354 1806 484 1850 super
504 1790 640 1835 latera
657 1791 928 1836 tabernaculi
956 1812 963 1836 :
999 1811 1018 1834 »
1045 1792 1118 1837 illa
1139 1793 1300 1839 seilicet
1315 1805 1436 1840 exte-

45 1862 178 1917 riora,
220 1877 320 1922 quae
353 1860 409 1905 ad
440 1861 598 1905 atrium
628 1861 868 1920 pertinent,
906 1882 925 1905 «
957 1863 1070 1908 Hinc
1092 1873 1223 1925 atque
1255 1866 1357 1911 hinc
1386 1877 1438 1911 ut

47 1932 248 1992 »operiat
273 1951 280 1975 ;
307 1951 325 1973 »
344 1948 424 1976 nec
445 1931 516 1976 illa
535 1931 668 1991 ipsius
686 1933 798 1989 atrii,
819 1950 919 1993 quae
937 1936 1128 1980 centenis
1142 1937 1300 1981 cubitis
1316 1939 1436 1983 etvi—

45 2003 158 2047 cenis
180 2001 394 2047 columnis
417 2001 683 2061 tenduntur3
706 2003 796 2063 ipsa
819 2004 935 2048 enim
959 2021 1052 2050 non
1072 2016 1175 2050 sunt
1198 2006 1312 2052 facta
1340 2008 1435 2054 lon-

47 2073 184 2132 giora,
209 2088 342 2134 quam
366 2072 440 2116 illa
468 2073 680 2118 interioris
703 2074 972 2119 tabernaculi
995 2093 1094 2137 quae
1116 2077 1268 2123 decem
1286 2079 1435 2126 aulaeis

2 2183 5 2201 2
49 2140 310 2200 te‘nduntur,
348 2154 391 2189 et
411 2144 584 2189 vicenas
608 2145 733 2189 etiam
755 2145 846 2205 ipsa
868 2146 1092 2193 columnas
1114 2149 1293 2195 habent.
1323 2155 1434 2198 Nam

3 2216 5 2224 ’
45 2215 378 2262 sicutinterioris
396 2216 665 2261 tabernaculi
683 2216 772 2261 duo
788 2217 923 2262 latera
945 2219 1000 2263 ab
1020 2220 1237 2280 Aquilone
1252 2232 1295 2267 et
1317 2227 1432 2270 Aus-

48 2294 113 2331 tro
145 2286 338 2331 centenis
366 2287 522 2332 cubitis
550 2286 862 2346 porriguntur,
897 2288 956 2333 ita
988 2298 1032 2333 et
1062 2291 1280 2337 exterioris
1314 2297 1428 2341 atrii.

47 2358 141 2402 Non
168 2374 271 2418 ergo
304 2358 360 2402 ad
387 2358 478 2418 ipsa
500 2358 713 2403 exteriora
745 2359 929 2404 totidem
962 2361 1265 2409 columnarum
1297 2365 1433 2415 latera

48 2428 231 2487 tegenda
258 2427 581 2490 capillaciorum
613 2429 808 2475 velorum
846 2432 1019 2491 proficit
1050 2432 1305 2493 longitudo,
1343 2457 1432 2500 qua

47 2496 365 2558 longitudinem
407 2509 613 2560 superant
655 2500 909 2547 aulaeorum.
951 2507 1139 2550 Tantum
1173 2509 1288 2552 enim
1325 2511 1434 2559 dant

48 2571 328 2616 exterioribus
349 2571 573 2626 lateribus,
598 2581 813 2632 quantum
830 2583 873 2618 et
893 2574 1171 2631 interioribus
1193 2578 1362 2637 darent,
1383 2584 1431 2630 id

49 2651 126 2698 est,
143 2642 288 2688 cubita
302 2652 501 2700 centena,
521 2659 620 2704 quae
637 2644 751 2689 fiunt
769 2643 959 2692 ducenta
976 2666 985 2692 :
1010 2647 1087 2692 sed
1104 2649 1206 2709 quia
1222 2649 1432 2704 lateribus

232 2724 357 2756 exm-
1214 2722 1267 2762 22
