1872 3267
399 286 666 321 QrffisTIONEs
699 287 743 313 ιΝ
776 287 984 323 ExonrM,
1023 289 1103 315 Lus.
1142 290 1188 314 ιι.
1403 279 1486 318 333

98 357 219 409 parte
245 347 507 394 Occidentis.
543 369 563 391 «
588 353 645 394 Et
667 350 883 396 columnae
902 387 912 406 ,
938 352 1102 413 inquit,
1137 368 1288 397 eorum
1313 362 1420 410 tres,
1445 365 1488 399 et

99 438 120 460 »
147 419 269 464 bases
288 435 437 465 earum
466 430 566 466 tres.
593 424 651 465 Et
672 437 695 465 a
724 421 853 466 dorso
875 423 1067 467 secundo
1091 423 1194 467 hinc
1217 433 1261 467 ct
1291 425 1396 469 hinc
1419 440 1483 469 se-

99 508 120 531 »
147 489 342 535 cundum
356 500 525 551 portam
549 491 646 536 atrii
670 491 806 536 aulaea
823 492 1075 553 quindecim
1098 493 1348 539 cubitorum
1378 515 1387 540 ε
1411 511 1487 541 co-

98 579 119 601 »
144 560 308 606 lumnae
325 577 475 606 eorum
496 571 580 606 tres
596 597 606 614 ,
630 571 673 606 ct
696 562 817 607 bases
832 579 981 607 earum
1004 573 1089 608 tres
1114 567 1144 607 ¹.
1168 564 1488 610 »Manifestum

95 640 160 676 est
181 641 297 677 certe
321 633 472 678 eadem
490 632 580 678 duo
603 633 728 678 dorsa
751 632 836 678 dici
857 634 1077 690 hocloco,
1103 650 1204 680 cum
1225 651 1489 682 commemo-

94 713 248 748 rantur
270 705 416 749 omnia
439 704 812 766 quemadmodum
830 706 945 750 facta
964 707 1065 762 sint,
1091 722 1190 767 quae
1211 705 1347 751 latera
1369 706 1488 752 dice-

94 774 257 820 bantur
273 811 283 830 ,
310 776 490 837 quando
512 776 849 836 praecipiebatur
871 786 921 821 ut
941 777 1121 822 fierent:
1146 777 1281 822 latera
1303 777 1484 834 scilicet,

92 845 195 907 quia
217 846 320 891 hinc
350 855 481 907 atque
503 847 605 891 inde.
640 849 873 908 conjuncta
902 857 1040 908 portae
1071 848 1361 894 Occidentalis
1391 850 1487 895 atrii

92 917 281 978 spatium
303 917 629 963 concludebant
655 939 663 964 ;
694 919 819 964 dorsa
845 935 963 975 vero,
990 918 1109 980 quod
1134 935 1157 964 a
1186 928 1309 979 tergo
1336 921 1485 966 taber-

91 988 237 1033 naculi
255 998 346 1033 erat
367 989 461 1033 haec
483 1005 580 1050 pars
603 990 715 1045 atrii,
737 990 783 1034 id
805 1000 883 1046 est,
910 1007 933 1034 a
954 1000 1076 1050 parte
1098 990 1384 1036 Occidentem.
1409 996 1486 1038 Se-

90 1059 240 1120 quitur
263 1069 408 1104 autem
431 1069 474 1104 et
496 1060 615 1116 dicit,
644 1061 835 1105 «Omnia
852 1061 990 1105 aulaea
1014 1062 1110 1106 atrii
1132 1062 1187 1105 de
1204 1062 1334 1120 bysso
1354 1071 1483 1118 torta,

93 1148 114 1172 »
139 1140 183 1175 et
206 1130 328 1175 bases
355 1131 660 1176 columnarum
684 1147 829 1186 zercae,
858 1141 901 1175 et
923 1148 1037 1176 ansae
1067 1147 1216 1176 earum
1240 1143 1457 1192 argenteas
1472 1170 1483 1189 ,

92 1220 113 1243 »
140 1211 184 1246 et
204 1202 346 1262 capita
369 1218 519 1246 earum
545 1203 817 1261 inargentata
840 1212 1046 1261 argento,
1071 1213 1114 1247 et
1135 1202 1351 1248 columnae
1374 1205 1487 1249 inar-

92 1291 112 1314 »
139 1282 327 1332 gentatae
347 1283 548 1332 argento,
573 1289 724 1318 omncs
751 1273 967 1318 columnae
990 1275 1086 1318 atrii
1104 1278 1140 1318 2.
1167 1293 1186 1316 »
1213 1275 1381 1319 Deinde
1404 1275 1484 1320 ad-

83 1343 253 1404 jungit,
269 1343 390 1405 quod
402 1343 601 1388 nondum
616 1344 697 1388 isto
711 1343 809 1389 loco
823 1355 1263 1402 commemoraverat,
1283 1366 1303 1388 «
1320 1346 1486 1391 Etvela

91 1416 362 1460 »memorati
398 1416 491 1460 atrii
523 1431 632 1475 opus
659 1417 909 1472 variatoris,
944 1417 998 1461 de
1030 1418 1272 1475 hyacintho
1304 1428 1349 1463 et
1378 1435 1486 1479 pur-

90 1505 110 1528 »
129 1503 238 1548 pura
259 1497 301 1531 et
321 1503 450 1532 cocco
469 1497 570 1532 neto
589 1497 632 1531 et
646 1488 776 1546 bysso
794 1497 907 1532 torta
923 1509 934 1546 3
952 1488 1108 1547 viginti
1123 1489 1371 1534 cubitorum
1390 1489 1485 1535 lon-

90 1578 110 1600 »
134 1557 378 1618 gitudinem
400 1566 444 1602 et
460 1557 740 1602 latitudinem
761 1561 793 1602 3.
823 1578 842 1600 »
862 1561 976 1603 Ecce
999 1560 1076 1603 ubi
1092 1570 1272 1620 apparet
1286 1561 1483 1606 eamdem

87 1629 247 1674 dictam
273 1629 469 1689 superius
488 1628 764 1672 altitudinem
785 1666 795 1684 ,
819 1645 918 1689 quae
941 1628 1181 1674 aulaeorum
1204 1641 1482 1677 extentorum

86 1699 230 1744 suerat
250 1698 496 1758 longitudo.
523 1699 721 1759 Denique
748 1698 884 1754 addit,
921 1703 1018 1744 «Et
1040 1699 1319 1746 latitudinem
1348 1703 1482 1762 quin-

88 1790 109 1813 »
135 1786 221 1832 que
238 1770 504 1815 cubitorum.
529 1789 548 1811 ³>
578 1773 660 1814 Tot
676 1771 791 1814 enim
814 1771 973 1815 cubitis
994 1771 1236 1817 latitudinis
1259 1774 1485 1833 erigeban-

89 1852 158 1887 tur
176 1842 359 1889 tentoria
374 1841 594 1885 exterioris
608 1841 718 1896 atrii,
741 1841 852 1886 sicut
868 1841 1082 1886 interioris
1097 1843 1256 1887 cubitis
1273 1854 1478 1904 quatuor.

88 1913 155 1959 Sic
185 1922 331 1957 autem
361 1921 405 1956 et
432 1912 628 1972 superius
658 1911 840 1967 dixerat,
880 1932 899 1954 «
924 1913 1174 1972 Longitudo
1210 1925 1357 1959 autem
1386 1916 1482 1960 atrii

88 2003 109 2026 »
135 1994 311 2030 centum
341 1999 419 2044 per
441 1993 617 2028 centum
635 2019 645 2038 ,
671 1982 912 2028 etlatitudo
930 1984 1248 2045 quinquaginta
1261 2001 1338 2046 per
1351 1987 1483 2046 quin-

89 2074 109 2097 »
135 2055 370 2117 quaginta,
413 2064 456 2098 et
494 2053 681 2098 altitudo
724 2054 920 2115 quinque
959 2055 1210 2100 cubitorum
1258 2072 1309 2100 ex
1351 2057 1482 2115 bysso

88 2146 108 2169 »
134 2137 262 2172 torta.
297 2145 318 2168 n
346 2129 469 2171 Hanc
496 2125 775 2170 latitudinem
809 2126 956 2171 dicens
985 2143 1119 2187 quam
1150 2137 1301 2187 postea
1329 2128 1481 2174 altitu-

83 2199 232 2245 dinem
249 2199 382 2257 (fixit,
408 2199 617 2259 quoniam
639 2215 738 2258 quae
755 2199 995 2259 jacentium
1016 2198 1204 2244 latitudo
1228 2210 1306 2257 est,
1328 2202 1481 2246 eadem

85 2281 329 2316 erectorum
346 2270 550 2315 altitudo.
576 2270 696 2315 Sicut
713 2270 832 2330 quod
850 2270 981 2331 paulo
1005 2280 1105 2315 ante
1123 2274 1478 2329 commemoravi,

84 2358 182 2403 quae
210 2358 312 2387 cum
341 2351 549 2386 texuntur
578 2341 763 2386 altitudo
791 2351 878 2398 est,
916 2341 1069 2387 eadem
1105 2359 1206 2388 cum
1238 2344 1482 2389 tenduntur

85 2413 315 2473 longitudo
338 2423 416 2458 est.

141 2487 261 2529 XIV.
288 2487 416 2530 Nunc
432 2486 522 2546 jam
546 2484 667 2546 quod
685 2483 953 2541 distuleram,
978 2484 1226 2542 videamus,
1254 2488 1480 2548 quomodo

84 2570 137 2599 ex
156 2555 239 2600 hac
260 2555 402 2601 forma
421 2555 612 2600 universi
634 2555 929 2612 tabernaculi,
955 2572 1087 2617 quam
1107 2557 1217 2601 sicut
1238 2558 1361 2617 potui
1379 2567 1479 2603 ante

132 2645 141 2662 ¹
170 2639 270 2673 Exod.
289 2651 422 2682 xxxviii,
443 2639 566 2683 14,15.
588 2657 629 2662 —
646 2647 658 2663 ²
678 2639 760 2673 Ibid.
788 2640 840 2683 16,
861 2651 911 2683 17.
928 2658 970 2663 ——
991 2639 1004 2665 3
1021 2642 1104 2674 lbid.
1125 2642 1176 2675 18.
