1872 3267
388 256 469 296 186
823 265 857 294 s.
893 264 1123 295 AUGUSTIM
1146 265 1327 295 Emscom

847 368 1082 417 QUAESTIO
1096 366 1098 369 ’
1113 368 1320 409 CXXXIX.

440 475 557 526 Qum
585 479 649 515 est
677 470 798 532 quod
822 471 984 530 Joseph
1004 471 1069 516 vir
1088 480 1177 515 tam
1207 471 1374 530 sapiens
1391 505 1402 526 ,
1430 478 1561 531 atque
1590 470 1650 514 ita
1677 485 1768 515 non

381 542 523 588 solum
542 542 772 586 hominum
804 541 916 585 inter
949 557 1057 601 quos
1080 542 1254 587 vivebat
1275 541 1523 585 testimonio
1539 576 1550 596 ,
1575 540 1650 585 sed
1676 541 1768 600 ipsa

379 614 510 658 etiam
529 612 746 672 Scriptura
771 620 876 656 [este
896 611 1096 656 laudatus
1112 648 1123 668 ,
1141 612 1201 657 ita
1216 614 1336 673 jurat
1358 627 1435 671 per
1454 610 1638 656 salutem
1658 611 1768 657 Pha-

382 683 546 738 raonis,
576 698 667 727 non
700 682 886 727 exituros
909 681 964 726 de
985 685 1177 742 AEgypto
1205 682 1357 727 fratres
1380 698 1502 738 suos,
1534 682 1615 726 nisi
1636 680 1768 726 frater

382 768 534 798 eorum
557 752 706 812 junior
726 751 894 797 veniret
910 753 940 795 1.
968 755 1038 796 An
1059 753 1189 796 etiam
1210 753 1327 797 bono
1351 762 1394 797 et
1420 752 1539 796 fideli
1559 752 1652 798 viro
1674 751 1769 797 vilis

382 823 525 868 fuerat
546 823 657 867 salus
684 822 943 877 Pharaonis,
970 822 1040 866 cui
1068 822 1199 867 fidem
1226 824 1337 868 sicut
1359 823 1560 883 primitus
1590 822 1769 867 domino

382 911 461 940 suo
487 895 686 940 servabat
712 895 759 939 in
785 895 1015 940 omnibus?
1043 897 1216 948 Quanto
1244 895 1360 939 enim
1390 895 1525 954 magis
1557 893 1662 954 ipsi,
1694 895 1769 955 qui

384 982 485 1012 cum
506 967 552 1010 in
574 974 696 1011 tanto
715 966 881 1010 honore
901 965 1141 1021 locaverat,
1171 966 1205 1009 si
1232 965 1295 1010 illi
1323 965 1507 1010 servavit
1523 1000 1534 1020 ,
1559 965 1636 1025 qui
1667 980 1769 1008 eum

381 1052 554 1083 servum
576 1036 823 1097 emptitium
844 1035 1118 1096 possidebat?
1137 1035 1268 1090 Quod
1284 1037 1318 1080 si
1338 1052 1429 1080 non
1451 1036 1633 1081 curabat
1652 1036 1768 1080 Pha-

382 1107 523 1152 raonis
543 1106 726 1152 salutem
743 1142 754 1162 ‚
778 1106 996 1167 numquid
1017 1116 1060 1151 et
1079 1107 1319 1167 perjurium
1338 1122 1418 1166 pro
1438 1105 1672 1166 cujuslibet
1684 1106 1767 1150 ho-

382 1178 509 1222 minis
544 1177 682 1222 salute
714 1177 850 1223 vitare
883 1192 973 1222 non
1001 1176 1186 1222 debuit?
1214 1180 1375 1222 Annon
1409 1186 1473 1221 est
1504 1177 1769 1237 perjurium?

386 1248 545 1293 Tenuit
573 1248 689 1292 enim
721 1263 860 1292 unum
883 1263 1034 1292 eorum
1069 1247 1209 1292 donec
1241 1248 1407 1292 veniret
1435 1249 1660 1306 Benjamin
1677 1284 1688 1303 ,
1726 1257 1770 1291 et

383 1334 536 1363 verum
568 1316 733 1362 factum
766 1327 830 1361 est
860 1317 979 1378 quod
1011 1316 1178 1361 dixerat
1207 1337 1216 1362 ε
1252 1336 1273 1359 «
1306 1319 1404 1363 Non
1438 1318 1606 1361 exibitis
1635 1318 1765 1374 hinc,

386 1408 407 1431 »
442 1389 522 1433 nisi
542 1389 709 1437 venerit
730 1387 862 1432 frater
882 1392 1064 1433 vester2.
1086 1406 1105 1429 »
1124 1387 1192 1432 Ad
1210 1403 1358 1432 omnes
1381 1389 1496 1432 enim
1515 1404 1603 1432 non
1624 1390 1769 1448 potuit

382 1460 600 1520 pertinere
621 1459 743 1519 quod
760 1459 925 1503 dictum
939 1461 1027 1503 est?
1043 1461 1151 1504 Nam
1169 1458 1390 1519 quomodo
1408 1468 1451 1502 et
1466 1457 1539 1502 ille
1560 1468 1770 1503 venturus

384 1539 508 1585 esset,
529 1529 611 1574 nisi
626 1529 680 1573 ad
695 1544 796 1573 eum
809 1528 1119 1573 adducendum
1134 1529 1266 1589 aliqui
1280 1528 1528 1573 rediissent?
1549 1528 1633 1574 Sed
1649 1529 1770 1590 quod
1836 1545 1839 1552 ’

384 1600 581 1661 sequitur
601 1600 735 1658 magis
757 1609 884 1659 urget
904 1599 1213 1660 quaestionem,
1237 1599 1315 1643 ubi
1338 1600 1497 1643 iterum
1513 1599 1676 1659 juravit
1702 1600 1770 1643 di-

385 1686 512 1715 cens:
544 1689 564 1714 «
584 1670 744 1715 Mittite
771 1685 822 1714 ex
845 1670 967 1714 vobis
988 1685 1128 1713 unum
1142 1704 1153 1724 ,
1177 1679 1220 1713 et
1243 1668 1446 1713 adducite
1473 1668 1651 1713 fratrem
1671 1684 1769 1714 ves-
1834 1710 1836 1736 ;

387 1759 408 1782 n
443 1751 582 1797 trum,
601 1756 678 1785 vos
694 1749 840 1801 autem
861 1739 1106 1793 ducemini,
1132 1738 1417 1800 quoadusque
1439 1737 1664 1785 manifesta
1684 1739 1770 1783 sint
1833 1762 1835 1796 ᾗ

387 1830 408 1853 »
442 1811 576 1856 verba
597 1820 761 1866 vestra,
786 1810 820 1855 si
841 1824 942 1855 vera
963 1809 1102 1853 dicitis
1124 1825 1295 1853 annon:
1321 1810 1385 1853 sin
1402 1800 1581 1866 autem,
1596 1824 1673 1868 per
1702 1825 1769 1853 sa·
1833 1797 1835 1843 Ῐ

384 1900 405 1923 »
440 1881 577 1925 lutcm
600 1880 859 1934 Pharaonis,
891 1878 1180 1939 exploratores
1208 1879 1306 1923 estis
1322 1881 1354 1934 ³,
1383 1897 1402 1920 n
1434 1878 1480 1923 id
1501 1889 1590 1934 est,
1623 1880 1657 1923 si
1678 1894 1766 1923 non
1832 1878 1834 1895 ²

380 1967 480 1995 vera
502 1951 663 2005 dicitis,
689 1949 976 2009 exploratores
993 1949 1107 1993 estis.
1136 1949 1248 1993 Huic
1270 1950 1494 1993 sententiae
1511 1949 1767 2008 interposuit

375 2023 637 2083 jurationem
653 2056 664 2075 ,
704 2021 805 2080 quia
827 2020 862 2064 si
882 2034 981 2063 vera
1004 2035 1093 2063 non
1116 2019 1320 2064 dixissent
1334 2055 1344 2075 ,
1383 2020 1674 2079 exploratores
1698 2035 1764 2064 es-
1830 2052 1831 2058 ,

381 2102 497 2147 sent,
517 2091 561 2136 id
577 2100 662 2146 est,
683 2089 1003 2149 exploratorum
1020 2106 1153 2149 poena
1170 2089 1290 2148 digni
1313 2100 1468 2145 essent,
1489 2106 1597 2151 quos
1619 2100 1766 2134 tamen

380 2178 481 2208 vcra
515 2161 657 2205 dicere
679 2160 854 2204 sciebat.
880 2162 1032 2220 Neque
1054 2160 1169 2204 enim
1192 2162 1392 2220 perjurus
1413 2171 1475 2205 est
1496 2161 1679 2221 quisque
1695 2196 1705 2216 ,
1731 2162 1764 2205 si
1828 2186 1830 2224 {

381 2234 421 2278 ei
442 2247 572 2293 quem
588 2231 868 2275 castissimum
888 2231 1031 2284 novit,
1057 2229 1195 2274 dicat:
1222 2250 1241 2272 α
1259 2231 1302 2275 Si
1323 2231 1406 2274 hoc
1425 2230 1689 2275 adulterium
1708 2231 1762 2275 de
1828 2226 1829 2244 ³

382 2320 470 2366 quo
491 2303 681 2362 argueris
704 2301 970 2356 commisisti,
996 2300 1175 2345 damnat
1199 2310 1241 2344 te
1265 2305 1376 2346 Deus
1391 2337 1402 2356 ,
1422 2320 1441 2343 n
1470 2311 1513 2346 et
1533 2302 1598 2346 his
1620 2302 1763 2346 verbis

383 2373 588 2419 adhibeat
616 2372 903 2433 jurationem,
928 2387 1079 2415 verum
1105 2372 1282 2415 omnino
1305 2373 1424 2431 jurat
1449 2392 1456 2416 :
1483 2373 1543 2416 ibi
1564 2382 1627 2417 est
1648 2373 1764 2417 enim
1825 2391 1827 2429 j

383 2443 575 2489 conditio
594 2458 680 2504 qua
700 2442 831 2486 dixit:
863 2461 883 2483 «
905 2442 947 2487 Si
969 2440 1127 2496 fecisti,
1152 2460 1171 2483 >›
1191 2457 1322 2502 quem
1337 2452 1483 2486 tamen
1504 2443 1765 2506 non.fecisse

383 2523 551 2560 certum
572 2513 719 2557 habet.
748 2512 833 2557 Sed
855 2512 912 2555 ait
930 2510 1082 2571 aliquis
1102 2527 1109 2551 :
1141 2531 1161 2554 «
1182 2514 1346 2556 Verum
1371 2521 1458 2569 cst,
1480 2513 1581 2572 quia
1603 2513 1636 2557 si
1663 2511 1762 2557 fecit
1824 2542 1825 2549 η

435 2619 442 2633 ¹
461 2614 538 2644 Gen.
567 2622 640 2647 xiiii,
666 2611 715 2643 15.
747 2627 788 2632 —
808 2616 821 2634 ²
837 2609 916 2641 Ibis.
941 2627 982 2631 —
1004 2607 1016 2631 3
1035 2609 1114 2640 Ibid.
1138 2609 1187 2640 10.
