1872 3267
369 244 635 285 quffisnonns
667 246 713 273 IN
745 243 938 282 sumens,
973 245 1056 272 m.
1093 246 1170 273 v11.
1374 233 1457 272 587

72 323 222 375 gentes
243 314 380 372 magis
402 314 446 357 in
468 312 724 357 crucifixum
753 310 990 355 credituras
1018 311 1347 371 praefiguratum
1377 319 1457 366 est,

72 384 194 446 quod
215 384 354 430 littera
399 400 538 444 graeca
560 393 638 427 est.
676 380 801 426 Unde
825 382 1074 426 Graecorum
1110 382 1285 426 nomine
1322 384 1464 441 Apos-

72 455 186 501 tolus
216 472 364 500 omnes
393 464 542 514 gentes
576 453 815 511 significat,
847 468 947 497 cum
970 452 1101 497 dicit:
1142 472 1163 495 «
1196 451 1352 497 Judaeo
1374 452 1463 512 pri-

75 546 96 569 »
118 542 239 571 mum
263 536 306 570 et
327 528 478 573 Graeco
492 527 522 580 1,
540 534 599 578 et,
620 527 643 568 J
651 523 783 568 udaeis
809 533 852 568 et
874 523 1074 578 Graecis&
1091 542 1110 564 ν
1138 539 1250 583 saepe
1267 524 1323 568 ita
1339 537 1464 568 com-

72 613 318 642 memorans
341 595 713 641 circumcisionem
735 604 779 639 et
795 595 1083 654 praeputium,
1100 595 1221 655 quod
1243 594 1288 639 in
1305 594 1465 653 linguis

73 668 267 727 gentium
297 683 437 727 graeca
458 668 517 711 ita
535 664 740 720 excellat,
766 675 816 710 ut
843 681 920 725 per
942 666 1054 710 hanc
1082 680 1231 710 omnes
1258 665 1466 710 decenter

73 739 387 797 significentur.
416 740 500 781 Iste
526 751 734 780 numerus
761 745 804 780 et
825 735 871 779 in
891 736 1134 780 vernaculis
1161 735 1350 780 Abrahae
1372 735 1466 779 ani-

72 808 412 854 madvertendus
428 818 506 863 est,
524 824 600 867 per
616 823 724 868 quos
743 806 920 851 fratrem
937 807 992 852 ab
1004 807 1202 852 hostibus
1217 806 1462 862 liberavit³‚

72 880 251 942 quando
276 896 377 924 eum
399 879 720 924 Melchisedech
745 879 790 922 in
814 894 972 936 magno
996 878 1202 936 mysterio
1224 877 1462 924 benedixit.

72 951 202 1005 Quod
236 951 352 994 enim
376 951 616 994 exuberant
637 949 724 993 illic
756 949 907 993 decem
929 959 972 994 et
1003 959 1102 994 octo
1123 956 1139 1008 (
1162 965 1263 993 nam
1285 950 1467 994 trecenti

73 1021 225 1067 decem
243 1031 286 1066 et
303 1030 402 1066 octo
431 1020 562 1065 fuisse
599 1018 850 1075 referuntur
870 1023 887 1078 )
909 1020 1083 1065 videtur
1115 1020 1224 1064 mihi
1249 1020 1467 1079 significa·-

73 1103 168 1138 tum
186 1110 275 1154 quo
293 1092 424 1137 etiam
440 1102 634 1152 tempore
646 1092 784 1147 ficret,
803 1091 847 1136 id
865 1101 944 1146 est,
965 1092 1110 1147 tertio,
1130 1091 1252 1152 quod
1265 1091 1469 1135 futurum

74 1175 166 1209 erat
188 1165 269 1209 sub
293 1164 442 1224 gratia.
468 1166 577 1208 Nam
594 1163 785 1222 primum
810 1172 874 1207 est
895 1172 994 1207 ante
1013 1166 1170 1221 Legem
1188 1198 1198 1218 ‚
1223 1161 1469 1207 secundum

73 1237 156 1281 sub
175 1239 289 1294 Lege
305 1271 315 1290 ‚
337 1235 513 1279 tertium
536 1233 617 1278 sub
639 1234 788 1293 gratia.
808 1232 988 1292 Singula
1009 1249 1112 1277 vero
1127 1243 1323 1293 tempora
1344 1248 1468 1277 sena-

74 1307 138 1352 rio
167 1321 352 1350 numero
387 1305 628 1364 significata
654 1313 755 1348 sunt
788 1313 967 1363 propter
994 1303 1323 1363 perfectionem.
1355 1305 1466 1349 Nam

75 1389 141 1423 ter
164 1378 269 1432 seni,
296 1376 447 1421 decem
461 1386 504 1420 et
526 1385 624 1420 octo
642 1385 758 1419 sunt.
776 1375 902 1420 Unde
919 1385 963 1419 et
986 1375 1059 1420 illa
1073 1375 1230 1420 mulier
1251 1375 1404 1420 decem
1426 1384 1470 1419 et

75 1458 174 1494 octo
197 1463 332 1491 annos
346 1446 540 1490 habebat
560 1447 605 1489 in
626 1446 892 1500 infirmitate,
918 1462 1050 1506 quam
1073 1461 1251 1490 curvam
1275 1444 1471 1490 Salvator

76 1536 176 1564 cum
195 1519 442 1572 invenisset,
469 1517 617 1571 erexit,
636 1526 678 1560 et
696 1532 719 1560 a
742 1515 905 1560 diaboli
922 1516 1202 1576 alligamento
1219 1552 1229 1571 ‚
1250 1525 1300 1560 ut
1322 1519 1470 1560 Evan-

77 1589 239 1651 gelium
262 1588 446 1643 indicat⁷
469 1586 642 1632 solvit4.
673 1589 783 1631 Nam
812 1587 933 1647 quod
961 1587 1020 1631 ita
1048 1587 1117 1631 isti
1138 1586 1311 1647 probati
1341 1595 1468 1641 sunt,

76 1677 153 1722 per
169 1675 279 1721 quos
300 1660 494 1703 vinceret
517 1658 696 1702 Gedeon
710 1693 721 1708 ‚
746 1666 797 1701 ut
818 1656 975 1701 similes
999 1658 1044 1700 in
1066 1655 1261 1701 bibendo
1290 1657 1472 1701 canibus

77 1731 342 1784 dicerentur,
360 1728 574 1788 significat
596 1727 717 1788 quod
738 1727 1083 1788 contemptibilia
1106 1737 1149 1772 et
1165 1726 1372 1786 ignobilia
1389 1726 1474 1771 ele-

79 1803 141 1862 git
162 1802 375 1846 Dominus
389 1803 403 1826 ⁵
432 1820 440 1845 ;
466 1816 545 1860 pro
569 1809 826 1859 contemptu
844 1800 958 1843 enim
978 1799 1167 1843 habetur
1188 1799 1319 1843 canis.
1347 1797 1473 1843 Unde

79 1872 165 1917 dici
189 1892 197 1916 :
228 1891 248 1914 «
273 1875 371 1916 Non
395 1880 458 1914 est
491 1870 658 1914 bonum
693 1869 846 1915 tollere
885 1885 1042 1929 panem
1068 1869 1283 1924 filiorum,
1312 1877 1355 1912 et
1376 1869 1476 1912 mit-

82 1961 103 1984 »
129 1953 219 1987 tere
237 1942 453 1986 canibusss.
474 1960 493 1981 »
514 1941 722 1986 EtDavid
741 1950 788 1984 ut
810 1956 853 1985 se
870 1950 1082 2000 tanquam
1098 1939 1474 1999 contemptibilem

81 2013 308 2073 adjiceret,
335 2027 487 2058 canem
501 2027 545 2056 se
567 2011 801 2071 appellavit
823 2011 1008 2072 loquens
1031 2010 1086 2055 ad
1110 2008 1254 2056 Saiil⁷.

535 2122 772 2172 QUAESTIO
804 2122 1015 2161 xxxvnl.

139 2229 255 2280 Qum
274 2225 355 2270 sibi
375 2225 472 2269 vult
493 2224 613 2286 quod
636 2225 847 2284 scriptum
869 2233 933 2268 est
955 2244 964 2268 ε
996 2242 1015 2265 (ε
1043 2222 1224 2267 Gedeon
1249 2220 1477 2266 descendit

86 2317 106 2341 »
140 2298 230 2357 ipse
245 2333 256 2352 ,
276 2306 320 2341 et
339 2297 474 2340 Phara
492 2311 601 2356 puer
623 2297 713 2356 ejus
728 2331 738 2349 ‚
767 2295 811 2338 in
832 2304 1002 2354 partem
1023 2293 1343 2354 quinquaginta
1362 2328 1372 2346 ‚
1398 2292 1475 2353 qui

85 2387 106 2410 »
142 2377 264 2413 erant
282 2367 329 2412 in
351 2368 520 2412 castrisS
540 2389 551 2425 3
576 2385 595 2407 »
623 2364 744 2427 quod
760 2365 884 2409 latini
903 2364 1082 2425 quidam
1103 2363 1273 2408 codices
1291 2363 1474 2418 habent,

133 2495 142 2510 ¹
160 2490 252 2519 Rom.
274 2499 309 2529 11,
323 2499 358 2531 9,
379 2499 430 2519 10.
451 2504 493 2509 —
514 2494 526 2508 ²
551 2498 563 2518 1
585 2488 659 2519 Cor.
680 2497 702 2527 1,
720 2485 776 2528 24.
797 2483 864 2508 —3
883 2487 963 2518 Gen.
985 2498 1049 2525 xw,
1073 2483 1124 2527 14.
1139 2502 1181 2507 —-
1198 2482 1212 2514 4
1231 2486 1313 2516 Luc.
1332 2495 1402 2525 xm,
1421 2495 1476 2518 11.

20 2586 21 2592 ἵ
86 2560 126 2566 —-
141 2542 156 2565 5
178 2556 187 2575 ι
211 2545 285 2576 Cor.
313 2555 348 2585 1,
366 2543 421 2575 28.
449 2560 490 2564 —
507 2540 521 2564 fi
541 2541 655 2574 Manli.
683 2553 723 2574 xv
740 2566 747 2583 ‚
764 2541 817 2574 26.
839 2558 880 2564 —-
904 2549 918 2575 7
947 2554 956 2573 1
985 2544 1062 2583 Reg.
1080 2552 1175 2583 xxiv,
1201 2541 1251 2572 15.
1274 2557 1315 2563 -
1335 2539 1349 2562 ⁸
1365 2539 1474 2572 Judic.

89 2610 153 2638 vn,
185 2611 235 2631 11.
