1872 3267
418 224 472 263 30
854 232 888 260 8.
914 233 1143 263 ΑυαυεΤῙΝι
1166 235 1347 264 ΕΡΙεεοΡΙ

417 300 516 344 vitfc
531 299 742 359 majorum
758 312 951 343 suorum..
965 301 1074 345 Nam
1086 301 1238 361 utique
1251 308 1429 345 centum
1445 299 1623 358 triginta
1639 314 1789 354 annos,
1837 338 1839 342 .

416 385 524 429 quos
546 369 619 413 ille
630 370 720 429 jam
737 369 913 426 agebat,
938 385 1066 415 nemo
1087 387 1205 415 nunc
1226 370 1348 415 vivit.

474 441 627 484 CXCI.
659 439 905 483 «Triticum
926 441 1166 485 secundum
1189 456 1346 501 corpus
1363 442 1377 468 ¹
1396 460 1404 486 :
1425 458 1444 481 n
1469 439 1515 484 id
1532 448 1610 496 est,
1636 455 1794 485 secun-
1828 486 1831 501 ,

416 510 756 554 dumnumerum
788 526 1034 570 corporum.
1064 516 1146 556 Per
1168 528 1322 572 corpus
1345 512 1527 568 etenim,
1561 526 1795 556 numerum

415 596 670 640 corporurn3
696 596 772 641 per
789 593 1022 626 numerum
1041 597 1271 642 corporum
1284 618 1295 639 ,
1312 597 1545 627 numerum
1565 582 1794 627 hominum

415 651 642 710 signifieat.
1138 673 1141 676 <
1827 640 1831 704 Ι

472 723 650 766 CXCII.
693 740 713 763 «
735 721 984 766 Invaluerat
1019 730 1164 767 autem
1195 722 1331 767 fames
1369 722 1495 768 valde
1509 758 1520 778 ,
1557 731 1601 766 et
1637 720 1797 766 defecit

419 801 580 836 »terra
612 792 822 852 AEgypti2
861 811 869 837 :
904 801 1108 837 terram»
1140 793 1285 853 posuit
1317 809 1396 854 pro
1432 791 1683 838 hominibus
1719 791 1797 853 qui
1827 827 1831 844 ‚

413 871 537 906 erant
556 863 602 906 in
626 871 750 906 terra.
1826 845 1830 901 l

471 934 671 977 CXCIII.
700 952 721 975 ‹<
745 935 972 977 Venerunt
998 941 1146 977 autem
1169 948 1316 979 omnes
1338 933 1534 993 AEgyptii
1558 933 1614 977 ad
1634 932 1795 991 Joseph
1826 903 1830 1012 ι

417 1021 437 1044 »
472 1002 663 1047 dicentes
681 1007 768 1048 :Da
785 1004 910 1048 nobis
920 1005 1105 1063 panes32
1131 1024 1148 1046 »
1167 1020 1279 1064 per«
1295 1020 1427 1065 panes
1447 1023 1467 1046 »
1492 1004 1686 1049 triticum
1709 1003 1796 1061 sig·
1826 1017 1829 1067 l

414 1075 577 1129 nificat,
602 1074 823 1119 locutione
840 1090 917 1135 per
938 1074 982 1119 id
1005 1076 1126 1136 quod
1148 1076 1350 1132 eflicitur,
1376 1075 1422 1120 id
1443 1075 1565 1136 quod
1587 1075 1734 1120 efficit.
1826 1071 1829 1133 l

473 1147 667 1190 CXCIV.
707 1163 725 1185 ‹<
752 1148 809 1190 Et
841 1145 955 1190 facta
983 1156 1046 1190 est
1086 1156 1199 1190 terra
1232 1146 1505 1191 Pharaoni4:
1536 1164 1556 1187 η
1586 1159 1676 1189 non
1711 1144 1794 1197 ait,
1825 1135 1829 1228 i

417 1216 666 1261 Pharaonis.
694 1220 824 1274 Amat
840 1217 898 1262 sic
914 1217 1036 1278 loqui
1056 1219 1275 1278 Scriptura
1289 1254 1299 1274 ,
1320 1222 1431 1262 sicut
1451 1218 1497 1261 in
1512 1216 1682 1262 Psalmo
1705 1215 1799 1261 dic·
1825 1229 1828 1280 ᾖ

416 1296 509 1332 tum
531 1297 621 1333 est:
644 1307 664 1331 α
683 1290 739 1332 Et
761 1287 974 1334 custodivi
994 1288 1135 1348 legem
1157 1299 1302 1345 tuam,
1326 1290 1421 1334 haec
1444 1287 1557 1333 sacta
1579 1297 1642 1332 est
1666 1287 1796 1342 mihi,
1824 1302 1828 1366 ξ

420 1379 439 1401 »
469 1359 572 1420 quia
589 1360 918 1420 justificationes
939 1369 1034 1404 tuas
1052 1361 1288 1421 exquisivi-'³
1311 1379 1320 1404 t
1341 1379 1360 1401 n
1383 1359 1438 1404 de
1459 1359 1553 1418 lege
1567 1359 1647 1403 Dei
1661 1358 1797 1416 dixit3
1824 1379 1827 1399 !

419 1448 440 1472 «
464 1433 569 1474 Haec
591 1429 705 1475 facta
727 1440 791 1475 est
807 1431 929 1486 mihi,
960 1449 980 1472 »
1001 1429 1047 1475 id
1069 1440 1154 1486 est,
1179 1431 1225 1475 in
1245 1446 1387 1475 meam
1408 1429 1656 1474 utilitatem.

474 1502 646 1547 CXCV.
671 1505 871 1545 «Praeter
892 1511 1053 1545 terram
1070 1501 1344 1545 sacerdotum
1364 1510 1535 1544 tantum
1551 1515 1640 1545 non
1658 1514 1800 1559 posse-

418 1589 438 1612 »
474 1569 537 1614 dit
556 1571 742 1630 Joseph⁶
771 1590 780 1615 ι
809 1589 828 1611 »
855 1571 978 1631 quasi
1001 1570 1173 1614 dixisset
1200 1590 1207 1614 :
1233 1574 1395 1614 Praeter
1417 1580 1575 1615 terram
1596 1570 1796 1615 sacerdo·
1824 1563 1826 1572 ι

415 1650 509 1686 tum
532 1649 720 1695 tantum,
743 1655 918 1684 omnem
936 1649 1093 1684 terram
1116 1639 1307 1699 possedit
1323 1641 1500 1700 Joseph.

475 1713 668 1756 CXCVI.
699 1729 719 1752 «
735 1713 792 1755 Et
807 1711 953 1769 posuit
969 1709 1052 1754 illis
1065 1711 1226 1769 Joseph
1243 1709 1289 1754 in
1306 1719 1571 1770 praeceptum
1594 1725 1733 1771 usque
1753 1711 1799 1754 in
1822 1705 1825 1751 l

419 1801 439 1824 »
473 1782 736 1826 hodiernum
760 1781 874 1825 diem
892 1781 938 1825 in
959 1790 1071 1825 terra
1092 1781 1271 1840 AEgypti
1285 1816 1295 1836 ,
1322 1791 1371 1825 ut
1399 1789 1605 1841 praestent
1626 1781 1800 1841 quintas
1822 1807 1825 1828 ι

422 1874 439 1896 »
476 1854 720 1898 Pharaoni⁷
744 1872 752 1897 ;
776 1871 796 1893 ))
822 1852 923 1896 hinc
945 1851 1200 1909 intelligitur
1223 1851 1456 1896 Pharaonis
1478 1868 1638 1897 nomen
1655 1861 1802 1912 potes-

418 1925 515 1968 tatis
554 1922 683 1967 fuisse
721 1922 900 1980 regalis,
932 1922 1054 1981 quod
1088 1921 1196 1965 dixit
1235 1941 1253 1963 «
1283 1937 1422 1982 usque
1461 1922 1506 1965 in
1538 1922 1799 1966 hodiernum

421 2014 438 2036 J>
470 1993 600 2037 diem.
624 2011 643 2034 »
669 1995 767 2037 Non
794 1993 909 2034 enim
934 1991 996 2034 illi
1013 1991 1089 2051 qui
1111 2000 1217 2034 tunc
1240 1990 1346 2046 fuit,
1373 2001 1576 2050 praestare
1598 2000 1800 2051 poterant
1821 2044 1823 2055 Ι

417 2064 612 2123 AEgyptii
639 2078 778 2123 usque
813 2062 866 2105 ad
899 2061 1025 2106 illum
1057 2061 1172 2106 diem
1189 2097 1200 2117 ‚
1237 2077 1326 2122 quo
1353 2062 1434 2106 ista
1466 2062 1795 2118 scribebantur,
1820 2107 1823 2141 Ι

418 2134 595 2194 quando
616 2132 688 2176 illc
704 2135 793 2193 jam
815 2148 905 2176 non
926 2131 1114 2176 vivebat.
1447 2186 1452 2189 ⁸

477 2206 693 2250 CXCVII.
719 2223 739 2245 ‹<
756 2207 812 2248 Et
830 2201 1009 2247 fuerunt
1025 2201 1115 2246 dies
1128 2201 1263 2246 Jacob
1282 2217 1496 2247 annorum
1512 2202 1613 2247 vitae
1627 2204 1757 2263 ejus⁸:
1774 2220 1794 2244 n
1820 2251 1821 2264 ἵ

419 2274 509 2320 dies
525 2289 739 2318 annorum
754 2288 866 2333 saepe
888 2272 995 2317 dicit
1016 2271 1257 2331 Scriptura,
1283 2287 1384 2316 cum
1400 2271 1532 2317 semel
1553 2280 1696 2331 posset
1717 2287 1798 2318 an·

421 2361 498 2391 nos
522 2344 679 2389 dicere.

478 2418 717 2462 CXCVIII.
739 2414 868 2468 Quod
889 2414 1097 2475 scriptum
1111 2422 1198 2459 est:
1227 2413 1519 2459 «Nuntiatum
1540 2422 1603 2458 est
1616 2414 1794 2474 Joseph,
1818 2406 1821 2431 ³

469 2520 477 2536 ¹
499 2515 577 2546 Gen.
602 2524 698 2554 nvn,
723 2523 773 2544 12.
795 2529 835 2534 --
863 2517 875 2533 2
895 2511 979 2543 Ibid.
1008 2511 1057 2543 13.
1085 2527 1126 2534 -
1152 2508 1166 2534 3
1185 2510 1264 2543 lbid.
1290 2508 1341 2542 15.
1357 2528 1399 2532 —
1415 2508 1430 2540 4
1446 2509 1526 2542 lbid.
1543 2520 1598 2544 20.
1621 2527 1662 2533 —
1682 2508 1698 2533 ⁵
1716 2509 1794 2542 Psal.

418 2579 523 2617 cxyni,
540 2567 594 2600 56.
609 2566 676 2591 -6
697 2570 775 2600 Gen.
793 2576 890 2608 xtvn,
908 2575 962 2599 22.
976 2573 1043 2598 -7
1066 2565 1146 2598 lbid.
1163 2566 1217 2599 26.
1233 2583 1274 2589 —-
1289 2565 1303 2590 8
1322 2566 1403 2599 lbid.
1426 2565 1478 2598 28.
