1872 3267
368 231 451 268 :212
805 237 838 265 s·
875 238 1103 266 Aooosnm
1137 239 1316 266 Eriscori

363 304 463 350 dem
482 304 611 348 verba
632 303 777 347 omnia
799 301 1045 360 diligentius
1065 304 1333 348 considerata
1350 337 1361 358 ,
1394 317 1483 346 non
1499 302 1745 361 significant

360 374 519 418 iratum
556 374 789 418 Dominum
810 388 888 432 pro
924 373 1114 418 vindicta
1151 372 1319 417 dedisse
1341 375 1500 417 Aaron.
1530 373 1598 417 Sic
1629 373 1745 418 enim

361 443 465 488 dicit
490 462 498 487 ε
530 463 549 485 «
578 446 733 488 Nonne
754 458 852 487 ecce
875 446 1021 487 Aaron
1034 442 1165 488 frater
1186 453 1287 488 tuus
1310 443 1505 487 Levites?
1529 442 1624 487 Scio
1642 443 1745 502 quia

364 535 382 556 »
407 514 617 576 loquens,
651 514 857 575 loquetur
890 514 1020 574 ipse1.
1066 534 1084 556 η
1120 515 1290 568 Quibus
1316 514 1458 558 verbis
1504 513 1746 558 ostenditur

358 590 474 631 Deus
495 585 736 645 increpasse
758 584 901 644 potius
937 600 1062 640 eum,
1087 585 1195 646 quid
1224 586 1397 629 timeret
1417 585 1477 628 ire
1509 584 1629 645 quod
1654 585 1744 644 ipse

357 666 467 702 esset
481 657 623 702 minus
639 655 838 711 idoneus,
855 671 955 701 cum
967 657 1149 701 haberet
1161 657 1356 712 fratrem,
1372 672 1448 716 per
1459 671 1589 716 quem
1600 665 1745 715 posset

357 729 412 772 ad
434 728 648 788 populum
665 727 788 788 loqui
808 728 929 788 quod
944 727 1098 786 vellet3
1123 729 1330 789 quoniam
1353 737 1446 771 erat
1466 727 1556 787 ipse
1575 727 1742 786 gracilis

355 799 493 854 vocis,
514 808 557 843 et
573 798 735 857 linguae
758 798 955 842 tardioris
980 817 988 842 z
1016 814 1265 859 quanquam
1287 798 1341 842 de
1367 801 1456 842 Deo
1479 807 1620 842 totum
1639 813 1738 857 spe-

356 885 448 913 rare
474 868 668 913 deberet.
692 867 858 912 Deinde
887 869 1038 912 eadem
1061 868 1160 928 ipsa
1175 885 1273 930 quae
1296 867 1425 929 paulo
1448 877 1547 912 ante
1574 869 1737 928 promi-

354 949 468 985 serat
483 975 494 995 ,
523 949 566 983 et
596 948 878 998 posteaquam
906 939 1041 983 iratus
1076 949 1160 995 est,
1196 939 1301 985 (licit
1343 959 1350 984 :
1391 939 1563 984 Dixerat
1598 942 1710 983 enini
1724 974 1736 996 ‚

358 1030 378 1052 «
404 1010 605 1070 Aperiam
621 1025 667 1054 os
690 1019 831 1065 tuum,
857 1019 900 1054 et
921 1010 1132 1054 instruam
1155 1019 1198 1055 te
1225 1030 1233 1054 :
1255 1029 1274 1051 »
1301 1026 1418 1055 nunc
1435 1020 1580 1054 autem
1607 1010 1735 1066 dicit,

361 1102 381 1123 «
408 1081 609 1142 Aperiam
633 1097 678 1125 os
696 1090 820 1124 tuum
841 1091 945 1125 etos
963 1083 1053 1141 ejus
1069 1117 1079 1137 ,
1105 1091 1148 1125 et
1164 1081 1375 1126 instruam
1395 1098 1469 1126 vos
1492 1098 1591 1142 quae
1610 1080 1740 1125 sacia-

357 1171 377 1193 »
396 1152 448 1196 tis
474 1171 483 1195 ι
513 1171 531 1192 »
557 1150 633 1194 sed
654 1151 860 1211 quoniam
892 1151 1082 1207 addidit,
1113 1172 1132 1193 «
1162 1155 1220 1197 Et
1241 1152 1447 1212 loquetur
1470 1153 1560 1212 ipse
1582 1152 1662 1196 tibi
1684 1152 1740 1196 ad

357 1240 377 1263 »
394 1221 607 1281 populum
620 1225 637 1247 ²
654 1257 664 1276 ,
691 1241 710 1262 »
732 1220 904 1265 videtur
919 1222 1001 1265 oris
1024 1222 1189 1280 apertio
1205 1222 1412 1281 praestita,
1431 1231 1607 1282 propter
1619 1221 1740 1282 quod

353 1292 460 1336 dicit
472 1295 642 1350 Moyses
661 1292 823 1350 linguae
841 1307 884 1335 se
901 1290 1113 1336 tardioris.
1132 1295 1193 1335 De
1209 1293 1326 1336 vocis
1342 1302 1485 1336 autem
1503 1291 1740 1350 gracilitate

353 1362 463 1406 nihil
485 1363 522 1406 ei
544 1373 741 1422 praestare
760 1362 969 1406 Dominus
993 1361 1154 1417 voluit,
1173 1362 1248 1406 sed
1270 1376 1446 1421 propter
1463 1363 1545 1406 hoc
1564 1363 1738 1422 adjuto-

354 1432 465 1477 rium
491 1432 634 1477 fratris
650 1432 869 1492 adjunxit,
896 1432 972 1492 qui
995 1441 1138 1492 posset
1150 1448 1199 1475 ea
1219 1433 1283 1476 uti
1303 1448 1430 1487 voce,
1452 1449 1551 1493 quae
1574 1432 1739 1492 populo

351 1503 795 1548 docendosulliceret.
815 1503 944 1555 Quod
966 1518 1068 1561 ergo
1083 1502 1156 1558 ait,
1182 1522 1200 1544 «
1222 1506 1278 1547 Et
1294 1502 1417 1547 dabis
1432 1503 1564 1547 verba
1586 1518 1679 1547 mea
1695 1504 1740 1547 in

355 1594 375 1616 >›
402 1591 448 1619 os
465 1576 554 1635 ejus
562 1611 577 1631 ,
601 1594 619 1616 >›
640 1573 830 1619 ostendit
844 1572 964 1633 quod
982 1589 1029 1616 ea
1044 1572 1264 1633 loquenda
1278 1583 1386 1617 esset
1407 1572 1587 1617 daturus
1609 1593 1616 1618 :
1639 1590 1739 1619 nam

353 1647 388 1690 si
410 1645 712 1689 tantummodo
730 1643 967 1699 audienda,
1001 1643 1112 1687 sicut
1127 1643 1311 1703 populo,
1336 1643 1381 1686 in
1405 1659 1529 1688 aures
1558 1643 1734 1689 diceret.

355 1716 520 1760 Deinde
550 1715 671 1775 quod
704 1714 834 1774 paulo
868 1723 964 1773 post
998 1714 1071 1767 ait,
1108 1717 1205 1757 «Et
1237 1714 1442 1773 loquetur
1465 1715 1553 1774 ipse
1581 1715 1659 1759 tibi
1684 1715 1740 1759 ad

356 1805 375 1827 )›
399 1785 635 1845 populum,
662 1794 704 1829 ct
727 1785 816 1844 ipse
836 1785 916 1828 erit
932 1793 1057 1827 tuum
1077 1799 1122 1827 os
1140 1819 1150 1837 ,
1180 1803 1198 1823 »
1221 1784 1350 1827 ethic
1372 1784 1658 1839 subauditur,
1684 1785 1739 1829 ad
1806 1771 1808 1801 i

353 1856 582 1916 populum.
609 1858 786 1899 Etcum
810 1854 935 1909 dicit,
974 1872 992 1895 «
1020 1853 1115 1897 Tibi
1143 1853 1348 1913 loquetur
1371 1854 1425 1898 ad
1448 1854 1686 1914 populuni3
1713 1873 1733 1896 »
1804 1845 1806 1852 ’

351 1927 451 1971 satis
474 1925 637 1970 indicat
650 1926 693 1968 in
706 1928 857 1982 Moyse
875 1924 1182 1984 principatum,
1203 1924 1248 1967 in
1270 1927 1414 1968 Aaron
1432 1925 1732 1968 ministerium.

352 1996 518 2042 Deinde
544 1995 664 2056 quod
690 1995 769 2048 ait,
804 2014 822 2036 «
849 1997 912 2038 Tu
937 2003 1082 2038 autem
1116 1993 1179 2037 illi
1203 1994 1285 2038 eris
1316 2010 1415 2055 quae
1447 1994 1502 2038 ad
1525 1998 1684 2050 Deum,
1713 2013 1732 2036 »

351 2082 558 2125 magnum
591 2066 662 2110 hic
695 2064 881 2109 fortassis
911 2063 1273 2124 perscrutandum
1303 2074 1365 2108 est
1395 2076 1732 2121 sacramentum,

1745 2142 1762 2153 s
1798 2142 1800 2149 .

351 2139 474 2198 cujus
497 2138 675 2195 figuram
693 2145 831 2193 gerat,
858 2134 994 2179 veluti
1015 2134 1183 2179 medius
1205 2138 1375 2192 Moyses
1398 2135 1510 2179 inter
1532 2139 1670 2180 Deum
1694 2147 1737 2182 et
1798 2154 1800 2166 ’

351 2212 519 2263 Aaron,
545 2217 588 2251 et
610 2206 777 2251 medius
796 2209 938 2250 Aaron
956 2206 1069 2250 inter
1087 2209 1268 2263 Moysen
1291 2215 1333 2250 et
1354 2206 1583 2266 populum.

882 2303 1116 2352 Qljaizs'rlo
1149 2304 1215 2342 x1.

410 2412 460 2453 IN
483 2423 533 2452 eo
547 2408 663 2468 quod
685 2406 893 2465 seriptum
915 2415 1000 2460 est,
1031 2425 1048 2446 «
1074 2408 1131 2449 Et
1153 2404 1315 2449 factum
1339 2414 1422 2460 cst,
1449 2405 1494 2449 in
1508 2406 1575 2449 via
1596 2406 1651 2449 ad
1666 2422 1732 2450 re-

355 2498 374 2520 »
389 2477 621 2523 sectionem
631 2476 822 2521 obviavit
836 2476 873 2519 ei
887 2475 1094 2534 Angelus,
1106 2485 1148 2520 et
1161 2475 1384 2535 quaerebat
1397 2490 1497 2520 eum
1511 2474 1730 2521 occidere:

408 2577 598 2614 ¹Ex0d.1v‚
619 2574 651 2616 [Ι.
673 2592 711 2597 -·
733 2581 745 2596 2
766 2574 847 2606 lbitl.
876 2574 980 2605 12·1(5.
