1872 3267
383 240 648 276 QUAEsrlomzs
681 239 726 266 IN
758 238 952 276 111111οΕ5,
989 239 1071 265 Lm.
1108 237 1185 264 vn.
1392 219 1473 260 585

87 314 229 361 verat,
254 314 298 349 et
322 314 532 365 tanquam
552 309 692 349 Deum
721 304 765 347 in
786 303 862 348 illo
880 303 1156 348 consuluerat
1173 300 1227 345 de
1249 297 1475 345 offerendo

86 375 317 430 sacrificio,
343 375 464 436 quod
487 374 560 418 ille
587 375 621 418 si
658 374 970 433 prohibuisset,
1003 389 1093 418 11011
1128 372 1282 432 utique
1314 370 1436 414 fieret
1463 389 1470 413 :

86 447 161 491 sed
179 447 388 507 quoniam
405 445 686 506 approbavit,
713 455 756 490 et
779 455 826 490 ut
849 446 970 490 fieret
991 445 1167 499 annuit,
1193 443 1271 487 Ι)61
1292 441 1476 486 auctori-

86 528 220 563 tatem
242 518 422 563 Gedeon
456 517 502 561 in
532 516 733 562 faciendo
767 527 939 561 secutus
969 526 1046 561 est.
1074 519 1140 559 Ita
1169 514 1331 575 quippe
1361 516 1475 557 Deus

85 589 275 647 legitima
295 588 370 633 illa
391 587 642 643 constituit,
668 597 717 632 111
738 588 854 647 leges
877 604 967 633 non
996 587 1099 642 sibi,
1135 585 1210 630 sed
1228 583 1476 629 hominibus

85 658 222 704 daret.
246 659 372 704 Unde
389 658 702 720 quodcumque
724 669 881 719 praeter
912 658 984 703 illa
1006 659 1096 718 ipse
1117 656 1348 717 praecepit,
1386 669 1476 698 non

86 748 109 776 a
131 731 542 790 transgressoribus,
568 732 643 775 sed
671 731 813 791 potius
837 747 859 775 a
882 731 962 790 piis
994 739 1036 774 et
1064 727 1368 774 obedientibus
1391 725 1476 769 im-

85 802 254 862 pletum
276 802 611 862 intelligendum
633 812 696 847 est
718 822 726 847 ;
752 802 861 846 510111
882 801 1104 846 Abraham
1128 799 1182 844 de
1203 795 1475 842 immolando

86 872 218 918 fili01.
256 876 367 919 Nam
397 883 441 918 et
471 875 530 918 sic
563 873 678 918 Elias
712 883 829 918 extra
860 871 1191 917 tabernaculum
1220 869 1393 915 Domini
1423 868 1477 912 ad

84 945 406 990 convincendos
432 946 674 990 sacerdotes
702 946 920 990 idolorum
946 944 1224 989 sacrificavit²
1251 963 1260 988 ε
1283 939 1404 1002 quod
1425 955 1477 983 ex

83 1026 303 1076 praecepto
322 1016 495 1060 Domini
517 1017 668 1061 fecisse
688 1016 996 1075 intelligendus
1014 1025 1092 1070 est,
1112 1015 1187 1075 qui
1207 1015 1245 1057 ei
1267 1022 1477 1071 tanquam

83 1088 308 1148 prophetae
340 1088 603 1133 revelatione
626 1099 757 1150 atque
774 1088 1054 1148 inspiratione
1070 1087 1198 1147 jussit
1219 1094 1268 1129 ut
1297 1083 1472 1128 faceret.

84 1161 343 1218 Quanquam
368 1168 488 1203 tanta
510 1159 781 1204 consuetudo
803 1168 961 1218 praeter
985 1155 1316 1202 tabernaculum
1341 1153 1475 1199 sacri-

84 1229 243 1273 ficandi
257 1229 506 1285 crebuerat,
521 1239 571 1274 ut
593 1231 721 1274 etiam
740 1230 945 1275 Salomon
964 1230 1009 1273 in
1023 1227 1198 1272 excelsis
1218 1226 1476 1271 sacrificasse

84 1299 330 1344 inveniatur
350 1302 382 1355 3,
417 1315 497 1344 nec
535 1302 626 1361 ejus
668 1301 925 1345 sacrificium
947 1298 1077 1343 fuisse
1101 1298 1397 1358 reprobatum.
1420 1298 1477 1340 Et

84 1380 230 1415 tamen
247 1380 456 1416 notantur
478 1387 622 1430 reges,
649 1373 727 1432 qui
744 1373 857 1416 inter
880 1387 1010 1430 opera
1030 1368 1266 1414 laudabilia
1287 1384 1362 1412 sua
1386 1384 1477 1412 non

85 1441 394 1487 destruxerunt
421 1442 582 1487 excelsa
599 1479 609 1497 ,
636 1443 713 1486 ubi
738 1451 890 1487 eontra
912 1445 1071 1500 Legem
1095 1441 1171 1484 Dei
1195 1439 1384 1500 populus
1410 1455 1476 1483 sa-

84 1512 277 1556 crificare
310 1522 619 1568 consueverat,
652 1522 694 1557 et
724 1512 800 1573 qui
839 1511 1074 1566 destruxit,
1114 1513 1278 1571 majore
1312 1508 1476 1569 praedi-

83 1582 252 1627 catione
282 1582 502 1627 laudatur.
546 1586 610 1628 Ita
644 1587 758 1627 Deus
791 1581 1154 1627 consuetudinem
1185 1579 1338 1641 populi
1378 1581 1472 1635 sui,

83 1669 171 1713 qua
199 1663 357 1713 praeter
389 1655 480 1714 ejus
514 1653 867 1707 tabernaculum,
908 1662 1054 1696 tamen
1088 1668 1178 1696 non
1213 1651 1294 1695 diis
1329 1650 1477 1695 alienis

84 1725 346 1780 offerebant,
366 1725 441 1769 sed
469 1725 655 1769 Domino
673 1728 764 1770 Deo
795 1741 888 1779 suo,
914 1724 1154 1768 sustinebat
1179 1723 1320 1783 potius
1344 1739 1476 1783 quam

83 1796 281 1852 vetabat,
303 1796 433 1840 etiam
457 1797 516 1841 sie
539 1795 772 1840 exaudiens
795 1797 1041 1840 offerentes.
1070 1797 1164 1839 Hoc
1187 1803 1334 1839 autem
1355 1793 1477 1854 quod

86 1866 266 1911 Gedeon
291 1865 420 1921 fecit,
452 1867 547 1926 quis
568 1883 657 1911 non
678 1866 894 1925 intelligat
915 1881 992 1925 per
1015 1864 1232 1923 Angelum
1263 1881 1475 1924 procura-

87 1945 202 1992 tum,
240 1946 289 1980 ut
318 1936 572 1996 prophetice
608 1937 751 1992 fieret,
788 1937 833 1980 in
866 1953 953 1996 qua
985 1936 1213 1996 prophetia
1247 1945 1370 1995 petra
1402 1935 1476 1980 illa

86 2006 493 2052 commendaretur?
511 2007 594 2052 Cui
615 2006 794 2067 quidem
817 2017 952 2067 petrae
975 2023 1066 2052 11011
1088 2007 1375 2051 sacrificatum
1395 2016 1474 2062 est,

86 2078 161 2122 sed
183 2077 237 2121 de
259 2077 333 2122 illa
363 2077 475 2136 ignis
503 2087 869 2122 commemoratur
893 2078 1065 2133 exiisse,
1100 2093 1188 2137 quo
1221 2077 1478 2121 sacrificium

85 2158 428 2193 consumeretur.
451 2148 548 2192 Sive
562 2148 677 2191 enim
692 2164 768 2208 per
788 2164 961 2209 aquam,
989 2165 1121 2209 quam
1139 2164 1335 2208 percussa
1357 2157 1478 2206 petra

87 2218 245 2263 effudit
264 2219 310 2262 in
337 2234 507 2273 eremo,
534 2219 622 2262 sive
643 2234 720 2278 per
744 2220 912 2276 ignem,
940 2218 1105 2263 donum
1135 2219 1317 2278 Spiritus
1342 2219 1478 2262 sancti

87 2289 371 2348 significatur,
392 2289 514 2350 quod
527 2288 733 2333 ditissime
748 2290 960 2334 Dominus
973 2290 1170 2335 Christus
1181 2288 1338 2333 effudit
1350 2304 1480 2348 super

88 2376 181 2404 nos.
207 2363 316 2405 Nam
333 2370 376 2404 et
401 2361 446 2403 in
467 2358 707 2418 Evangelio
725 2360 1015 2417 significatum
1034 2369 1097 2403 est
1113 2360 1197 2403 hoc
1221 2360 1385 2403 donum
1401 2375 1480 2418 per

89 2445 246 2490 aquam
262 2465 273 2485 ,
299 2430 376 2474 ubi
397 2430 490 2490 ipso
524 2431 735 2474 Dominus
758 2430 817 2474 ait
843 2450 851 2474 :
883 2448 900 2470 «
926 2431 967 2474 Si
991 2429 1086 2490 quis
1115 2429 1233 2485 sitit,
1271 2429 1416 2473 veniat
1437 2438 1481 2473 et

93 2519 112 2541 >›
138 2500 260 2545 bibat
286 2520 294 2545 z
320 2501 396 2561 qui
426 2499 564 2545 credit
585 2500 630 2545 in
651 2515 736 2556 me,
764 2500 875 2546 sicut
890 2500 995 2545 dicit
1020 2500 1239 2560 Scriptura
1258 2535 1269 2556 ,
1296 2500 1477 2544 flumina

139 2592 144 2606 ¹
164 2587 243 2618 Gen.
263 2595 387 2627 xx11,2.
406 2603 446 2608 *-
467 2593 479 2607 ²
497 2586 515 2618 3
538 2589 615 2629 Reg.
637 2596 747 2628 xxviii,
769 2585 818 2618 30.
840 2603 880 2608 ——
903 2584 979 2618 3111.
1002 2597 1048 2628 111,
1068 2586 1099 2627 4.
