1872 3267
349 267 431 307 268
791 281 823 308 s.
860 278 1090 311 Auensnm
1123 283 1304 310 Emscom

348 343 440 387 lum
462 342 689 386 imminere
704 343 942 402 videretur,
962 346 1220 407 praedictum
1235 355 1299 391 est
1314 346 1382 391 his
1398 346 1541 391 verbis
1562 365 1572 392 ι
1596 365 1616 390 «
1633 349 1731 392 Non

350 432 370 455 »
406 428 566 473 coques
588 429 752 473 agnum
772 415 818 459 in
838 415 949 461 lacte
965 418 1114 462 matris
1136 433 1240 463 suae.
1262 435 1282 458 »
1306 415 1422 461 Illud
1442 432 1619 477 quoque
1640 417 1732 461 for-

347 484 459 527 sitan
485 498 576 528 non
603 483 841 529 absurdum
870 495 958 543 est,
990 487 1111 549 quod
1133 487 1204 532 alii
1227 486 1402 542 dicunt,
1433 485 1480 531 id
1507 502 1596 531 esse
1619 503 1732 548 prae-

346 562 522 614 ceptum
558 569 636 614 per
669 555 956 614 Prophetam,
990 559 1045 603 ne
1078 573 1121 603 se
1148 557 1254 602 boni
1285 555 1489 601 Israelita}
1520 557 1733 602 sociarent

348 624 469 668 malis
487 624 667 681 Judaeis‚
691 641 714 669 a
736 626 895 686 quibus
911 629 1109 674 Christus
1121 644 1270 689 passus
1287 637 1351 673 est
1369 637 1578 689 tanquam
1596 643 1733 686 agnus

346 695 390 738 in
410 693 523 739 lacte
550 695 697 740 matris
727 711 838 752 suae,
864 698 911 742 id
943 708 1031 755 est,
1064 714 1115 744 eo
1146 708 1343 759 tempore
1376 714 1465 759 quo
1498 706 1734 758 conceptus

345 774 423 809 est.
450 767 665 810 Dicuntur
681 767 798 811 enim
819 766 1013 812 foeminae
1036 784 1086 814 ex
1106 785 1195 831 quo
1219 769 1499 829 conceperint
1520 768 1586 812 lac
1608 767 1734 812 colli-

346 850 444 894 gere
466 856 474 881 :
500 836 575 881 illo
598 847 744 882 autem
764 854 911 884 mense
934 850 1196 901 conceptum
1217 850 1260 884 et
1280 854 1457 900 passum
1479 853 1570 884 esse
1587 839 1735 884 Chris-

347 915 462 962 tum,
503 916 545 951 et
574 909 749 953 Paschae
782 909 1053 967 observatio,
1084 920 1127 955 et
1154 911 1244 956 dies
1270 909 1458 955 ecclesiis
1486 909 1734 954 notissimus

343 977 577 1022 nativitatis
611 980 703 1040 ejus
745 980 950 1026 ostendit.
987 981 1074 1035 Qui
1108 982 1223 1026 enim
1265 996 1414 1026 mense
1453 996 1572 1025 nono
1607 989 1734 1024 natus

343 1057 407 1092 est
442 1058 593 1094 octavo
630 1048 849 1095 Kalendas
891 1052 1138 1108 Januarias,
1171 1051 1368 1112 profecto
1404 1065 1554 1096 mense
1591 1051 1735 1111 primo

344 1129 579 1180 conceptus
594 1130 657 1165 est
670 1120 782 1166 eirca
796 1131 998 1167 octavum
1012 1121 1230 1166 Kalendas
1242 1121 1416 1182 Aprilis,
1430 1121 1550 1183 quod
1565 1130 1735 1181 tempus

344 1190 473 1234 etiam
494 1191 700 1251 passionis
722 1194 813 1253 ejus
836 1193 919 1238 fuit
940 1194 987 1238 in
1008 1193 1119 1239 lacte
1141 1194 1289 1239 matris
1318 1209 1408 1239 suae
1423 1228 1435 1248 ‚
1467 1194 1551 1238 hoc
1580 1202 1665 1250 est,
1690 1193 1736 1237 in

347 1259 500 1306 diebus
519 1263 665 1307 matris
686 1278 775 1308 suae
792 1265 871 1321 (3).

855 1381 1091 1433 QUAEsrlo
1123 1382 1222 1422 xcl.

409 1514 430 1538 «
450 1497 559 1540 Ecess
581 1511 662 1555 ego
680 1496 806 1544 mitto
828 1496 1046 1555 Angelum
1062 1511 1208 1540 meum
1227 1504 1326 1540 ante
1349 1495 1503 1540 faciem
1521 1504 1665 1551 tuam',
1686 1506 1735 1543 ut

350 1584 370 1606 »
405 1576 544 1611 servet
561 1576 602 1611 te
625 1567 672 1611 in
692 1567 761 1612 via
780 1603 791 1623 ,
819 1577 869 1612 ut
894 1566 1075 1612 inducat
1097 1576 1138 1611 te
1155 1567 1201 1610 in
1224 1576 1382 1610 terram
1398 1602 1409 1622 ‚
1435 1582 1567 1627 quam
1588 1567 1735 1626 paravi

351 1659 371 1681 »
407 1639 500 1683 tibi.
530 1638 720 1683 Attende
748 1638 850 1693 tibi,
877 1647 921 1682 et
943 1637 1097 1682 exaudi
1120 1653 1243 1692 eum,
1270 1652 1325 1680 ne
1349 1653 1438 1681 non
1460 1637 1608 1681 credas
1638 1637 1699 1681 illi
1722 1657 1731 1682 :

349 1728 368 1750 »
405 1708 513 1752 nihil
536 1708 652 1752 enim
669 1708 897 1753 subtrahet
911 1708 1015 1766 tibi3
1035 1723 1195 1752 nomen
1218 1708 1333 1751 enim
1352 1723 1497 1751 meum
1521 1717 1585 1751 est
1607 1722 1736 1767 super

350 1798 369 1819 »
405 1782 546 1823 eum1.
575 1798 594 1820 »
630 1781 723 1824 Hoc
758 1778 813 1823 de
835 1778 911 1823 illo
941 1779 1147 1823 nimirum
1175 1778 1449 1837 intelligitur,
1476 1779 1545 1823 cui
1574 1793 1733 1823 nomen

348 1858 566 1893 mutatum
588 1858 672 1905 est,
698 1858 747 1893 ut
770 1851 892 1893 Jesus
913 1858 1141 1894 vocaretur
1164 1868 1172 1894 :
1196 1850 1285 1909 ipse
1308 1849 1470 1909 quippe
1493 1847 1735 1893 introduxit

351 1919 563 1981 populum
585 1920 629 1965 in
653 1929 809 1965 terram
834 1919 1142 1980 promissionis.

852 2026 1088 2098 QUAEs‘rlo'
1120 2048 1236 2089 xcii.

407 2182 428 2206 «
459 2165 523 2207 ΕΤ
551 2162 708 2206 servies
736 2161 921 2206 Domino
951 2164 1042 2205 Deo
1073 2170 1150 2205 tuo
1176 2180 1185 2205 :
1222 2169 1265 2204 et
1292 2160 1547 2205 benedicam
1577 2176 1733 2220 panem

348 2255 367 2277 »
404 2244 556 2289 tuum,
588 2241 631 2276 et
664 2233 816 2277 vinum
841 2241 993 2287 tuum,
1025 2241 1067 2275 et
1091 2247 1248 2292 aquam
1279 2240 1426 2287 tuam⁷
1463 2241 1507 2275 et
1541 2241 1733 2276 avertam
1800 2244 1801 2269 1
1861 2234 1867 2255 ²

345 2325 365 2348 >2
399 2304 695 2349 infirmitatem
718 2319 740 2347 a
760 2303 898 2348 vobis.
926 2305 1023 2348 Non
1040 2303 1120 2346 erit
1142 2303 1218 2362 qui
1241 2318 1330 2347 non
1360 2311 1562 2361 generet,
1588 2318 1732 2363 neque
1799 2299 1801 2351 s

345 2396 364 2418 »
399 2375 552 2420 sterilis
574 2389 703 2434 super
731 2383 887 2418 terram
917 2383 1052 2417 tuam.
1079 2376 1319 2419 Numerum
1352 2372 1524 2417 dierum
1555 2382 1730 2417 tuorum

342 2467 362 2490 »
397 2447 590 2507 replebo.
613 2449 668 2490 Et
681 2446 879 2490 timorem
897 2446 1068 2489 mittam
1085 2444 1161 2505 qui
1178 2454 1218 2489 te
1237 2444 1492 2490 antecedat:
1513 2454 1557 2489 et
1577 2461 1729 2489 amen-

345 2541 362 2561 »
401 2529 460 2564 tes
492 2517 647 2563 faciam
675 2532 824 2562 omnes
847 2526 994 2575 gentes
1028 2517 1074 2560 in
1106 2532 1213 2577 quas
1254 2525 1302 2561 tu
1334 2516 1556 2573 intrabis'²‚
1587 2535 1607 2558 »
1639 2525 1723 2561 etc.

390 2622 397 2639 ¹
419 2615 517 2649 Exod.
537 2626 625 2658 xxiii,
648 2624 704 2658 20,
723 2624 777 2648 21.
798 2631 841 2639 -·
860 2621 873 2638 ²
892 2613 973 2649 lbid.
995 2624 1088 2656 xxiii,
1113 2612 1223 2655 25-27.
