1872 3267
387 229 472 268 426
799 243 832 270 s.
869 242 1099 272 Auous’rlm
1134 244 1314 271 Emscom

912 347 1147 396 QUAESTIO
1180 350 1211 387 ll
1220 378 1228 387 .

446 449 619 491 ΜΕΝ-[ο
634 445 859 506 quaeritur,
877 447 981 506 quid
1004 447 1086 491 sibi
1107 448 1211 493 velit
1225 448 1344 508 quod
1360 462 1437 507 per
1454 462 1602 492 omnes
1615 446 1768 502 tribuS‚

388 518 466 561 ubi
488 526 799 577 computantur
815 532 892 576 per
908 518 1098 576 singulas
1120 534 1314 579 quasque
1332 519 1409 562 filii
1430 518 1562 562 Israel
1582 518 1627 561 in
1646 527 1773 562 aetate

387 589 577 643 militari,
593 588 750 632 dicitur
770 608 790 630 «
809 587 1059 633 Secundum
1072 590 1416 650 propinquitates
1433 605 1600 644 eorum,
1617 603 1773 632 secun-

391 679 410 701 »
446 658 551 703 dum
589 657 801 719 populum
838 674 988 703 eorum
1004 694 1015 714 ‚
1053 660 1293 703 secundum
1327 659 1479 704 domos
1513 657 1774 703 familiarum

390 749 410 772 »
446 746 619 785 corum,
642 729 885 774 secundum
912 730 1145 774 numerum
1173 731 1399 775 nominum
1422 746 1596 785 eorum,
1621 745 1776 774 secun-

391 819 410 841 »
448 800 554 844 dum
572 809 704 860 caput
721 802 900 844 eorum¹
924 819 932 844 ;
956 818 975 840 »
998 809 1040 844 et
1058 801 1151 844 haec
1168 801 1364 860 quinque
1387 799 1580 844 similiter
1598 800 1776 844 omnino

389 880 647 930 repetuntur
663 905 674 926 ‚
722 871 860 915 donec
904 870 1045 915 tribus
1084 886 1234 915 omnes
1273 870 1575 930 compleantur
1608 890 1616 915 :
1654 871 1776 930 quasi

390 940 509 985 aliud
527 942 595 996 sit,
625 960 645 983 «
668 939 916 986 Secundum
933 941 1278 1001 propinquitates
1296 956 1463 996 eorum,
1484 959 1504 982 n
1526 939 1645 984 aliud
1670 959 1690 982 ‹<
1708 956 1777 985 se—

392 1024 412 1054 >'›
447 1011 641 1056 cundum
661 1011 870 1071 populos,
895 1029 914 1052 »
951 1010 1072 1056 aliud
1098 1030 1117 1052 «
1139 1010 1381 1056 secundum
1410 1010 1562 1055 domos
1589 1009 1777 1055 familia-

393 1100 413 1123 »
449 1097 562 1137 rum,
589 1102 606 1123 »
638 1080 759 1126 aliud
784 1101 804 1123 <c
822 1081 1064 1125 secundum
1089 1094 1324 1126 numerum
1347 1082 1588 1135 nominum,
1612 1098 1632 1121 »
1661 1080 1780 1124 aliud
1827 1089 1829 1092 ⁴
1859 1100 1872 1142 {s

393 1173 414 1194 «
448 1153 689 1197 secundum
722 1162 880 1212 caput3
903 1171 923 1194 »
956 1168 1057 1196 cum
1087 1153 1232 1212 potius
1260 1152 1490 1197 videantur
1518 1150 1609 1195 aliis
1637 1152 1779 1197 verbis
1826 1191 1829 1209 ἱ
1860 1145 1872 1212 ,ι’

390 1223 539 1267 cadem
564 1223 804 1282 significare
822 1223 902 1267 ista
925 1223 1085 1267 omnia.
1114 1223 1408 1267 Intentionem
1435 1231 1580 1267 autem
1608 1230 1777 1277 movet,

391 1294 492 1354 quia
514 1303 603 1337 tam
625 1293 854 1351 diligenter
875 1309 952 1353 per
969 1306 1119 1338 omnes
1150 1294 1287 1338 tribus
1313 1293 1464 1337 eadem
1495 1302 1775 1353 repetuntur,
1826 1323 1829 1337 .

390 1374 440 1409 ut
461 1380 552 1409 non
579 1363 736 1408 frustra
757 1365 849 1408 fieri
871 1364 1011 1424 quivis
1027 1365 1216 1424 judicet,
1248 1364 1414 1409 etiamsi
1435 1379 1525 1408 non
1543 1363 1774 1423 intelligat.

390 1436 603 1482 Nimirum
626 1450 727 1494 ergo
749 1449 957 1480 numerus
979 1436 1069 1495 ipse
1094 1435 1261 1496 aliquid
1286 1435 1476 1479 insinuat
1499 1435 1775 1491 sacramenti,

391 1517 441 1552 ut
458 1509 541 1552 hoc
558 1507 673 1551 idem
696 1507 928 1567 quinquies
950 1508 1066 1552 varie
1088 1516 1324 1566 repetatur.
1345 1509 1454 1551 Nam
1477 1507 1555 1550 iste
1572 1520 1778 1550 numerus

391 1580 502 1623 sicut
517 1579 562 1622 in
576 1579 676 1638 ipsis
692 1578 888 1639 quinque
902 1577 1022 1622 libris
1040 1578 1197 1636 Moysi,
1218 1578 1262 1621 id
1280 1586 1359 1633 est,
1377 1578 1614 1638 quinarius,
1631 1573 1676 1620 in
1693 1580 1779 1621 Ve-

395 1658 481 1692 tere
513 1652 787 1693 Testamento
825 1649 1007 1692 maximo
1046 1648 1393 1692 commendatur.
1429 1647 1507 1691 Illa
1540 1663 1641 1692 vero
1679 1663 1778 1708 quae

391 1720 594 1780 deinceps
617 1729 808 1780 quatuor
829 1729 1166 1774 conmectuntur,
1187 1719 1232 1763 id
1251 1728 1329 1772 est,
1355 1737 1375 1760 «
1393 1718 1647 1774 Masculina,
1668 1734 1692 1762 a
1712 1720 1778 1763 vi·
1825 1710 1828 1725 ¹

393 1810 413 1833 »
450 1791 558 1850 ginti
588 1791 709 1835 annis
732 1800 774 1835 et
795 1805 940 1849 supra,
966 1790 1103 1834 omnis
1125 1790 1198 1850 qui
1222 1788 1419 1849 procedit
1439 1789 1484 1832 in
1506 1788 1682 1844 virtute,
1707 1804 1776 1833 re-

393 1881 413 1903 »
449 1862 640 1921 cognitio
673 1877 825 1906 eorum
840 1864 857 1887 ‘²
879 1881 887 1906 :
917 1879 936 1902 »
969 1861 1165 1921 quamvis
1188 1869 1231 1904 et
1253 1860 1342 1919 ipsa
1368 1875 1445 1919 per
1466 1875 1616 1904 omnes
1640 1861 1777 1904 tribus

390 1931 543 1976 eodem
566 1947 737 1991 prorsus
759 1931 890 1976 modo
914 1940 1180 1990 repetantur,
1201 1931 1365 1974 habent
1382 1930 1664 1975 necessariam
1687 1931 1776 1975 dif-

388 2002 630 2046 ferentiam.
658 2004 770 2047 Cum
793 2002 905 2045 enim
930 2011 1129 2060 ageretur
1151 2001 1205 2045 de
1226 2016 1410 2044 numero
1434 2001 1645 2046 universae
1667 2000 1777 2045 mul·
1830 2053 1832 2066 ἶ

391 2072 587 2116 titudinis
611 2072 664 2115 ad
688 2087 821 2115 unam
850 2072 1013 2115 tribum
1044 2071 1324 2131 pertinentis,
1355 2070 1664 2115 discernendus
1687 2081 1776 2116 crat
1829 2071 1832 2074 ⁴
1862 2087 1864 2100 ³

389 2158 530 2197 sexus,
556 2142 655 2187 ideo
688 2143 877 2202 positum
902 2151 966 2186 est
991 2143 1186 2186 «Omnia
1211 2140 1466 2186 masculina.
1492 2160 1510 2182 »
1530 2145 1586 2185 Et
1603 2157 1657 2185 nc
1673 2157 1775 2202 par-

388 2212 479 2258 vuli
501 2212 1021 2274 etiamscomputarentur,
1035 2211 1289 2272 adjunctum
1302 2221 1380 2266 est,
1398 2214 1468 2255 «A
1482 2211 1636 2270 viginti
1653 2213 1775 2257 annis
1823 2246 1826 2254 .

391 2302 409 2324 »
446 2292 487 2326 et
509 2298 653 2342 supra.
672 2286 873 2326 »Rursus
896 2297 950 2326 ne
972 2281 1158 2326 imbellis
1181 2291 1282 2326 aetas
1305 2282 1535 2325 senectutis
1559 2297 1774 2326 annume-

388 2360 576 2404 raretur,
605 2352 801 2397 additum
823 2362 907 2407 est,
937 2371 955 2393 α
980 2354 1130 2396 Omnis
1149 2353 1225 2412 qui
1247 2351 1441 2412 procedit
1466 2352 1510 2394 in
1538 2352 1714 2396 virtutc.
1750 2371 1770 2393 >›
1827 2401 1830 2406 ,

387 2426 443 2466 Et
460 2424 602 2467 omnia
621 2422 946 2467 concluduntur
967 2423 1101 2467 verbo
1124 2425 1213 2483 ejus
1232 2423 1389 2482 operis,
1410 2421 1529 2482 quod
1552 2423 1698 2477 fiebat,
1726 2432 1773 2467 ut
1822 2466 1830 2475 ,,

387 2493 569 2548 dicatur,
595 2513 613 2534 «
630 2493 885 2552 Rccognitio
899 2509 1064 2538 corum.
1081 2512 1100 2535 »
1119 2494 1371 2553 lhcognssio
1384 2494 1496 2537 cnim
1511 2494 1603 2538 haec
1622 2493 1768 2548 fiebat,

437 2597 444 2612 ¹
463 2592 554 2623 Num.
576 2601 598 2632 1,
614 2599 669 2631 20,
688 2599 741 2622 21.
767 2606 808 2612 -
829 2597 841 2612 ²
861 2590 943 2622 Ibitl.
