1872 3267
363 278 418 316 76
797 289 829 314 s.
866 286 1094 321 Aucuswm
1127 289 1308 316 Emscom

366 375 383 396 »
418 362 576 398 verunt
603 351 825 396 thuribula
847 362 1089 412 peccatores
1106 353 1151 397 hi
1178 353 1222 396 in
1246 351 1471 396 animabus
1489 352 1597 410 suis3
1621 370 1640 392 »
1666 349 1741 395 sed

361 425 483 485 quasi
510 432 781 484 quaereretur
814 439 1001 484 quorum
1023 424 1273 480 thuribula,
1307 439 1387 484 pro
1418 439 1469 468 eo
1496 432 1547 467 ut
1580 423 1743 467 diceret

360 510 461 550 sua,
489 494 596 538 dixit
630 503 943 554 «peccatorum
964 495 1137 539 horum.
1157 513 1177 536 »
1205 495 1290 548 Qui
1319 502 1464 538 autem
1497 494 1742 538 sanctifica-

360 566 522 619 verint,
548 563 881 622 intelligendum
900 564 1095 625 reliquit,
1120 564 1165 609 id
1186 574 1269 620 est,
1296 565 1397 625 quia
1419 564 1516 624 ipsi.

419 638 554 679 LVII.
594 638 690 679 «Et
722 650 821 678 eece
852 635 1108 693 germinavit
1141 635 1258 692 virga
1296 637 1441 678 Aaron
1481 634 1531 678 in
1561 633 1744 677 domum

362 723 384 747 υ
419 706 538 749 Levi¹
562 725 570 749 :
593 725 611 746 »
634 705 788 748 Latina
810 704 1082 749 consuetudo
1102 705 1148 748 in
1166 705 1297 749 domo
1312 705 1415 749 Levi
1435 705 1622 762 exigeret
1641 703 1741 747 dici.

422 778 581 819 LVIII.
623 794 641 817 «
661 778 719 819 Et
742 790 820 833 ego
844 775 987 835 accepi
1011 773 1162 819 fratres
1184 785 1347 820 vestros
1370 775 1540 819 Levitas
1572 773 1626 818 de
1650 788 1744 817 me-

362 865 381 886 »
419 845 490 889 dio
519 845 709 889 filiorum
739 844 869 889 Isra'e'l
897 845 1119 889 dationem
1146 844 1292 890 datam
1323 845 1536 890 Domino²
1565 863 1574 889 :
1603 862 1622 885 »
1650 844 1745 887 haec

356 915 523 959 locutio
542 915 587 958 in
610 915 797 959 latinum
818 915 1072 960 necessitate
1093 915 1153 960 ita
1175 914 1379 960 translata
1403 924 1467 959 est
1488 934 1496 959 :
1517 916 1617 957 nam
1641 928 1746 971 grae-

359 1001 435 1029 cus
457 985 590 1028 habet
612 989 697 1038 δόμα
717 989 897 1040 δεδομένον,
926 985 1047 1045 quod
1070 986 1102 1029 si
1131 986 1361 1047 quisquam
1385 985 1518 1029 latine
1536 983 1642 1029 velit
1669 999 1746 1027 ex-

359 1056 544 1117 primere
558 1054 753 1099 dicturus
768 1063 846 1110 est,
868 1074 888 1097 «
900 1059 1059 1099 Datum
1074 1055 1242 1112 datum,
1258 1074 1278 1098 »
1302 1056 1403 1117 quia
1419 1065 1462 1100 et
1483 1062 1567 1110 δόμα
1594 1054 1746 1098 datum

360 1135 445 1181 est,
471 1126 712 1169 secundum
736 1124 857 1184 quod
878 1124 985 1169 dicit
1005 1126 1240 1185 Apostolus
1267 1147 1275 1171 2
1311 1146 1330 1168 «
1357 1129 1454 1171 Non
1476 1127 1578 1187 quia
1596 1139 1746 1185 quaero

362 1214 383 1238 >›
420 1196 587 1248 datum,
600 1195 675 1239 sed
697 1196 871 1254 requiro
892 1193 1150 1251 fructumss,»
1165 1195 1338 1256 quodin
1352 1211 1493 1254 graeco
1510 1200 1595 1248 δόμα.
1609 1194 1747 1254 scrip-

362 1276 453 1310 tum
477 1275 565 1310 est:
587 1275 630 1309 et
646 1265 691 1308 in
705 1265 885 1309 Genesi:
911 1264 1076 1309 «Dedit
1091 1265 1314 1310 Abraham
1337 1266 1437 1309 data
1450 1265 1550 1309 filiis
1568 1265 1654 1309 suis
1666 1266 1698 1319 4,
1723 1282 1743 1305 »

361 1352 526 1395 graecus
538 1336 697 1390 habet,
724 1339 877 1387 δόματαε
903 1335 1002 1378 etin
1024 1334 1263 1394 Evangelio
1288 1354 1295 1379 :
1327 1354 1347 1376 «
1367 1335 1507 1380 Nostis
1518 1335 1633 1378 bona
1647 1335 1747 1377 data

363 1424 384 1447 »
420 1407 523 1450 dare
542 1405 642 1449 filiis
659 1406 855 1459 vestris‚»
878 1410 1006 1457 δόματα
1019 1414 1082 1448 est
1096 1405 1142 1448 in
1158 1419 1298 1464 graeco
1318 1424 1327 1449 2
1345 1413 1388 1447 et
1399 1408 1574 1457 δέδομένον,
1596 1404 1750 1448 datum

360 1487 440 1532 est,
458 1492 548 1520 non
563 1491 738 1530 nomen,
756 1475 831 1519 sed
847 1475 1139 1534 participium.
1160 1478 1220 1518 Ac
1235 1490 1311 1534 per
1325 1475 1408 1519 hoc
1425 1474 1579 1519 datum
1596 1474 1749 1518 datum

362 1547 446 1591 dici
466 1556 630 1606 posset,
659 1555 867 1605 tanquam
890 1545 1040 1589 datum
1064 1544 1185 1605 quod
1206 1546 1356 1599 datur,
1382 1545 1463 1588 nisi
1488 1544 1749 1601 ambiguitas

360 1617 538 1663 vitanda
572 1625 695 1661 esset.
731 1618 853 1659 Hanc
882 1615 1210 1672 ambiguitatem
1239 1614 1419 1674 quidam
1450 1614 1584 1658 nostri
1611 1614 1749 1658 inter-

362 1697 504 1748 pretes
533 1688 669 1730 vitare
697 1695 925 1739 conantes,
955 1685 1163 1730 «donum
1196 1684 1385 1728 datum»
1411 1685 1613 1729 dixerunt
1641 1704 1648 1728 :
1673 1684 1750 1729 sed

362 1758 529 1802 donum
545 1793 555 1811 ⁷
574 1771 711 1815 graece
733 1762 830 1808 δῶρον
848 1755 1022 1810 dicitur,
1049 1772 1139 1800 non
1160 1759 1244 1807 δόμα.
1262 1775 1270 1799 :
1297 1756 1414 1799 unde
1435 1755 1518 1799 hoc
1539 1755 1635 1799 loco
1659 1770 1749 1799 non

363 1838 477 1873 reete
506 1828 745 1881 diceretur,
772 1828 873 1887 quia
900 1843 988 1870 non
1010 1827 1090 1870 sibi
1109 1828 1191 1872 hoc
1214 1827 1425 1871 donatum
1450 1843 1471 1871 a
1495 1826 1592 1870 filiis
1617 1826 1748 1871 Israel

362 1900 468 1944 dicit
487 1902 599 1943 Deus
615 1934 626 1953 ‚
661 1898 736 1942 sed
762 1914 840 1957 pro
862 1898 1158 1957 primogenitis
1189 1898 1270 1941 sibi
1307 1897 1464 1941 debitis
1498 1897 1715 1941 redditum
1736 1917 1744 1942 z

363 1970 481 2013 unde
503 1978 545 2012 et
562 1984 661 2029 quae
683 1968 928 2011 redduntur
955 1977 997 2011 et
1027 1984 1125 2027 quse
1154 1967 1390 2022 donantur,
1418 1968 1517 2012 data
1541 1968 1625 2012 diei
1649 1983 1749 2027 pos-

363 2049 465 2083 sunt
492 2059 499 2083 :
525 2049 567 2083 et
589 2038 688 2083 ideo
712 2054 840 2083 omne
863 2038 1030 2082 donum
1053 2039 1181 2081 etiam
1204 2039 1355 2081 datum
1379 2048 1468 2095 cst3
1496 2054 1585 2082 non
1612 2053 1744 2082 omne

363 2110 514 2154 datum
529 2110 658 2153 etiam
676 2109 842 2153 donum
858 2118 947 2152 est:
973 2108 1075 2168 quia
1095 2123 1183 2152 non
1206 2124 1333 2152 omne
1356 2108 1475 2168 quod
1493 2108 1624 2152 datur
1647 2125 1750 2154 con-

366 2181 489 2224 tinuo
513 2181 641 2223 etiam
664 2180 868 2223 donatur,

422 2252 537 2293 LIX.
568 2269 587 2291 ι(
611 2250 760 2292 Omnis
782 2249 971 2308 primitia
999 2247 1105 2303 olei,
1141 2256 1184 2291 ct
1214 2249 1351 2292 omnis
1373 2249 1562 2307 primitia
1588 2250 1677 2293 vini
1706 2259 1749 2294 ct

366 2340 386 2362 »
424 2321 551 2364 tritici
566 2356 576 2374 2
601 2320 790 2379 primitia
808 2335 959 2363 eorum
987 2334 1277 2378 quaecumque
1305 2317 1504 2362 dederint
1528 2320 1714 2364 Domino
1731 2355 1743 2375 ‚

366 2409 385 2432 »
422 2391 502 2435 tibi
519 2390 619 2434 dedi
634 2392 718 2433 ea⁶.
741 2407 761 2430 n
783 2392 879 2434 Non
893 2389 999 2434 dixit
1017 2408 1025 2433 2
1041 2392 1250 2432 «Omnem
1265 2389 1532 2447 primitivum
1548 2389 1626 2432 tibi
1643 2390 1744 2434 dedi

366 2479 386 2503 »
422 2477 521 2505 eum
541 2481 548 2506 ε
574 2479 593 2502 »
610 2460 685 2505 sed
698 2475 797 2504 cum
807 2460 996 2515 dixisset,
1017 2459 1186 2504 «omnis
1200 2460 1432 2519 primitia,»
1449 2469 1492 2504 et
1508 2475 1740 2504 enumera-

411 2564 420 2580 ¹
440 2559 532 2590 Num.
553 2569 631 2599 xvu,
647 2557 677 2590 3.
696 2574 738 2579 —-
754 2564 766 2579 ’ἑ
783 2557 828 2589 Id.
851 2567 936 2597 xvm,
951 2556 983 2588 6.
1000 2573 1042 2579 -
1059 2555 1072 2580 3
1092 2556 1202 2598 Philip.
1221 2566 1263 2598 iv,
1286 2567 1337 2599 17-
1355 2571 1396 2578 —-
1413 2554 1429 2585 4
1446 2558 1523 2589 Gen.
1553 2567 1627 2597 xxv,
1642 2556 1673 2587 G.
1688 2573 1729 2579 -

366 2612 379 2635 5
394 2614 504 2646 Manli.
529 2625 584 2655 vn,
613 2625 660 2646 ιι.
679 2631 720 2636 -
738 2612 752 2634 ‘³
768 2615 859 2646 Num.
882 2624 976 2655 xvm,
997 2621 1047 2645 12.

1810 2538 1811 2575 1
1822 2534 1826 2537 ,

1808 2608 1810 2656 1
