1872 3267
340 303 605 342 QUAESTIONES
637 306 682 334 ΙΝ
714 305 923 344 mmmm,
961 306 1041 332 Lm.
1081 305 1126 330 11.
1343 289 1426 329 293

486 420 720 471 Qusnsrio
752 420 974 461 cxxxvn.

107 543 127 567 «
152 527 216 569 ΕΤ
228 524 431 568 concides
446 523 500 567 dc
511 522 594 567 illis
607 522 844 576 minutum,
861 531 904 565 et
916 535 1049 581 pones
1064 527 1214 564 contra
1230 518 1428 563 testimo-

47 612 68 636 »
93 595 163 639 nia
177 595 222 638 in
236 593 518 638 tabernaculo
531 593 780 648 testimonii,
800 592 917 636 unde
929 592 1195 635 innotescam
1212 588 1293 633 tibi
1307 587 1424 633 inde.

47 683 67 707 »
96 667 301 710 Sanctum
314 673 562 709 sanctorum
586 663 666 708 erit
682 664 804 708 vobis
822 663 1086 708 incensum1.
1109 679 1129 701 »
1144 663 1257 704 Ecce
1272 660 1432 704 iterum

43 736 127 781 hoc
140 736 364 780 incensum
376 771 387 791 ,
408 736 509 796 quia
526 736 643 780 intus
661 736 906 794 ponebatur
926 734 972 778 in
989 732 1114 777 altari
1129 730 1295 775 incensi
1309 729 1431 790 quod

43 807 160 851 intus
182 816 297 862 erat,
325 809 532 851 Sanctum
547 815 798 851 sanctorum
810 805 970 849 dicitur
997 823 1005 849 ;
1031 813 1074 848 θῖ
1095 801 1430 847 tabernaculum

46 878 277 922 testimonii
297 878 470 937 proprie
493 877 674 932 dicitur,
712 877 824 921 illud
850 878 991 936 ipsum
1014 874 1195 919 interius
1232 872 1311 917 ubi
1333 887 1431 917 arca

43 958 155 1003 crat,
174 949 368 994 adhibita
387 963 488 992 sane
501 948 748 992 differentia
761 963 862 991 cum
879 947 958 1001 ait,
980 965 1000 988 «
1021 944 1146 990 Unde
1161 945 1429 988 innotescam

45 1037 65 1060 »
91 1019 172 1062 tibi
193 1018 310 1063 inde.
340 1038 360 1060 »
384 1020 451 1065 Sic
472 1019 586 1063 enim
612 1017 780 1062 dixerat
801 1018 994 1077 primum
1017 1015 1073 1060 de
1106 1014 1427 1074 Propitiatorio,

42 1090 163 1151 quod
185 1090 337 1150 utique
359 1091 476 1135 intus
491 1100 576 1145 est⁷
597 1090 643 1134 id
665 1100 744 1145 est,
764 1090 877 1133 intra
895 1088 1041 1133 velum
1058 1102 1187 1147 super
1208 1101 1368 1131 arcam.

473 1198 710 1248 QUAESTIO
742 1198 984 1237 CXXXVIII.

100 1305 217 1356 Qum
235 1312 299 1346 θεῖ
320 1301 442 1362 quod
459 1301 649 1346 Beseleel
680 1315 780 1345 cum
798 1301 974 1360 juberet
1006 1298 1203 1343 adhiberi
1227 1298 1431 1357 operibus

41 1372 311 1418 tabernaculi
348 1372 554 1417 faciendis
571 1409 581 1426 ,
622 1372 730 1416 dixit
752 1387 853 1415 eum
884 1388 928 1415 sc
955 1391 971 1412 «
996 1370 1244 1430 Replevisse
1270 1369 1433 1429 Spiritu

45 1464 64 1486 »
83 1445 229 1489 divino
247 1444 468 1503 sapientiae
490 1453 532 1488 et
547 1443 794 1488 intellectus
817 1453 859 1487 θῖ
877 1443 1066 1487 scientiae
1079 1443 1125 1485 in
1145 1442 1264 1486 omni
1282 1456 1428 1500 opere,

44 1533 64 1556 n
96 1516 364 1573 excogitare,
405 1524 448 1558 et
483 1515 866 1567 architectonari&
897 1533 915 1554 >›
948 1523 1030 1557 etc.
1068 1516 1222 1556 Utrum
1249 1512 1432 1571 Spiritus

41 1586 176 1629 sancti
196 1585 365 1628 muneri
387 1584 517 1627 etiam
538 1585 619 1628 ista
641 1600 771 1643 opera
793 1583 1025 1627 tribuenda
1052 1591 1177 1636 sunt,
1206 1597 1306 1642 quae
1327 1596 1430 1641 per-

41 1657 178 1700 tinere
201 1655 255 1700 ad
273 1655 497 1714 opificium
519 1655 726 1699 videntur
752 1675 760 1699 z
781 1671 836 1698 an
858 1664 901 1698 et
925 1655 1008 1697 hoc
1030 1653 1311 1711 significative
1334 1652 1429 1696 dic-

40 1736 134 1771 tum
158 1736 221 1770 est
242 1761 252 1780 ‚
279 1735 329 1770 ut
351 1741 399 1769 ea
416 1725 662 1784 pertineant
686 1724 742 1768 ad
758 1725 955 1768 divinum
976 1724 1184 1783 Spiritum
1206 1723 1427 1783 sapientire

41 1806 84 1841 et
116 1796 361 1841 intellectus
401 1805 444 1839 et
478 1796 689 1850 scientiae,
715 1812 814 1855 quae
847 1795 911 1839 his
945 1795 1074 1838 rebus
1103 1795 1429 1853 significantur?

12 1897 18 1906 1«
44 1870 206 1911 Tamen
232 1868 361 1911 etiam
378 1868 450 1912 hic
470 1883 571 1911 cum
596 1867 758 1926 Spiritu
770 1865 961 1925 repletus
983 1865 1152 1909 dicatur
1180 1865 1260 1909 iste
1281 1865 1430 1910 divino

43 1938 261 1997 sapientise
275 1947 318 1981 et
334 1937 581 1982 intellectus
603 1946 647 1981 et
661 1937 873 1991 scientiae,
900 1935 1098 1980 nondum
1120 1935 1280 1994 legitur
1301 1936 1430 1996 Spiri-

45 2017 112 2053 tus
131 2016 318 2052 sanctus.

502 2103 738 2152 QUAESTIO
770 2103 978 2143 CXXXIX,

102 2209 216 2260 Qum
238 2206 319 2251 sibi
340 2206 459 2262 vult,
485 2205 606 2266 quod
627 2221 727 2249 cum
749 2204 803 2249 de
821 2205 1001 2249 sabbato
1019 2204 1290 2249 observando
1313 2220 1429 2264 prm-

45 2278 218 2337 ciperet‚
235 2278 294 2322 ait
310 2297 319 2322 :
338 2280 689 2321 «Testamentum
702 2284 914 2319 aeternum
930 2275 1053 2318 inme
1066 2284 1108 2318 et
1119 2274 1214 2318 filiis
1228 2274 1395 2331 Israel³‚
1405 2295 1424 2316 u

45 2364 133 2393 non
156 2349 214 2392 ait
238 2368 246 2393 :
277 2368 296 2390 «
320 2351 439 2392 Inter
461 2363 531 2391 me
557 2357 600 2391 θῖ
621 2346 730 2391 filios
750 2347 906 2390 Israel?
927 2366 945 2387 n
972 2350 1040 2390 An
1071 2346 1168 2406 quia
1194 2346 1427 2389 sabbatum

47 2420 236 2480 requiem
259 2419 492 2478 significat,
530 2429 573 2462 et
603 2419 771 2479 requies
803 2418 927 2462 nobis
951 2434 1040 2461 non
1073 2427 1137 2461 est
1158 2417 1238 2460 nisi
1259 2417 1303 2460 in
1325 2416 1427 2460 illo?

46 2492 150 2534 Nam
169 2490 365 2549 profecto
377 2488 488 2533 filios
510 2488 642 2533 Israel
656 2488 907 2532 universum
925 2488 1137 2548 populum
1153 2503 1281 2531 suum
1303 2487 1424 2542 dicit,

47 2559 91 2603 id
112 2569 197 2616 est,
225 2575 370 2604 semen
393 2560 610 2604 Abraham
628 2578 636 2603 ε
657 2568 701 2602 θῖ
721 2567 784 2603 θεῖ
810 2558 941 2603 Israel
962 2558 1204 2603 seeundum
1220 2573 1395 2602 carnem
1411 2592 1423 2612 ‚

95 2662 102 2678 ¹
127 2656 224 2689 Exod.
240 2668 317 2697 xxx,
337 2656 444 2688 36—
468 2663 481 2678 2
500 2657 547 2687 111.
569 2664 705 2697 xxx1‚2.
726 2653 795 2678 -3
817 2655 898 2687 Ibid.
923 2656 971 2685 13.
