1872 3267
29 359 80 472 5„

58 716 80 741 ))

342 256 598 284 LOCUTIONES
628 255 683 283 ms
714 251 928 292 numnam,
964 255 1048 281 mn.
1086 253 1151 280 111.
1390 242 1440 280 71

113 325 238 368 XIII.
274 343 294 366 «
320 324 396 368 Vir
417 323 486 367 vel
508 321 666 366 mulier
693 321 962 381 quicumque
988 335 1147 379 magne
1174 319 1342 366 voverit
1368 334 1446 366 vo-

111 397 227 437 tum¹
255 414 263 439 :
288 412 308 435 »
334 409 423 438 non
445 393 556 437 dixit
582 412 589 436 :
621 411 639 433 «
661 394 975 451 Quaecumque.
998 408 1018 430 ³)

113 477 233 520 XIV.
260 494 280 517 «
300 478 357 519 Et
379 473 554 519 radetur
571 482 701 533 caput
721 476 892 530 suum23
911 490 931 514 »
953 471 1050 517 talis
1072 470 1234 517 locutio
1255 481 1320 517 est
1340 488 1445 534 qua-

54 545 106 592 lis
129 545 342 605 superius,
373 564 393 587 «
415 544 647 589 Inflabitur
668 552 881 588 ventrem.
906 561 926 584 »

113 630 210 672 XV.
236 647 255 670 «
270 630 349 673 Sex
360 627 559 672 vehicula
580 635 691 672 tecta
706 636 749 671 et
765 626 998 672 duodecim
1019 626 1151 671 boves
1168 646 1179 684 3
1195 625 1449 671 vehiculum

115 715 139 743 a
160 697 334 743 duobus
356 697 650 758 principibus,
676 706 720 741 et
738 696 928 741 vitulum
950 713 973 741 a
991 695 1194 755 singulis³
1220 716 1229 741 :
1258 714 1278 737 »
1304 696 1351 743 in
1368 697 1451 741 hac

55 769 276 815 locutione
305 768 550 813 notandum
579 769 730 828 putavi
763 767 937 813 eosdem
973 768 1114 813 dictos
1149 766 1311 813 vitulos
1339 784 1450 829 quos

56 840 190 886 hoves
213 840 403 896 dixerat,
441 843 518 888 sed
544 840 628 885 hoc
658 839 788 887 etiam
814 854 1006 898 graecum
1034 839 1196 886 idioma
1225 854 1315 886 esse
1346 855 1449 900 per-

58 912 252 956 hibetur.

58 1083 80 1108 ))

58 1153 80 1178 )›

57 1306 79 1332 ))

58 1455 79 1479 ))

56 1526 78 1550 ))

0 1599 3 1619 1
58 1598 79 1621 (ί

57 1742 79 1773 ³)

61 1817 79 1839 )>

2 1966 4 1971 '
59 1964 78 1987 ))

60 2036 79 2061 ))

59 2105 81 2131 ))

60 2176 80 2200 ))

61 2325 82 2349 ))

61 2396 81 2419 ))

62 2467 82 2492 ))

114 996 234 1039 XVI.
265 1013 285 1036 ιι
304 994 508 1055 Princeps
525 1010 639 1041 unus
657 993 875 1056 quotidie,
903 993 1106 1054 princeps
1128 993 1326 1055 quotidie
1345 994 1454 1039 offe-

115 1075 214 1110 rent
234 1065 350 1110 dona
372 1081 449 1110 sua
463 1067 479 1091 4
504 1085 513 1111 ε
543 1084 563 1108 »
592 1081 672 1126 pro
685 1080 739 1112 eo
753 1063 980 1112 utdiceret
1002 1083 1011 1111 ι
1040 1083 1061 1108 ι(
1084 1064 1277 1125 Singulis
1299 1064 1453 1111 diebus

115 1134 276 1194 singuli
297 1136 529 1198 principes.
558 1155 579 1178 »

115 1220 258 1262 XVII.
293 1237 315 1260 «
331 1217 532 1262 Vitulum
556 1232 695 1262 unum
712 1231 792 1277 pro
815 1216 958 1263 bobus
983 1227 1027 1262 et
1055 1217 1228 1264 hircum
1247 1233 1298 1264 ex
1316 1218 1455 1279 capris

114 1292 298 1334 unum⁵.
328 1307 349 1330 »

114 1369 281 1410 XVIII.
314 1369 410 1411 «Et
430 1382 521 1411 non
551 1367 634 1411 erit
656 1367 702 1411 in
725 1366 824 1411 filiis
856 1366 989 1412 Israel
1020 1368 1230 1412 accedens
1261 1367 1454 1412 filiorum

115 1437 247 1481 Israel
267 1437 322 1482 ad
338 1440 510 1483 sancta6
535 1458 543 1482 :
574 1457 593 1480 »
614 1437 790 1483 videtur
808 1439 998 1498 potuisse
1012 1439 1229 1494 sufficere,
1254 1458 1274 1481 «
1291 1442 1348 1484 Et
1364 1455 1454 1484 non

114 1510 194 1553 erit
228 1510 274 1552 in
302 1509 401 1553 filiis
436 1509 569 1554 Israel
597 1509 808 1554 accedens
843 1509 899 1554 ad
933 1518 1109 1567 sanct33
1143 1528 1163 1551 >›
1196 1519 1272 1555 aut
1307 1520 1451 1566 certe,

114 1582 212 1625 Non
234 1580 316 1623 erit
337 1580 528 1624 filiorum
552 1580 685 1627 Israel
706 1579 917 1625 accedens
940 1580 995 1624 ad
1016 1590 1181 1625 sancta.
1202 1599 1221 1623 »

113 1658 235 1700 XIX.
267 1659 368 1700 «Et
395 1655 498 1701 fecit
527 1661 699 1714 Moyses
735 1667 778 1701 et
808 1661 953 1702 Aaron
987 1667 1031 1701 et
1064 1658 1203 1703 omnis
1235 1673 1454 1717 synagoga

114 1725 306 1770 filiorum
325 1726 456 1770 Israel
472 1726 631 1771 Levitis
646 1726 889 1771 secundum
904 1743 1004 1788 quae
1022 1729 1232 1788 praecepit
1243 1730 1454 1775 Dominus

114 1797 256 1854 Moysi
278 1796 332 1840 dc
356 1798 537 1853 Levitis,
564 1797 623 1841 ita
647 1796 847 1842 fecerunt
870 1798 930 1842 eis
948 1798 1026 1843 filii
1050 1799 1180 1843 Israel
1195 1801 1225 1843 ⁷.
1253 1820 1271 1842 »

113 1876 212 1918 XX.
253 1894 273 1917 «
293 1878 350 1919 Et
374 1876 531 1931 homo,
559 1876 692 1919 homo
714 1876 984 1937 quicumque
1006 1876 1200 1921 mundus
1223 1876 1357 1922 fuerit
1372 1913 1383 1933 ‚
1410 1888 1454 1923 et

116 1946 160 1989 in
178 1945 292 1989 viam
314 1945 602 2006 longinquam
622 1962 712 1990 non
736 1956 814 2001 est,
838 1956 881 1990 ct
896 1945 1086 1991 defuerit
1104 1946 1245 1992 facere
1264 1950 1449 2005 Pascha,

115 2015 477 2060 exterminabitur
514 2017 656 2061 anima
692 2016 763 2061 illa
803 2017 858 2061 de
894 2017 1058 2078 populo
1096 2021 1199 2064 suo8
1240 2039 1248 2064 :
1289 2037 1310 2060 »
1349 2035 1454 2080 ergo

115 2088 247 2132 homo
268 2088 424 2141 homo,
450 2106 469 2129 »
491 2087 657 2133 locutio
677 2098 761 2145 est,
786 2105 835 2133 ac
857 2089 892 2133 si
905 2088 1069 2134 diceret
1097 2110 1104 2134 :
1135 2112 1150 2130 ‹«
1175 2091 1453 2153 Quicumque

115 2159 270 2215 homo,
296 2159 368 2203 ille
390 2159 460 2204 vel
481 2160 570 2204 ille.
601 2179 620 2202 »

116 2239 237 2280 XXI.
278 2240 375 2281 «Et
402 2254 500 2282 cum
531 2238 791 2284 ascendisset
823 2239 965 2283 nubes
1005 2256 1027 2284 a
1063 2239 1372 2298 tabernaculo,
1407 2251 1452 2287 et

117 2317 264 2367 postea
278 2309 597 2367 promovebant
611 2309 689 2353 filii
709 2309 864 2354 lsrael⁹
885 2329 894 2355 ι
916 2330 935 2352 ‹<
955 2320 1127 2370 poterat
1143 2311 1324 2372 plenum
1342 2328 1448 2369 esse,

117 2382 174 2423 Et
195 2395 296 2423 cum
313 2380 574 2425 ascendisset
588 2381 728 2425 nubes
752 2397 774 2425 a
797 2382 1107 2438 tabernaculo,
1133 2384 1454 2444 promovebant

117 2449 194 2493 filii
218 2450 363 2496 Israel.
393 2469 413 2493 »

106 2548 199 2578 Num.
222 2558 270 2588 w,
288 2556 319 2579 2.
337 2565 379 2570 —
394 2556 406 2571 2
427 2549 508 2581 Ibid.
527 2561 560 2592 9.
586 2567 628 2573 —
651 2548 663 2572 3
682 2551 728 2582 Id.
749 2550 805 2592 vii,
826 2551 857 2582 3.
874 2567 916 2574 —-
931 2549 1048 2583 41bid.
1074 2564 1123 2584 11.
1142 2569 1184 2576 —
1198 2551 1312 2586 ⁵1b1'd.
1344 2553 1453 2585 15.—

62 2600 360 2646 '’I‹I.v111‚19.--
383 2612 396 2637 7
416 2605 496 2638 Ibid.
515 2615 567 2639 20.
589 2623 631 2628 —
651 2606 664 2627 ’ἦ
689 2606 734 2638 Id.
756 2618 801 2649 ιι,
821 2608 869 2638 13.
892 2624 932 2630 —-
952 2614 967 2638 9
989 2604 1067 2640 Ibid.
1093 2619 1141 2650 ιζ.
