<?xml version="1.0" encoding="UTF-8"?>
<!DOCTYPE html PUBLIC "-//W3C//DTD XHTML 1.0 Transitional//EN"
    "http://www.w3.org/TR/xhtml1/DTD/xhtml1-transitional.dtd">
<html xmlns="http://www.w3.org/1999/xhtml" xml:lang="en" lang="en">
 <head>
  <title>
</title>
<meta http-equiv="Content-Type" content="text/html;charset=utf-8" />
  <meta name='ocr-system' content='tesseract 3.04.00' />
  <meta name='ocr-capabilities' content='ocr_page ocr_carea ocr_par ocr_line ocrx_word'/>
</head>
<body>
  <div class='ocr_page' id='page_1' title='image "./operaomniaaccura06auguuoft_0350.png"; bbox 0 0 1872 3267; ppageno 0'>
   <div class='ocr_carea' id='block_1_1' title="bbox 370 245 1301 290">
    <p class='ocr_par' dir='ltr' id='par_1_1' title="bbox 370 245 1301 290">
     <span class='ocr_line' id='line_1_1' title="bbox 370 245 1301 290; baseline 0.002 -4"><span class='ocrx_word' id='word_1_1' title='bbox 370 245 454 287; x_wconf 73' lang='lat'>344</span> <span class='ocrx_word' id='word_1_2' title='bbox 792 262 827 289; x_wconf 80' lang='lat' dir='ltr'>s.</span> <span class='ocrx_word' id='word_1_3' title='bbox 861 258 1090 290; x_wconf 69' lang='lat' dir='ltr'>Aucusnm</span> <span class='ocrx_word' id='word_1_4' title='bbox 1122 261 1301 290; x_wconf 76' lang='lat' dir='ltr'>131²1sc01³1</span> 
     </span>
    </p>
   </div>
   <div class='ocr_carea' id='block_1_2' title="bbox 361 324 1749 2653">
    <p class='ocr_par' dir='ltr' id='par_1_2' title="bbox 361 324 1749 2653">
     <span class='ocr_line' id='line_1_2' title="bbox 367 324 1744 389; baseline 0.001 -19"><span class='ocrx_word' id='word_1_5' title='bbox 367 324 589 370; x_wconf 87' lang='lat' dir='ltr'>subtracta</span> <span class='ocrx_word' id='word_1_6' title='bbox 610 335 710 370; x_wconf 91' lang='lat' dir='ltr'>sunt</span> <span class='ocrx_word' id='word_1_7' title='bbox 728 326 876 371; x_wconf 87' lang='lat' dir='ltr'>cubita</span> <span class='ocrx_word' id='word_1_8' title='bbox 892 328 1081 386; x_wconf 83' lang='lat' dir='ltr'>triginta,</span> <span class='ocrx_word' id='word_1_9' title='bbox 1101 337 1263 389; x_wconf 86' lang='lat' dir='ltr'>quanta</span> <span class='ocrx_word' id='word_1_10' title='bbox 1285 335 1375 372; x_wconf 87' lang='lat' dir='ltr'>erat</span> <span class='ocrx_word' id='word_1_11' title='bbox 1390 327 1475 372; x_wconf 91' lang='lat' dir='ltr'>veli</span> <span class='ocrx_word' id='word_1_12' title='bbox 1497 327 1625 372; x_wconf 90' lang='lat' dir='ltr'>unius</span> <span class='ocrx_word' id='word_1_13' title='bbox 1644 326 1744 372; x_wconf 91' lang='lat' dir='ltr'>lon-</span> 
     </span>
     <span class='ocr_line' id='line_1_3' title="bbox 368 394 1744 460; baseline 0.001 -20"><span class='ocrx_word' id='word_1_14' title='bbox 368 394 542 454; x_wconf 72' lang='lat' dir='ltr'>gitudo,</span> <span class='ocrx_word' id='word_1_15' title='bbox 557 405 600 440; x_wconf 91' lang='lat' dir='ltr'>et</span> <span class='ocrx_word' id='word_1_16' title='bbox 617 407 918 442; x_wconf 87' lang='lat' dir='ltr'>remanserunt</span> <span class='ocrx_word' id='word_1_17' title='bbox 934 398 1471 460; x_wconf 83' lang='lat' dir='ltr'>centum-quinquaginta,</span> <span class='ocrx_word' id='word_1_18' title='bbox 1489 406 1597 458; x_wconf 88' lang='lat' dir='ltr'>quot</span> <span class='ocrx_word' id='word_1_19' title='bbox 1615 397 1744 441; x_wconf 88' lang='lat' dir='ltr'>etiam</span> 
     </span>
     <span class='ocr_line' id='line_1_4' title="bbox 364 469 1745 532; baseline 0.001 -18"><span class='ocrx_word' id='word_1_20' title='bbox 364 484 415 514; x_wconf 89' lang='lat' dir='ltr'>ex</span> <span class='ocrx_word' id='word_1_21' title='bbox 435 478 558 529; x_wconf 89' lang='lat' dir='ltr'>parte</span> <span class='ocrx_word' id='word_1_22' title='bbox 579 469 711 514; x_wconf 86' lang='lat' dir='ltr'>altera</span> <span class='ocrx_word' id='word_1_23' title='bbox 728 469 922 516; x_wconf 87' lang='lat' dir='ltr'>fuerunt.</span> <span class='ocrx_word' id='word_1_24' title='bbox 944 472 1159 518; x_wconf 83' lang='lat' dir='ltr'><strong>Circuitus</strong></span> <span class='ocrx_word' id='word_1_25' title='bbox 1180 473 1328 532; x_wconf 86' lang='lat' dir='ltr'>itaque</span> <span class='ocrx_word' id='word_1_26' title='bbox 1349 470 1546 517; x_wconf 90' lang='lat' dir='ltr'>velorum</span> <span class='ocrx_word' id='word_1_27' title='bbox 1565 470 1745 530; x_wconf 87' lang='lat' dir='ltr'>capilla-</span> 
     </span>
     <span class='ocr_line' id='line_1_5' title="bbox 365 540 1746 602; baseline 0.001 -18"><span class='ocrx_word' id='word_1_28' title='bbox 365 540 555 596; x_wconf 84' lang='lat' dir='ltr'>ciorum,</span> <span class='ocrx_word' id='word_1_29' title='bbox 595 557 684 602; x_wconf 92' lang='lat' dir='ltr'>quo</span> <span class='ocrx_word' id='word_1_30' title='bbox 717 541 973 601; x_wconf 83' lang='lat' dir='ltr'>cingebatur</span> <span class='ocrx_word' id='word_1_31' title='bbox 1012 543 1169 588; x_wconf 88' lang='lat' dir='ltr'>atrium</span> <span class='ocrx_word' id='word_1_32' title='bbox 1211 541 1505 597; x_wconf 83' lang='lat' dir='ltr'>tabernaculi,</span> <span class='ocrx_word' id='word_1_33' title='bbox 1546 541 1746 586; x_wconf 83' lang='lat' dir='ltr'>trecentis</span> 
     </span>
     <span class='ocr_line' id='line_1_6' title="bbox 363 610 1747 667; baseline 0 -12"><span class='ocrx_word' id='word_1_34' title='bbox 363 610 523 656; x_wconf 90' lang='lat' dir='ltr'>cubitis</span> <span class='ocrx_word' id='word_1_35' title='bbox 553 610 830 667; x_wconf 82' lang='lat' dir='ltr'>tendebatur,</span> <span class='ocrx_word' id='word_1_36' title='bbox 851 612 963 657; x_wconf 87' lang='lat' dir='ltr'>sicut</span> <span class='ocrx_word' id='word_1_37' title='bbox 984 613 1188 659; x_wconf 84' lang='lat' dir='ltr'>circuitus</span> <span class='ocrx_word' id='word_1_38' title='bbox 1210 614 1361 658; x_wconf 84' lang='lat' dir='ltr'>decem</span> <span class='ocrx_word' id='word_1_39' title='bbox 1379 611 1618 657; x_wconf 75' lang='lat' dir='ltr'>aulaeorum</span> <span class='ocrx_word' id='word_1_40' title='bbox 1640 612 1747 656; x_wconf 89' lang='lat' dir='ltr'>inte·</span> 
     </span>
     <span class='ocr_line' id='line_1_7' title="bbox 364 681 1746 742; baseline -0.001 -16"><span class='ocrx_word' id='word_1_41' title='bbox 364 682 487 726; x_wconf 80' lang='lat' dir='ltr'>rioris</span> <span class='ocrx_word' id='word_1_42' title='bbox 501 681 772 726; x_wconf 82' lang='lat' dir='ltr'>tabernaculi</span> <span class='ocrx_word' id='word_1_43' title='bbox 785 682 942 727; x_wconf 91' lang='lat' dir='ltr'>cubitis</span> <span class='ocrx_word' id='word_1_44' title='bbox 960 682 1157 728; x_wconf 89' lang='lat' dir='ltr'>ducentis</span> <span class='ocrx_word' id='word_1_45' title='bbox 1170 684 1406 742; x_wconf 80' lang='lat' dir='ltr'>octoginta.</span> <span class='ocrx_word' id='word_1_46' title='bbox 1421 682 1569 728; x_wconf 82' lang='lat' dir='ltr'>Aulaea</span> <span class='ocrx_word' id='word_1_47' title='bbox 1584 683 1746 742; x_wconf 87' lang='lat' dir='ltr'>quippe</span> 
     </span>
     <span class='ocr_line' id='line_1_8' title="bbox 363 752 1743 812; baseline 0.001 -16"><span class='ocrx_word' id='word_1_48' title='bbox 363 753 533 812; x_wconf 85' lang='lat' dir='ltr'>singula</span> <span class='ocrx_word' id='word_1_49' title='bbox 555 753 780 797; x_wconf 84' lang='lat' dir='ltr'>habebant</span> <span class='ocrx_word' id='word_1_50' title='bbox 802 753 948 798; x_wconf 84' lang='lat' dir='ltr'>cubita</span> <span class='ocrx_word' id='word_1_51' title='bbox 968 754 1119 799; x_wconf 89' lang='lat' dir='ltr'>vicena</span> <span class='ocrx_word' id='word_1_52' title='bbox 1140 764 1182 799; x_wconf 89' lang='lat' dir='ltr'>et</span> <span class='ocrx_word' id='word_1_53' title='bbox 1203 764 1359 800; x_wconf 86' lang='lat' dir='ltr'>octona</span> <span class='ocrx_word' id='word_1_54' title='bbox 1382 755 1427 798; x_wconf 90' lang='lat' dir='ltr'>in</span> <span class='ocrx_word' id='word_1_55' title='bbox 1448 752 1743 812; x_wconf 84' lang='lat' dir='ltr'>longitudine,</span> 
     </span>
     <span class='ocr_line' id='line_1_9' title="bbox 365 823 1748 885; baseline 0 -16"><span class='ocrx_word' id='word_1_56' title='bbox 365 823 586 884; x_wconf 85' lang='lat' dir='ltr'>capillacia</span> <span class='ocrx_word' id='word_1_57' title='bbox 603 839 706 870; x_wconf 87' lang='lat' dir='ltr'>vero</span> <span class='ocrx_word' id='word_1_58' title='bbox 730 823 823 869; x_wconf 88' lang='lat' dir='ltr'>vela</span> <span class='ocrx_word' id='word_1_59' title='bbox 846 825 1020 869; x_wconf 84' lang='lat' dir='ltr'>tricenis</span> <span class='ocrx_word' id='word_1_60' title='bbox 1037 826 1194 871; x_wconf 88' lang='lat' dir='ltr'>cubitis</span> <span class='ocrx_word' id='word_1_61' title='bbox 1214 826 1342 884; x_wconf 83' lang='lat' dir='ltr'>longa</span> <span class='ocrx_word' id='word_1_62' title='bbox 1363 835 1500 870; x_wconf 87' lang='lat' dir='ltr'>erant.</span> <span class='ocrx_word' id='word_1_63' title='bbox 1522 829 1748 885; x_wconf 84' lang='lat' dir='ltr'>Quaprop-</span> 
     </span>
     <span class='ocr_line' id='line_1_10' title="bbox 365 894 1744 956; baseline 0.001 -18"><span class='ocrx_word' id='word_1_64' title='bbox 365 904 431 939; x_wconf 88' lang='lat' dir='ltr'>ter</span> <span class='ocrx_word' id='word_1_65' title='bbox 452 910 505 938; x_wconf 82' lang='lat' dir='ltr'>ex</span> <span class='ocrx_word' id='word_1_66' title='bbox 517 894 686 939; x_wconf 84' lang='lat' dir='ltr'>ambitu</span> <span class='ocrx_word' id='word_1_67' title='bbox 705 894 944 940; x_wconf 81' lang='lat' dir='ltr'>aulaeorum</span> <span class='ocrx_word' id='word_1_68' title='bbox 961 895 1176 941; x_wconf 91' lang='lat' dir='ltr'>interioris</span> <span class='ocrx_word' id='word_1_69' title='bbox 1197 896 1469 941; x_wconf 88' lang='lat' dir='ltr'>tabernaculi</span> <span class='ocrx_word' id='word_1_70' title='bbox 1486 897 1562 956; x_wconf 92' lang='lat' dir='ltr'>qui</span> <span class='ocrx_word' id='word_1_71' title='bbox 1585 904 1676 940; x_wconf 87' lang='lat' dir='ltr'>erat</span> <span class='ocrx_word' id='word_1_72' title='bbox 1701 897 1744 940; x_wconf 87' lang='lat' dir='ltr'>in</span> 
     </span>
     <span class='ocr_line' id='line_1_11' title="bbox 364 965 1749 1025; baseline 0 -14"><span class='ocrx_word' id='word_1_73' title='bbox 364 966 523 1011; x_wconf 85' lang='lat' dir='ltr'>cubitis</span> <span class='ocrx_word' id='word_1_74' title='bbox 542 965 998 1025; x_wconf 87' lang='lat' dir='ltr'>ducentis-octoginta,</span> <span class='ocrx_word' id='word_1_75' title='bbox 1017 976 1199 1012; x_wconf 89' lang='lat' dir='ltr'>centena</span> <span class='ocrx_word' id='word_1_76' title='bbox 1215 967 1361 1012; x_wconf 90' lang='lat' dir='ltr'>cubita</span> <span class='ocrx_word' id='word_1_77' title='bbox 1376 968 1420 1012; x_wconf 92' lang='lat' dir='ltr'>in</span> <span class='ocrx_word' id='word_1_78' title='bbox 1438 967 1643 1012; x_wconf 87' lang='lat' dir='ltr'>lateribus</span> <span class='ocrx_word' id='word_1_79' title='bbox 1655 966 1749 1012; x_wconf 90' lang='lat' dir='ltr'>lon-</span> 
     </span>
     <span class='ocr_line' id='line_1_12' title="bbox 363 1036 1749 1100; baseline 0.001 -20"><span class='ocrx_word' id='word_1_80' title='bbox 363 1036 555 1095; x_wconf 77' lang='lat' dir='ltr'>gioribus</span> <span class='ocrx_word' id='word_1_81' title='bbox 578 1045 702 1081; x_wconf 89' lang='lat' dir='ltr'>erant</span> <span class='ocrx_word' id='word_1_82' title='bbox 725 1036 873 1081; x_wconf 86' lang='lat' dir='ltr'>Austri</span> <span class='ocrx_word' id='word_1_83' title='bbox 895 1046 939 1081; x_wconf 91' lang='lat' dir='ltr'>et</span> <span class='ocrx_word' id='word_1_84' title='bbox 953 1037 1197 1099; x_wconf 88' lang='lat' dir='ltr'>Aquilonis,</span> <span class='ocrx_word' id='word_1_85' title='bbox 1214 1047 1258 1083; x_wconf 89' lang='lat' dir='ltr'>et</span> <span class='ocrx_word' id='word_1_86' title='bbox 1279 1038 1557 1100; x_wconf 84' lang='lat' dir='ltr'>quadragena</span> <span class='ocrx_word' id='word_1_87' title='bbox 1581 1039 1627 1082; x_wconf 92' lang='lat' dir='ltr'>in</span> <span class='ocrx_word' id='word_1_88' title='bbox 1640 1037 1749 1082; x_wconf 88' lang='lat' dir='ltr'>duo-</span> 
     </span>
     <span class='ocr_line' id='line_1_13' title="bbox 364 1108 1744 1156; baseline 0.001 -4"><span class='ocrx_word' id='word_1_89' title='bbox 364 1109 446 1152; x_wconf 92' lang='lat' dir='ltr'>bus</span> <span class='ocrx_word' id='word_1_90' title='bbox 468 1108 739 1153; x_wconf 87' lang='lat' dir='ltr'>brevioribus</span> <span class='ocrx_word' id='word_1_91' title='bbox 768 1108 956 1154; x_wconf 88' lang='lat' dir='ltr'>Orientis</span> <span class='ocrx_word' id='word_1_92' title='bbox 978 1118 1022 1154; x_wconf 93' lang='lat' dir='ltr'>et</span> <span class='ocrx_word' id='word_1_93' title='bbox 1041 1108 1306 1156; x_wconf 87' lang='lat' dir='ltr'>Occidentis:</span> <span class='ocrx_word' id='word_1_94' title='bbox 1333 1126 1384 1155; x_wconf 92' lang='lat' dir='ltr'>ex</span> <span class='ocrx_word' id='word_1_95' title='bbox 1406 1110 1575 1155; x_wconf 87' lang='lat' dir='ltr'>ambitu</span> <span class='ocrx_word' id='word_1_96' title='bbox 1599 1119 1744 1154; x_wconf 89' lang='lat' dir='ltr'>autem</span> 
     </span>
     <span class='ocr_line' id='line_1_14' title="bbox 365 1178 1748 1241; baseline 0.001 -19"><span class='ocrx_word' id='word_1_97' title='bbox 365 1178 687 1238; x_wconf 84' lang='lat' dir='ltr'>capillaciorum</span> <span class='ocrx_word' id='word_1_98' title='bbox 698 1178 912 1235; x_wconf 85' lang='lat' dir='ltr'>velorum,</span> <span class='ocrx_word' id='word_1_99' title='bbox 925 1195 1013 1240; x_wconf 87' lang='lat' dir='ltr'>quo</span> <span class='ocrx_word' id='word_1_100' title='bbox 1026 1180 1184 1225; x_wconf 87' lang='lat' dir='ltr'>atrium</span> <span class='ocrx_word' id='word_1_101' title='bbox 1197 1181 1383 1225; x_wconf 85' lang='lat' dir='ltr'>exterius</span> <span class='ocrx_word' id='word_1_102' title='bbox 1396 1181 1635 1239; x_wconf 81' lang='lat' dir='ltr'>tegebatur,</span> <span class='ocrx_word' id='word_1_103' title='bbox 1647 1181 1748 1241; x_wconf 87' lang='lat' dir='ltr'>quia</span> 
     </span>
     <span class='ocr_line' id='line_1_15' title="bbox 364 1249 1749 1306; baseline 0 -12"><span class='ocrx_word' id='word_1_104' title='bbox 364 1249 553 1294; x_wconf 87' lang='lat' dir='ltr'>ambitus</span> <span class='ocrx_word' id='word_1_105' title='bbox 575 1259 666 1293; x_wconf 89' lang='lat' dir='ltr'>erat</span> <span class='ocrx_word' id='word_1_106' title='bbox 688 1250 733 1294; x_wconf 92' lang='lat' dir='ltr'>in</span> <span class='ocrx_word' id='word_1_107' title='bbox 755 1250 911 1294; x_wconf 88' lang='lat' dir='ltr'>cubitis</span> <span class='ocrx_word' id='word_1_108' title='bbox 943 1251 1162 1306; x_wconf 86' lang='lat' dir='ltr'>trecentis,</span> <span class='ocrx_word' id='word_1_109' title='bbox 1187 1260 1370 1296; x_wconf 88' lang='lat' dir='ltr'>centena</span> <span class='ocrx_word' id='word_1_110' title='bbox 1393 1261 1514 1296; x_wconf 87' lang='lat' dir='ltr'>erant</span> <span class='ocrx_word' id='word_1_111' title='bbox 1537 1252 1582 1295; x_wconf 90' lang='lat' dir='ltr'>in</span> <span class='ocrx_word' id='word_1_112' title='bbox 1603 1251 1749 1295; x_wconf 91' lang='lat' dir='ltr'>lateri-</span> 
     </span>
     <span class='ocr_line' id='line_1_16' title="bbox 368 1317 1748 1383; baseline 0.001 -19"><span class='ocrx_word' id='word_1_113' title='bbox 368 1321 446 1364; x_wconf 88' lang='lat' dir='ltr'>bus</span> <span class='ocrx_word' id='word_1_114' title='bbox 473 1317 745 1379; x_wconf 82' lang='lat' dir='ltr'>longioribus</span> <span class='ocrx_word' id='word_1_115' title='bbox 783 1322 929 1366; x_wconf 86' lang='lat' dir='ltr'>Austri</span> <span class='ocrx_word' id='word_1_116' title='bbox 963 1331 1006 1366; x_wconf 90' lang='lat' dir='ltr'>et</span> <span class='ocrx_word' id='word_1_117' title='bbox 1037 1322 1287 1383; x_wconf 89' lang='lat' dir='ltr'>Aquilonis,</span> <span class='ocrx_word' id='word_1_118' title='bbox 1319 1323 1525 1383; x_wconf 84' lang='lat' dir='ltr'>quoniam</span> <span class='ocrx_word' id='word_1_119' title='bbox 1564 1321 1748 1383; x_wconf 74' lang='lat' dir='ltr'>aequalia</span> 
     </span>
     <span class='ocr_line' id='line_1_17' title="bbox 362 1390 1746 1454; baseline 0.001 -19"><span class='ocrx_word' id='word_1_120' title='bbox 362 1400 486 1435; x_wconf 87' lang='lat' dir='ltr'>erant</span> <span class='ocrx_word' id='word_1_121' title='bbox 500 1390 711 1435; x_wconf 86' lang='lat' dir='ltr'>lateribus</span> <span class='ocrx_word' id='word_1_122' title='bbox 730 1391 1018 1447; x_wconf 88' lang='lat' dir='ltr'>tabernaculi,</span> <span class='ocrx_word' id='word_1_123' title='bbox 1038 1393 1253 1437; x_wconf 83' lang='lat' dir='ltr'>interioris</span> <span class='ocrx_word' id='word_1_124' title='bbox 1278 1394 1583 1454; x_wconf 82' lang='lat' dir='ltr'>quinquagena</span> <span class='ocrx_word' id='word_1_125' title='bbox 1602 1403 1746 1437; x_wconf 88' lang='lat' dir='ltr'>autem</span> 
     </span>
     <span class='ocr_line' id='line_1_18' title="bbox 363 1461 1749 1524; baseline 0.001 -19"><span class='ocrx_word' id='word_1_126' title='bbox 363 1463 408 1505; x_wconf 89' lang='lat' dir='ltr'>in</span> <span class='ocrx_word' id='word_1_127' title='bbox 430 1461 600 1506; x_wconf 87' lang='lat' dir='ltr'>duabus</span> <span class='ocrx_word' id='word_1_128' title='bbox 623 1461 799 1523; x_wconf 87' lang='lat' dir='ltr'>reliquis</span> <span class='ocrx_word' id='word_1_129' title='bbox 816 1462 1012 1522; x_wconf 87' lang='lat' dir='ltr'>partibus</span> <span class='ocrx_word' id='word_1_130' title='bbox 1032 1463 1219 1507; x_wconf 86' lang='lat' dir='ltr'>Orientis</span> <span class='ocrx_word' id='word_1_131' title='bbox 1241 1473 1284 1508; x_wconf 85' lang='lat' dir='ltr'>et</span> <span class='ocrx_word' id='word_1_132' title='bbox 1303 1463 1567 1508; x_wconf 84' lang='lat' dir='ltr'>Occidentis.</span> <span class='ocrx_word' id='word_1_133' title='bbox 1589 1466 1650 1508; x_wconf 89' lang='lat' dir='ltr'>Ae</span> <span class='ocrx_word' id='word_1_134' title='bbox 1672 1479 1749 1524; x_wconf 88' lang='lat' dir='ltr'>per</span> 
     </span>
     <span class='ocr_line' id='line_1_19' title="bbox 363 1531 1746 1594; baseline 0.001 -18"><span class='ocrx_word' id='word_1_135' title='bbox 363 1533 448 1576; x_wconf 88' lang='lat' dir='ltr'>hoc</span> <span class='ocrx_word' id='word_1_136' title='bbox 479 1532 568 1577; x_wconf 84' lang='lat' dir='ltr'>duo</span> <span class='ocrx_word' id='word_1_137' title='bbox 604 1531 679 1577; x_wconf 85' lang='lat' dir='ltr'>illa</span> <span class='ocrx_word' id='word_1_138' title='bbox 714 1532 882 1589; x_wconf 89' lang='lat' dir='ltr'>cubita,</span> <span class='ocrx_word' id='word_1_139' title='bbox 909 1534 1070 1594; x_wconf 87' lang='lat' dir='ltr'>quibus</span> <span class='ocrx_word' id='word_1_140' title='bbox 1102 1532 1277 1593; x_wconf 85' lang='lat' dir='ltr'>longius</span> <span class='ocrx_word' id='word_1_141' title='bbox 1306 1543 1397 1578; x_wconf 89' lang='lat' dir='ltr'>erat</span> <span class='ocrx_word' id='word_1_142' title='bbox 1429 1533 1568 1578; x_wconf 76' lang='lat' dir='ltr'>aulaeo</span> <span class='ocrx_word' id='word_1_143' title='bbox 1601 1535 1746 1578; x_wconf 89' lang='lat' dir='ltr'>velum</span> 
     </span>
     <span class='ocr_line' id='line_1_20' title="bbox 363 1604 1746 1666; baseline 0.001 -18"><span class='ocrx_word' id='word_1_144' title='bbox 363 1604 655 1664; x_wconf 83' lang='lat' dir='ltr'>capillacium,</span> <span class='ocrx_word' id='word_1_145' title='bbox 681 1621 770 1649; x_wconf 90' lang='lat' dir='ltr'>non</span> <span class='ocrx_word' id='word_1_146' title='bbox 785 1604 990 1650; x_wconf 89' lang='lat' dir='ltr'>lateribus</span> <span class='ocrx_word' id='word_1_147' title='bbox 1013 1606 1159 1650; x_wconf 86' lang='lat' dir='ltr'>Austri</span> <span class='ocrx_word' id='word_1_148' title='bbox 1181 1615 1224 1649; x_wconf 93' lang='lat' dir='ltr'>et</span> <span class='ocrx_word' id='word_1_149' title='bbox 1240 1605 1483 1666; x_wconf 87' lang='lat' dir='ltr'>Aquilonis,</span> <span class='ocrx_word' id='word_1_150' title='bbox 1509 1621 1607 1666; x_wconf 83' lang='lat' dir='ltr'>quae</span> <span class='ocrx_word' id='word_1_151' title='bbox 1630 1607 1746 1666; x_wconf 88' lang='lat' dir='ltr'>paria</span> 
     </span>
     <span class='ocr_line' id='line_1_21' title="bbox 363 1675 1747 1731; baseline 0.002 -13"><span class='ocrx_word' id='word_1_152' title='bbox 363 1684 487 1718; x_wconf 86' lang='lat' dir='ltr'>erant</span> <span class='ocrx_word' id='word_1_153' title='bbox 504 1676 599 1718; x_wconf 89' lang='lat' dir='ltr'>atrii</span> <span class='ocrx_word' id='word_1_154' title='bbox 621 1675 840 1719; x_wconf 87' lang='lat' dir='ltr'>exterioris</span> <span class='ocrx_word' id='word_1_155' title='bbox 859 1685 902 1720; x_wconf 92' lang='lat' dir='ltr'>et</span> <span class='ocrx_word' id='word_1_156' title='bbox 918 1675 1188 1721; x_wconf 84' lang='lat' dir='ltr'>tabernaculi</span> <span class='ocrx_word' id='word_1_157' title='bbox 1211 1676 1439 1731; x_wconf 82' lang='lat' dir='ltr'>interioris,</span> <span class='ocrx_word' id='word_1_158' title='bbox 1453 1675 1526 1720; x_wconf 87' lang='lat' dir='ltr'>sed</span> <span class='ocrx_word' id='word_1_159' title='bbox 1541 1675 1747 1721; x_wconf 86' lang='lat' dir='ltr'>lateribus</span> 
     </span>
     <span class='ocr_line' id='line_1_22' title="bbox 363 1746 1747 1807; baseline 0.001 -16"><span class='ocrx_word' id='word_1_160' title='bbox 363 1746 548 1791; x_wconf 88' lang='lat' dir='ltr'>Orientis</span> <span class='ocrx_word' id='word_1_161' title='bbox 583 1756 626 1791; x_wconf 90' lang='lat' dir='ltr'>ct</span> <span class='ocrx_word' id='word_1_162' title='bbox 647 1747 894 1791; x_wconf 85' lang='lat' dir='ltr'>Occidentis</span> <span class='ocrx_word' id='word_1_163' title='bbox 922 1747 1223 1807; x_wconf 85' lang='lat' dir='ltr'>proficiebant.</span> <span class='ocrx_word' id='word_1_164' title='bbox 1251 1750 1303 1791; x_wconf 90' lang='lat' dir='ltr'>In</span> <span class='ocrx_word' id='word_1_165' title='bbox 1325 1748 1383 1791; x_wconf 90' lang='lat' dir='ltr'>eis</span> <span class='ocrx_word' id='word_1_166' title='bbox 1406 1747 1520 1791; x_wconf 90' lang='lat' dir='ltr'>enim</span> <span class='ocrx_word' id='word_1_167' title='bbox 1542 1747 1747 1792; x_wconf 84' lang='lat' dir='ltr'>lateribus</span> 
     </span>
     <span class='ocr_line' id='line_1_23' title="bbox 362 1816 1747 1877; baseline 0 -16"><span class='ocrx_word' id='word_1_168' title='bbox 362 1827 555 1862; x_wconf 84' lang='lat' dir='ltr'>creverat</span> <span class='ocrx_word' id='word_1_169' title='bbox 592 1816 862 1861; x_wconf 89' lang='lat' dir='ltr'>tabernaculi</span> <span class='ocrx_word' id='word_1_170' title='bbox 895 1817 1104 1872; x_wconf 85' lang='lat' dir='ltr'>latitudo,</span> <span class='ocrx_word' id='word_1_171' title='bbox 1138 1818 1444 1877; x_wconf 88' lang='lat' dir='ltr'>circumposito</span> <span class='ocrx_word' id='word_1_172' title='bbox 1483 1818 1747 1862; x_wconf 83' lang='lat' dir='ltr'>extrinsecus</span> 
     </span>
     <span class='ocr_line' id='line_1_24' title="bbox 362 1888 1743 1950; baseline 0 -17"><span class='ocrx_word' id='word_1_173' title='bbox 362 1889 498 1934; x_wconf 84' lang='lat' dir='ltr'>atrio:</span> <span class='ocrx_word' id='word_1_174' title='bbox 523 1888 599 1933; x_wconf 89' lang='lat' dir='ltr'>sed</span> <span class='ocrx_word' id='word_1_175' title='bbox 622 1890 939 1950; x_wconf 82' lang='lat' dir='ltr'>quinquaginta</span> <span class='ocrx_word' id='word_1_176' title='bbox 972 1889 1117 1933; x_wconf 89' lang='lat' dir='ltr'>cubita</span> <span class='ocrx_word' id='word_1_177' title='bbox 1147 1888 1345 1934; x_wconf 87' lang='lat' dir='ltr'>velorum</span> <span class='ocrx_word' id='word_1_178' title='bbox 1377 1888 1700 1949; x_wconf 84' lang='lat' dir='ltr'>capillaciorum</span> <span class='ocrx_word' id='word_1_179' title='bbox 1723 1906 1743 1933; x_wconf 82' lang='lat' dir='ltr'>a</span> 
     </span>
     <span class='ocr_line' id='line_1_25' title="bbox 361 1960 1746 2022; baseline 0 -17"><span class='ocrx_word' id='word_1_180' title='bbox 361 1970 483 2022; x_wconf 86' lang='lat' dir='ltr'>parte</span> <span class='ocrx_word' id='word_1_181' title='bbox 515 1961 703 2005; x_wconf 84' lang='lat' dir='ltr'>Orientis</span> <span class='ocrx_word' id='word_1_182' title='bbox 731 1976 808 2020; x_wconf 87' lang='lat' dir='ltr'>per</span> <span class='ocrx_word' id='word_1_183' title='bbox 838 1960 989 2004; x_wconf 88' lang='lat' dir='ltr'>decem</span> <span class='ocrx_word' id='word_1_184' title='bbox 1011 1960 1314 2005; x_wconf 89' lang='lat' dir='ltr'>columnarum</span> <span class='ocrx_word' id='word_1_185' title='bbox 1348 1970 1512 2006; x_wconf 88' lang='lat' dir='ltr'>rectum</span> <span class='ocrx_word' id='word_1_186' title='bbox 1548 1960 1746 2005; x_wconf 86' lang='lat' dir='ltr'>ordinem</span> 
     </span>
     <span class='ocr_line' id='line_1_26' title="bbox 362 2031 1746 2091; baseline 0 -16"><span class='ocrx_word' id='word_1_187' title='bbox 362 2031 670 2086; x_wconf 85' lang='lat' dir='ltr'>tendebantur,</span> <span class='ocrx_word' id='word_1_188' title='bbox 689 2031 835 2091; x_wconf 88' lang='lat' dir='ltr'>eisque</span> <span class='ocrx_word' id='word_1_189' title='bbox 852 2031 1108 2091; x_wconf 84' lang='lat' dir='ltr'>proficiebat</span> <span class='ocrx_word' id='word_1_190' title='bbox 1125 2047 1261 2075; x_wconf 88' lang='lat' dir='ltr'>unum</span> <span class='ocrx_word' id='word_1_191' title='bbox 1289 2031 1487 2076; x_wconf 89' lang='lat' dir='ltr'>cubitum</span> <span class='ocrx_word' id='word_1_192' title='bbox 1505 2047 1557 2075; x_wconf 70' lang='lat' dir='ltr'>ex</span> <span class='ocrx_word' id='word_1_193' title='bbox 1574 2031 1746 2076; x_wconf 89' lang='lat' dir='ltr'>duobus</span> 
     </span>
     <span class='ocr_line' id='line_1_27' title="bbox 365 2100 1741 2162; baseline 0 -17"><span class='ocrx_word' id='word_1_194' title='bbox 365 2102 462 2157; x_wconf 85' lang='lat' dir='ltr'>illis,</span> <span class='ocrx_word' id='word_1_195' title='bbox 487 2101 646 2162; x_wconf 85' lang='lat' dir='ltr'>quibus</span> <span class='ocrx_word' id='word_1_196' title='bbox 668 2101 919 2145; x_wconf 90' lang='lat' dir='ltr'>eorumdem</span> <span class='ocrx_word' id='word_1_197' title='bbox 943 2101 1140 2146; x_wconf 86' lang='lat' dir='ltr'>velorum</span> <span class='ocrx_word' id='word_1_198' title='bbox 1161 2103 1297 2162; x_wconf 83' lang='lat' dir='ltr'>major</span> <span class='ocrx_word' id='word_1_199' title='bbox 1320 2101 1465 2146; x_wconf 87' lang='lat' dir='ltr'>fuerat</span> <span class='ocrx_word' id='word_1_200' title='bbox 1485 2100 1741 2160; x_wconf 80' lang='lat' dir='ltr'>longitudo:</span> 
     </span>
     <span class='ocr_line' id='line_1_28' title="bbox 361 2171 1745 2233; baseline -0.001 -16"><span class='ocrx_word' id='word_1_201' title='bbox 361 2172 441 2217; x_wconf 88' lang='lat' dir='ltr'>alia</span> <span class='ocrx_word' id='word_1_202' title='bbox 463 2188 566 2217; x_wconf 87' lang='lat' dir='ltr'>vero</span> <span class='ocrx_word' id='word_1_203' title='bbox 590 2172 736 2216; x_wconf 83' lang='lat' dir='ltr'>cubita</span> <span class='ocrx_word' id='word_1_204' title='bbox 759 2172 1093 2232; x_wconf 79' lang='lat' dir='ltr'>quinquaginta,</span> <span class='ocrx_word' id='word_1_205' title='bbox 1111 2188 1211 2233; x_wconf 83' lang='lat' dir='ltr'>quae</span> <span class='ocrx_word' id='word_1_206' title='bbox 1232 2172 1502 2217; x_wconf 86' lang='lat' dir='ltr'>Occidentali</span> <span class='ocrx_word' id='word_1_207' title='bbox 1523 2172 1646 2216; x_wconf 87' lang='lat' dir='ltr'>latori</span> <span class='ocrx_word' id='word_1_208' title='bbox 1668 2171 1745 2215; x_wconf 86' lang='lat' dir='ltr'>de—</span> 
     </span>
     <span class='ocr_line' id='line_1_29' title="bbox 367 2242 1745 2303; baseline -0.001 -16"><span class='ocrx_word' id='word_1_209' title='bbox 367 2243 596 2298; x_wconf 84' lang='lat' dir='ltr'>bebantur,</span> <span class='ocrx_word' id='word_1_210' title='bbox 620 2242 780 2303; x_wconf 88' lang='lat' dir='ltr'>quibus</span> <span class='ocrx_word' id='word_1_211' title='bbox 804 2242 987 2286; x_wconf 87' lang='lat' dir='ltr'>alterum</span> <span class='ocrx_word' id='word_1_212' title='bbox 1016 2258 1065 2286; x_wconf 85' lang='lat' dir='ltr'>ex</span> <span class='ocrx_word' id='word_1_213' title='bbox 1088 2242 1261 2287; x_wconf 90' lang='lat' dir='ltr'>duobus</span> <span class='ocrx_word' id='word_1_214' title='bbox 1283 2242 1366 2286; x_wconf 85' lang='lat' dir='ltr'>illis</span> <span class='ocrx_word' id='word_1_215' title='bbox 1389 2242 1590 2288; x_wconf 90' lang='lat' dir='ltr'>cubitum</span> <span class='ocrx_word' id='word_1_216' title='bbox 1611 2243 1745 2301; x_wconf 84' lang='lat' dir='ltr'>profi-</span> 
     </span>
     <span class='ocr_line' id='line_1_30' title="bbox 362 2310 1742 2372; baseline -0.002 -15"><span class='ocrx_word' id='word_1_217' title='bbox 362 2313 524 2369; x_wconf 82' lang='lat' dir='ltr'>ciebat,</span> <span class='ocrx_word' id='word_1_218' title='bbox 550 2328 640 2357; x_wconf 91' lang='lat' dir='ltr'>non</span> <span class='ocrx_word' id='word_1_219' title='bbox 668 2312 963 2356; x_wconf 87' lang='lat' dir='ltr'>tendebantur</span> <span class='ocrx_word' id='word_1_220' title='bbox 991 2328 1068 2372; x_wconf 84' lang='lat' dir='ltr'>per</span> <span class='ocrx_word' id='word_1_221' title='bbox 1090 2312 1391 2357; x_wconf 88' lang='lat' dir='ltr'>columnarum</span> <span class='ocrx_word' id='word_1_222' title='bbox 1427 2310 1624 2356; x_wconf 86' lang='lat' dir='ltr'>ordinem</span> <span class='ocrx_word' id='word_1_223' title='bbox 1649 2327 1742 2355; x_wconf 86' lang='lat' dir='ltr'>rec-</span> 
     </span>
     <span class='ocr_line' id='line_1_31' title="bbox 363 2382 1744 2442; baseline -0.001 -15"><span class='ocrx_word' id='word_1_224' title='bbox 363 2394 471 2427; x_wconf 88' lang='lat' dir='ltr'>tum.</span> <span class='ocrx_word' id='word_1_225' title='bbox 499 2383 566 2427; x_wconf 89' lang='lat' dir='ltr'>Ibi</span> <span class='ocrx_word' id='word_1_226' title='bbox 597 2384 713 2427; x_wconf 81' lang='lat' dir='ltr'>enim</span> <span class='ocrx_word' id='word_1_227' title='bbox 745 2392 835 2427; x_wconf 88' lang='lat' dir='ltr'>erat</span> <span class='ocrx_word' id='word_1_228' title='bbox 870 2382 940 2426; x_wconf 87' lang='lat' dir='ltr'>illa</span> <span class='ocrx_word' id='word_1_229' title='bbox 967 2391 1175 2442; x_wconf 85' lang='lat' dir='ltr'>tanquam</span> <span class='ocrx_word' id='word_1_230' title='bbox 1209 2382 1480 2442; x_wconf 81' lang='lat' dir='ltr'>triporticus,</span> <span class='ocrx_word' id='word_1_231' title='bbox 1507 2397 1605 2442; x_wconf 65' lang='lat' dir='ltr'>quae</span> <span class='ocrx_word' id='word_1_232' title='bbox 1638 2397 1744 2426; x_wconf 81' lang='lat' dir='ltr'>con-</span> 
     </span>
     <span class='ocr_line' id='line_1_32' title="bbox 362 2453 1739 2514; baseline -0.001 -17"><span class='ocrx_word' id='word_1_233' title='bbox 362 2453 568 2498; x_wconf 67' lang='lat' dir='ltr'>cludebat</span> <span class='ocrx_word' id='word_1_234' title='bbox 604 2454 788 2514; x_wconf 79' lang='lat' dir='ltr'>spatium</span> <span class='ocrx_word' id='word_1_235' title='bbox 829 2454 944 2507; x_wconf 76' lang='lat' dir='ltr'>atrii,</span> <span class='ocrx_word' id='word_1_236' title='bbox 982 2454 1057 2497; x_wconf 88' lang='lat' dir='ltr'>ubi</span> <span class='ocrx_word' id='word_1_237' title='bbox 1092 2463 1201 2498; x_wconf 85' lang='lat' dir='ltr'>esset</span> <span class='ocrx_word' id='word_1_238' title='bbox 1234 2453 1366 2497; x_wconf 80' lang='lat' dir='ltr'>altare</span> <span class='ocrx_word' id='word_1_239' title='bbox 1406 2453 1710 2496; x_wconf 83' lang='lat' dir='ltr'>sacrificiorum</span> <span class='ocrx_word' id='word_1_240' title='bbox 1729 2488 1739 2507; x_wconf 91' lang='lat'>,</span> 
     </span>
     <span class='ocr_line' id='line_1_33' title="bbox 364 2523 1742 2584; baseline -0.001 -18"><span class='ocrx_word' id='word_1_241' title='bbox 364 2535 551 2584; x_wconf 77' lang='lat' dir='ltr'>quatuor</span> <span class='ocrx_word' id='word_1_242' title='bbox 569 2523 780 2568; x_wconf 75' lang='lat' dir='ltr'>columnis</span> <span class='ocrx_word' id='word_1_243' title='bbox 799 2540 818 2567; x_wconf 88' lang='lat' dir='ltr'>a</span> <span class='ocrx_word' id='word_1_244' title='bbox 841 2534 964 2583; x_wconf 78' lang='lat' dir='ltr'>porta</span> <span class='ocrx_word' id='word_1_245' title='bbox 987 2534 1029 2566; x_wconf 69' lang='lat' dir='ltr'>ct</span> <span class='ocrx_word' id='word_1_246' title='bbox 1055 2524 1182 2566; x_wconf 68' lang='lat' dir='ltr'>tornis</span> <span class='ocrx_word' id='word_1_247' title='bbox 1206 2539 1226 2567; x_wconf 86' lang='lat' dir='ltr'>a</span> <span class='ocrx_word' id='word_1_248' title='bbox 1252 2523 1481 2566; x_wconf 82' lang='lat' dir='ltr'>lateribus:</span> <span class='ocrx_word' id='word_1_249' title='bbox 1505 2539 1552 2566; x_wconf 75' lang='lat' dir='ltr'>ac</span> <span class='ocrx_word' id='word_1_250' title='bbox 1568 2538 1645 2581; x_wconf 75' lang='lat' dir='ltr'>per</span> <span class='ocrx_word' id='word_1_251' title='bbox 1662 2523 1742 2565; x_wconf 75' lang='lat' dir='ltr'>hoc</span> 
     </span>
     <span class='ocr_line' id='line_1_34' title="bbox 364 2592 1741 2653; baseline -0.002 -16"><span class='ocrx_word' id='word_1_252' title='bbox 364 2610 448 2637; x_wconf 77' lang='lat' dir='ltr'>uon</span> <span class='ocrx_word' id='word_1_253' title='bbox 477 2605 673 2653; x_wconf 63' lang='lat' dir='ltr'>poteraut</span> <span class='ocrx_word' id='word_1_254' title='bbox 708 2596 832 2637; x_wconf 56' lang='lat' dir='ltr'>vniam</span> <span class='ocrx_word' id='word_1_255' title='bbox 859 2603 1026 2652; x_wconf 75' lang='lat' dir='ltr'>portam</span> <span class='ocrx_word' id='word_1_256' title='bbox 1055 2594 1225 2648; x_wconf 42' lang='lat' dir='ltr'>cing-‹xrs›</span> <span class='ocrx_word' id='word_1_257' title='bbox 1253 2592 1319 2635; x_wconf 78' lang='lat' dir='ltr'>illa</span> <span class='ocrx_word' id='word_1_258' title='bbox 1346 2593 1490 2636; x_wconf 68' lang='lat' dir='ltr'>cubita</span> <span class='ocrx_word' id='word_1_259' title='bbox 1523 2593 1741 2651; x_wconf 75' lang='lat' dir='ltr'>quinqua-</span> 
     </span>
    </p>
   </div>
   <div class='ocr_carea' id='block_1_3' title="bbox 1795 0 1872 2638">
    <p class='ocr_par' dir='ltr' id='par_1_3' title="bbox 1795 0 1872 2638">
     <span class='ocr_line' id='line_1_35' title="bbox 1795 0 1872 2638; baseline 0 0"><span class='ocrx_word' id='word_1_260' title='bbox 1795 0 1872 2638; x_wconf 95' lang='lat' dir='ltr'> </span> 
     </span>
    </p>
   </div>
  </div>
 </body>
</html>
