1872 3267
372 210 455 246 210
807 216 838 242 s.
875 215 1102 243 Auuusmm
1137 217 1316 243 muscum

370 281 565 327 cundum
586 279 894 339 proprietatem
915 296 1004 324 non
1021 281 1103 324 hoc
1126 289 1218 323 erat
1237 277 1308 322 illa
1321 312 1331 332 ‚
1351 293 1450 338 quae
1471 277 1572 321 data
1588 285 1652 320 est
1668 290 1748 334 po-
1853 298 1872 328 γρ

369 351 474 412 pulo
496 349 625 395 Israffl
651 367 660 394 ε
685 365 742 393 an
756 348 988 395 locutionis
1007 359 1086 406 est,
1104 365 1191 410 qua
1211 349 1256 393 id
1272 347 1327 393 ad
1347 346 1524 393 laudem
1542 345 1751 392 ubertatis
1853 370 1872 416 q(

370 432 414 467 et
425 420 645 467 suavitatis
662 420 899 464 referatur?
1852 431 1872 472 Ι),

909 530 1143 579 QUAESTIO
1174 531 1222 570 V.
1854 520 1860 537 5

433 651 453 674 «
477 635 541 676 Ea·
562 645 681 675 nunc
702 645 803 674 eece
824 630 989 675 clamor
1008 631 1198 676 filiorum
1220 630 1350 675 Israel
1368 629 1486 674 venit
1507 628 1559 672 ad
1576 630 1670 672 mel
1693 645 1702 671 :
1731 647 1751 669 »

372 719 462 747 non
484 701 595 746 sicut
607 700 770 745 clamor
793 701 1083 745 Sodomorum
1096 704 1130 757 2,
1154 717 1243 762 quo
1264 701 1470 761 iniquitas
1487 699 1581 743 sine
1602 699 1756 742 timore

373 782 417 818 et
436 773 528 817 sine
548 769 809 815 verecundia
829 769 1112 830 significatur.

904 878 1139 928 QUAESTIO
1173 880 1243 919 vl.

434 986 560 1036 Quon
582 981 804 1026 mandavit
825 981 1033 1025 Dominus
1057 981 1250 1025 Hebraeis
1282 996 1359 1040 per
1381 982 1588 1037 Moysen,
1612 988 1663 1024 ut
1686 995 1759 1024 ac·
1854 1002 1857 1014 ι

376 1054 570 1113 ciperent
601 1053 655 1096 ab
679 1051 892 1109 AEgyptiis
922 1067 1021 1095 vasa
1050 1066 1177 1094 aurea
1210 1060 1253 1094 et
1282 1059 1484 1109 argentea
1513 1059 1557 1093 et
1578 1058 1758 1100 vestem,
1822 1054 1825 1067 ³
1854 1069 1858 1097 ς

377 1133 507 1184 atque
530 1121 698 1167 addidit
723 1140 731 1165 2
764 1140 782 1162 «
806 1124 863 1165 Et
885 1120 1193 1180 praedabimini
1214 1136 1285 1165 eos
1295 1123 1309 1145 ³³
1332 1141 1340 1165 :
1365 1139 1384 1161 »
1415 1119 1611 1164 mandati
1632 1120 1764 1179 hujus
1822 1108 1824 1160 ζ

377 1210 466 1239 non
487 1201 630 1253 potest
649 1192 861 1251 injustum
884 1206 973 1234 esse
995 1191 1226 1250 judicium.
1258 1190 1514 1235 Mandatum
1548 1190 1664 1233 enim
1687 1189 1764 1233 Dei
1822 1191 1824 1246 J

379 1273 464 1319 est,
490 1263 544 1307 de
566 1277 655 1323 quo
673 1277 759 1305 non
768 1260 1072 1320 judicandum,
1094 1260 1168 1304 sed
1187 1261 1225 1304 ei
1247 1259 1639 1320 obtemperandum
1662 1258 1761 1304 fuit.
1814 1275 1823 1324 s

378 1333 456 1378 Ille
478 1334 595 1377 enim
617 1331 738 1377 novit
751 1347 884 1391 quam
901 1333 1014 1390 juste
1033 1330 1301 1375 mandaverit
1327 1350 1334 1376 :
1355 1329 1410 1374 ad
1422 1345 1595 1375 servum
1620 1339 1766 1374 autem

377 1406 568 1466 pertinet
585 1402 839 1448 obedienter
861 1401 1002 1446 facere
1024 1402 1145 1463 quod
1163 1401 1402 1459 mandaxit.

902 1509 1137 1558 QUAESTIO
1168 1510 1253 1548 vn.

443 1614 568 1664 Qnon
587 1609 646 1653 ait
666 1611 837 1666 Moyses
861 1607 916 1652 ad
942 1609 1193 1664 Dominum,
1221 1612 1434 1664 «Precor,
1460 1609 1659 1663 Domine,
1681 1622 1770 1652 non
1811 1656 1813 1662 ¹
1862 1622 1872 1664 ξ

389 1702 409 1723 »
436 1697 531 1726 sum
560 1679 768 1738 eloquens
791 1688 890 1722 ante
917 1678 1166 1722 hesternum
1185 1714 1195 1733 ⁷
1231 1695 1374 1739 neque
1397 1688 1496 1723 ante
1519 1678 1771 1722 nudiuster-
1810 1731 1813 1737 Ι
1856 1711 1858 1724 ι

390 1771 409 1793 »
435 1752 602 1795 tianum
626 1749 762 1803 diem,
780 1764 922 1807 neque
939 1763 988 1791 ex
1008 1765 1096 1808 quo
1110 1749 1280 1809 coepisti
1294 1747 1415 1809 loqui
1428 1748 1593 1792 famulo
1608 1749 1727 1801 tuo⁴,
1749 1764 1767 1786 »
1810 1743 1830 1803 5

388 1820 644 1879 intelligitur
678 1817 875 1872 credere,
899 1833 1023 1877 posse
1053 1835 1096 1862 se
1133 1819 1225 1862 fieri
1262 1820 1339 1863 Dei
1370 1819 1596 1863 voluntate
1627 1819 1772 1863 subito

391 1891 684 1950 eloquentem,
706 1903 806 1931 cum
823 1887 928 1931 dicit
949 1907 959 1931 2
984 1907 1003 1929 «
1022 1891 1172 1948 Neque
1195 1905 1245 1933 ex
1270 1905 1358 1950 quo
1376 1889 1546 1949 coepisti
1560 1889 1681 1949 loqui
1704 1888 1772 1932 fa·
1830 1883 1841 1940 ὁ

395 1981 414 2003 »
438 1960 559 2005 mulo
582 1969 657 2003 tuo
684 1978 691 2002 :
722 1977 741 1999 »
767 1967 974 2018 tanquam
994 1959 1223 2004 ostendens
1247 1961 1340 2003 fieri
1360 1960 1574 2020 potuisse,
1599 1969 1649 2004 ut
1674 1969 1773 2004 ante
1858 1991 1872 2033 pb

394 2033 644 2075 hesternum
660 2037 702 2072 et
714 2027 1107 2072 nudiustertianum
1122 2028 1236 2073 diem
1252 2030 1327 2090 qui
1344 2030 1551 2090 eloquens
1564 2045 1653 2074 non
1667 2030 1775 2074 fuis-
1826 2038 1837 2066 Γ
1858 2047 1872 2090 Ἢ

395 2111 474 2156 set,
498 2108 675 2160 repente
695 2099 832 2153 fieret,
863 2113 912 2142 ex
930 2115 1019 2158 quo
1038 2115 1138 2143 eum
1155 2099 1229 2144 illo
1247 2100 1458 2145 Dominus
1477 2099 1599 2159 loqui
1624 2101 1771 2160 coepit.
1866 2118 1869 2148 ι

913 2209 1147 2258 QUAESTIO
1178 2210 1282 2248 VIII.

464 2330 482 2351 «
508 2312 615 2363 Qms
631 2307 734 2352 fecit
750 2317 922 2352 mutum
937 2317 980 2352 et
996 2308 1245 2353 audientem
1257 2345 1267 2365 ‚
1284 2309 1520 2364 videntem,
1537 2319 1580 2353 et
1593 2325 1774 2365 caecum,
1805 2360 1807 2365 ¹

406 2401 426 2424 >›
444 2395 590 2426 nonne
603 2395 682 2439 ego
692 2379 900 2423 Dominus
914 2382 1028 2423 Deus
1038 2382 1051 2404 ⁵
1062 2382 1079 2423 P
1091 2399 1109 2421 »
1124 2382 1234 2425 Sunt
1247 2380 1323 2440 qui
1336 2383 1424 2424 Deo
1439 2378 1776 2435 calumnientur,

404 2531 419 2556 5
437 2532 599 2573 Exod.1v,
624 2542 673 2562 ιι.

451 2483 460 2499 ¹
481 2476 639 2516 Exod.1n‚
657 2485 690 2518 9.
716 2491 752 2497 -—
769 2481 781 2497 2
797 2478 876 2507 Gen.
894 2484 978 2516 xvm,
998 2482 1051 2506 20.
1071 2491 1113 2496 ·—-
1140 2473 1152 2496 3
1171 2474 1271 2507 Exod.
1286 2485 1331 2515 ιιι,
1350 2483 1403 2506 22.
1424 2491 1465 2496 —
1490 2473 1505 2504 4
1526 2475 1570 2507 Id.
1592 2486 1638 2518 lv,
1668 2487 1716 2508 ιο.
1732 2492 1773 2498 --
1802 2511 1805 2516 q
1842 2436 1872 2536 ιιι

1844 2713 1847 2741 5
