1872 3267
302 301 568 342 QUAESTIONES
600 303 647 330 nv
678 301 941 338 szrrmum,
978 301 1061 327 un.
1098 300 1164 326 111.
1341 284 1420 325 411

0 231 1 268 1

0 278 1 352 l

38 371 158 432 quod
178 372 323 415 minus
341 379 405 414 est
427 385 516 414 non
537 369 640 413 licet
654 404 665 423 ‚
689 376 855 428 quanto
872 366 1015 409 minus
1032 365 1134 409 licet
1150 363 1271 424 quod
1287 364 1427 423 majus

38 440 201 486 malum
224 442 319 485 est?
347 443 453 485 Nam
481 439 512 483 si
536 454 625 483 non
648 438 751 483 licet
774 436 1017 481 adulterare
1047 449 1226 479 uxorem
1248 431 1427 494 cujusli-

37 513 113 558 bet
138 513 239 567 viri,
266 521 432 573 quanto
460 511 597 570 magis
623 508 839 570 proximi?
873 511 941 552 An
975 507 1088 552 forte
1116 506 1196 550 ista
1226 505 1426 564 repetitio

38 594 247 644 tanquam
269 583 445 643 exponit
462 582 570 643 quid
591 582 710 641 prius
733 579 899 624 dictum
921 579 996 634 sit,
1018 586 1069 622 ut
1090 576 1189 621 ideo
1212 574 1427 634 intelligat

36 649 168 701 homo
197 663 413 716 quantum
446 652 610 698 malum
642 653 696 697 sit
718 650 962 696 adulterare
988 664 1167 694 uxorem
1197 647 1299 702 viri,
1322 647 1427 707 quia

36 727 70 772 si
91 727 174 771 hoc
197 724 370 781 fecerit,
396 740 576 770 uxorem
606 723 791 784 proximi
829 720 1077 767 adulterat?
1106 718 1332 765 Proximus
1363 726 1428 762 est

36 798 151 843 enim
174 797 315 842 omnis
336 797 470 842 homo
486 795 671 841 homini.

1 1383 8 1752 i

504 904 741 956 QUAESTJO
775 904 946 943 Lxxrv.

96 1029 117 1052 «
151 1012 215 1054 ET
237 1005 394 1053 mulier
412 1025 511 1069 quae
534 1008 760 1053 accesserit
782 1007 838 1051 ad
862 1021 992 1052 omne
1013 1020 1163 1066 pecus,
1181 1002 1357 1048 ascendi
1372 1002 1429 1047 ab

38 1099 58 1123 »
92 1095 166 1136 eo,
192 1080 457 1125 interficietis
487 1080 716 1124 mulierem
745 1089 788 1123 et
807 1093 963 1138 pecus:
991 1084 1132 1121 morte
1154 1074 1426 1131 moriantur3

38 1169 58 1192 n
94 1152 152 1195 rei
169 1162 271 1196 sunt
286 1154 314 1195 ¹.
336 1170 356 1193 >›
382 1151 605 1202 Quaeritur
622 1149 844 1211 quomodo
867 1149 921 1193 sit
943 1162 1065 1192 reum
1088 1162 1237 1207 pecus,
1255 1160 1356 1190 cum
1374 1145 1428 1188 sit

37 1222 303 1278 irrationale,
333 1239 412 1267 nec
444 1222 535 1267 ullo
558 1222 690 1267 modo
722 1220 828 1280 legis
853 1235 1001 1280 capax.
1035 1222 1104 1263 An
1136 1216 1426 1278 quemadmo-

35 1294 140 1340 dum
179 1294 501 1339 transferuntur
533 1295 667 1339 verba
693 1293 827 1337 modo
859 1291 1117 1345 locutionis,
1150 1305 1251 1350 quae
1287 1304 1428 1348 graece

36 1364 279 1426 appellatur
312 1373 504 1420 μεταῳορά,
544 1365 599 1409 ab
626 1362 802 1408 animali
833 1362 889 1407 ad
920 1361 1179 1416 inanimale,
1219 1360 1329 1405 sicut
1356 1358 1427 1404 di-

36 1437 146 1481 citur
161 1436 387 1496 improbus
406 1444 580 1490 ventus,
596 1434 666 1480 vel
688 1436 847 1478 iratum
869 1449 1003 1489 mare,
1018 1433 1077 1477 ita
1094 1442 1138 1477 et
1156 1432 1226 1476 hic
1247 1430 1424 1476 transla-

36 1506 171 1553 latum
203 1517 266 1553 est
298 1523 322 1552 a
351 1505 552 1551 rationali
583 1506 638 1550 ad
672 1503 949 1550 irrationale?
987 1506 1098 1549 Nam
1134 1518 1289 1563 pecora
1321 1501 1426 1546 inde

34 1577 302 1622 credendum
329 1586 392 1622 est
413 1578 532 1637 jussa
559 1576 768 1631 interfici,
794 1575 896 1636 quia
918 1574 993 1619 tali
1015 1574 1181 1634 flagitio
1210 1574 1427 1620 contami-

35 1657 150 1704 nata,
176 1648 403 1708 indignam
425 1646 630 1692 refricant
650 1645 755 1692 facti
777 1646 1049 1691 memoriam.

517 1757 754 1807 QUAESTIO
786 1758 939 1796 Lxxv.

95 1882 115 1904 «
149 1864 415 1916 QUICUMQUE
452 1860 666 1921 acceperit
699 1875 892 1905 sororem
924 1875 1047 1904 suam
1083 1874 1134 1904 ex
1167 1868 1291 1920 patre
1321 1875 1422 1913 suo,

38 1953 58 1976 »
90 1943 165 1979 aut
185 1950 236 1978 ex
257 1943 394 1978 matre
415 1949 513 1987 sua,
539 1941 582 1976 et
602 1930 758 1977 viderit
783 1930 1101 1991 turpitudinem
1123 1932 1214 1991 ejus
1232 1952 1243 1989 3
1263 1932 1424 1991 impro-

36 2022 55 2046 »
87 2005 258 2064 perium
278 2013 341 2048 est
359 2024 368 2048 :
395 2003 803 2048 exterminabuntur
820 2000 866 2046 in
887 2011 1125 2062 conspectu
1149 2002 1317 2061 generis
1335 2003 1418 2046 sui.

36 2094 56 2118 »
91 2069 422 2133 Turpitudinem
466 2075 620 2119 sororis
651 2090 740 2118 suae
770 2073 997 2129 revelavit,
1030 2082 1259 2134 peccatum
1293 2089 1422 2119 suum

37 2166 56 2189 »
90 2147 342 2207 accipient'2.
370 2165 388 2187 η
415 2146 532 2199 Quid
551 2145 670 2189 aitin
692 2145 906 2201 hocloco,
935 2145 1145 2200 «viderit,
1171 2164 1189 2186 >›
1216 2145 1423 2189 111510011-

33 2219 278 2263 cumbendo
301 2218 585 2276 cognoverit?
619 2217 730 2261 sicut
761 2218 806 2261 in
828 2221 942 2275 Lege
960 2216 1140 2261 dicitur:
1166 2236 1185 2258 α
1206 2218 1423 2275 Cognovit

38 2309 56 2331 »
89 2305 267 2334 uxorem
289 2290 466 2343 suam³‚
491 2308 510 2330 n
538 2304 617 2348 pro
649 2304 701 2333 eo
733 2289 854 2349 quod
888 2297 972 2339 est,
1003 2289 1163 2332 mixtus
1198 2297 1262 2331 est
1292 2289 1345 2331 ei.
1368 2290 1424 2332 Et

32 2361 136 2421 quid
156 2362 236 2416 ait,
266 2382 287 2404 α
316 2364 552 2405 Peccatum
587 2375 715 2404 suum
748 2361 983 2420 accipient,
1013 2379 1032 2401 »
1065 2375 1167 2404 cum
1200 2359 1254 2403 de
1286 2375 1416 2419 poena

30 2447 178 2477 eorum
214 2433 488 2493 loqueretur,
514 2432 595 2476 nisi
628 2433 732 2493 quia
768 2442 811 2477 et
844 2433 980 2492 ipsam
1016 2447 1194 2491 poenam
1230 2433 1413 2492 peccati,

33 2512 256 2562 peccatum
277 2502 415 2548 voluit
438 2502 687 2563 appellare?

80 2605 88 2620 ¹
113 2599 215 2631 Levit.
231 2610 287 2638 xx,
312 2599 362 2631 16.
390 2617 431 2622 —-
452 2599 567 2631 21bid.
590 2609 640 2640 ¹7·
661 2615 703 2621 —-
723 2595 736 2621 3
752 2600 832 2630 Gen.
853 2608 896 2639 iv,
915 2609 944 2636 1,
967 2608 1003 2639 ις
1025 2601 1058 2629 et
1078 2597 1134 2630 25.
