<?xml version="1.0" encoding="UTF-8"?>
<!DOCTYPE html PUBLIC "-//W3C//DTD XHTML 1.0 Transitional//EN"
    "http://www.w3.org/TR/xhtml1/DTD/xhtml1-transitional.dtd">
<html xmlns="http://www.w3.org/1999/xhtml" xml:lang="en" lang="en">
 <head>
  <title>
</title>
<meta http-equiv="Content-Type" content="text/html;charset=utf-8" />
  <meta name='ocr-system' content='tesseract 3.04.00' />
  <meta name='ocr-capabilities' content='ocr_page ocr_carea ocr_par ocr_line ocrx_word'/>
</head>
<body>
  <div class='ocr_page' id='page_1' title='image "./operaomniaaccura06auguuoft_0506.png"; bbox 0 0 1872 3267; ppageno 0'>
   <div class='ocr_carea' id='block_1_1' title="bbox 409 201 1361 241">
    <p class='ocr_par' dir='ltr' id='par_1_1' title="bbox 409 201 1361 241">
     <span class='ocr_line' id='line_1_1' title="bbox 409 201 1361 241; baseline 0.002 -3"><span class='ocrx_word' id='word_1_1' title='bbox 409 201 492 238; x_wconf 83' lang='lat'>500</span> <span class='ocrx_word' id='word_1_2' title='bbox 847 210 881 238; x_wconf 89' lang='lat' dir='ltr'>s.</span> <span class='ocrx_word' id='word_1_3' title='bbox 917 213 1148 241; x_wconf 75' lang='lat' dir='ltr'>AUGUSTm&#39;l</span> <span class='ocrx_word' id='word_1_4' title='bbox 1181 214 1361 241; x_wconf 80' lang='lat' dir='ltr'>EPlsCom</span> 
     </span>
    </p>
   </div>
   <div class='ocr_carea' id='block_1_2' title="bbox 403 276 1849 339">
    <p class='ocr_par' dir='ltr' id='par_1_2' title="bbox 403 276 1849 339">
     <span class='ocr_line' id='line_1_2' title="bbox 403 276 1849 339; baseline 0.001 -19"><span class='ocrx_word' id='word_1_5' title='bbox 403 292 492 320; x_wconf 90' lang='lat' dir='ltr'>non</span> <span class='ocrx_word' id='word_1_6' title='bbox 510 276 759 335; x_wconf 86' lang='lat' dir='ltr'>accipienda</span> <span class='ocrx_word' id='word_1_7' title='bbox 787 276 846 321; x_wconf 90' lang='lat' dir='ltr'>sic</span> <span class='ocrx_word' id='word_1_8' title='bbox 873 285 923 321; x_wconf 89' lang='lat' dir='ltr'>ut</span> <span class='ocrx_word' id='word_1_9' title='bbox 944 279 1051 323; x_wconf 86' lang='lat' dir='ltr'>fiant</span> <span class='ocrx_word' id='word_1_10' title='bbox 1072 294 1171 339; x_wconf 86' lang='lat' dir='ltr'>quae</span> <span class='ocrx_word' id='word_1_11' title='bbox 1194 278 1508 338; x_wconf 61' lang='lat' dir='ltr'>praecipiuntur</span> <span class='ocrx_word' id='word_1_12' title='bbox 1531 278 1585 322; x_wconf 85' lang='lat' dir='ltr'>ab</span> <span class='ocrx_word' id='word_1_13' title='bbox 1608 278 1688 332; x_wconf 89' lang='lat' dir='ltr'>eis,</span> <span class='ocrx_word' id='word_1_14' title='bbox 1708 285 1783 321; x_wconf 89' lang='lat' dir='ltr'>aut</span> <span class='ocrx_word' id='word_1_15' title='bbox 1848 277 1849 281; x_wconf 69' lang='grc'>’</span> 
     </span>
    </p>
   </div>
   <div class='ocr_carea' id='block_1_3' title="bbox 396 346 1783 763">
    <p class='ocr_par' dir='ltr' id='par_1_3' title="bbox 396 346 1783 763">
     <span class='ocr_line' id='line_1_3' title="bbox 401 346 1783 408; baseline 0.001 -17"><span class='ocrx_word' id='word_1_16' title='bbox 401 346 601 391; x_wconf 82' lang='lat' dir='ltr'>colantur</span> <span class='ocrx_word' id='word_1_17' title='bbox 626 362 725 407; x_wconf 79' lang='lat' dir='ltr'>quae</span> <span class='ocrx_word' id='word_1_18' title='bbox 748 346 954 391; x_wconf 90' lang='lat' dir='ltr'>coluntur</span> <span class='ocrx_word' id='word_1_19' title='bbox 980 348 1035 392; x_wconf 86' lang='lat' dir='ltr'>ab</span> <span class='ocrx_word' id='word_1_20' title='bbox 1060 348 1133 393; x_wconf 90' lang='lat' dir='ltr'>eis.</span> <span class='ocrx_word' id='word_1_21' title='bbox 1160 351 1249 394; x_wconf 91' lang='lat' dir='ltr'>Nec</span> <span class='ocrx_word' id='word_1_22' title='bbox 1268 358 1426 408; x_wconf 81' lang='lat' dir='ltr'>praeter</span> <span class='ocrx_word' id='word_1_23' title='bbox 1448 364 1571 393; x_wconf 86' lang='lat' dir='ltr'>suam</span> <span class='ocrx_word' id='word_1_24' title='bbox 1593 356 1783 408; x_wconf 87' lang='lat' dir='ltr'>potesta-</span> 
     </span>
     <span class='ocr_line' id='line_1_4' title="bbox 400 417 1782 479; baseline 0.001 -18"><span class='ocrx_word' id='word_1_25' title='bbox 400 426 488 461; x_wconf 90' lang='lat' dir='ltr'>tem</span> <span class='ocrx_word' id='word_1_26' title='bbox 515 420 628 461; x_wconf 88' lang='lat' dir='ltr'>Deus</span> <span class='ocrx_word' id='word_1_27' title='bbox 651 417 840 462; x_wconf 84' lang='lat' dir='ltr'>ostendit</span> <span class='ocrx_word' id='word_1_28' title='bbox 861 433 972 474; x_wconf 90' lang='lat' dir='ltr'>esse,</span> <span class='ocrx_word' id='word_1_29' title='bbox 992 418 1113 479; x_wconf 90' lang='lat' dir='ltr'>quod</span> <span class='ocrx_word' id='word_1_30' title='bbox 1138 419 1219 463; x_wconf 87' lang='lat' dir='ltr'>ista</span> <span class='ocrx_word' id='word_1_31' title='bbox 1247 419 1534 478; x_wconf 84' lang='lat' dir='ltr'>contingunt:</span> <span class='ocrx_word' id='word_1_32' title='bbox 1558 418 1634 463; x_wconf 88' lang='lat' dir='ltr'>sed</span> <span class='ocrx_word' id='word_1_33' title='bbox 1658 418 1782 478; x_wconf 83' lang='lat' dir='ltr'>quasi</span> 
     </span>
     <span class='ocr_line' id='line_1_5' title="bbox 398 488 1778 549; baseline 0 -17"><span class='ocrx_word' id='word_1_34' title='bbox 398 497 667 549; x_wconf 82' lang='lat' dir='ltr'>quaereretur</span> <span class='ocrx_word' id='word_1_35' title='bbox 688 504 765 533; x_wconf 90' lang='lat' dir='ltr'>cur</span> <span class='ocrx_word' id='word_1_36' title='bbox 782 503 830 532; x_wconf 88' lang='lat' dir='ltr'>ea</span> <span class='ocrx_word' id='word_1_37' title='bbox 847 488 1085 548; x_wconf 85' lang='lat' dir='ltr'>permittat,</span> <span class='ocrx_word' id='word_1_38' title='bbox 1104 505 1276 534; x_wconf 85' lang='lat' dir='ltr'>causam</span> <span class='ocrx_word' id='word_1_39' title='bbox 1296 489 1547 534; x_wconf 80' lang='lat' dir='ltr'>tentationis</span> <span class='ocrx_word' id='word_1_40' title='bbox 1564 488 1778 549; x_wconf 83' lang='lat' dir='ltr'>exposuit,</span> 
     </span>
     <span class='ocr_line' id='line_1_6' title="bbox 398 557 1780 619; baseline 0.001 -16"><span class='ocrx_word' id='word_1_41' title='bbox 398 558 454 603; x_wconf 86' lang='lat' dir='ltr'>ad</span> <span class='ocrx_word' id='word_1_42' title='bbox 489 557 835 619; x_wconf 85' lang='lat' dir='ltr'>cognoscendam</span> <span class='ocrx_word' id='word_1_43' title='bbox 870 575 1023 603; x_wconf 85' lang='lat' dir='ltr'>eorum</span> <span class='ocrx_word' id='word_1_44' title='bbox 1058 560 1357 615; x_wconf 85' lang='lat' dir='ltr'>dilectionem,</span> <span class='ocrx_word' id='word_1_45' title='bbox 1386 570 1537 606; x_wconf 87' lang='lat' dir='ltr'>utrum</span> <span class='ocrx_word' id='word_1_46' title='bbox 1570 575 1666 605; x_wconf 88' lang='lat' dir='ltr'>eam</span> <span class='ocrx_word' id='word_1_47' title='bbox 1699 561 1780 604; x_wconf 89' lang='lat' dir='ltr'>ha-</span> 
     </span>
     <span class='ocr_line' id='line_1_7' title="bbox 397 629 1780 690; baseline 0.001 -16"><span class='ocrx_word' id='word_1_48' title='bbox 397 629 531 675; x_wconf 86' lang='lat' dir='ltr'>beant</span> <span class='ocrx_word' id='word_1_49' title='bbox 566 645 667 690; x_wconf 84' lang='lat' dir='ltr'>erga</span> <span class='ocrx_word' id='word_1_50' title='bbox 699 633 839 674; x_wconf 90' lang='lat' dir='ltr'>Deum</span> <span class='ocrx_word' id='word_1_51' title='bbox 879 646 1036 688; x_wconf 75' lang='lat' dir='ltr'>suum,</span> <span class='ocrx_word' id='word_1_52' title='bbox 1071 631 1416 690; x_wconf 85' lang='lat' dir='ltr'>cognoscendam</span> <span class='ocrx_word' id='word_1_53' title='bbox 1449 647 1551 676; x_wconf 91' lang='lat' dir='ltr'>vero</span> <span class='ocrx_word' id='word_1_54' title='bbox 1590 631 1645 675; x_wconf 86' lang='lat' dir='ltr'>ab</span> <span class='ocrx_word' id='word_1_55' title='bbox 1679 631 1780 690; x_wconf 87' lang='lat' dir='ltr'>ipsis</span> 
     </span>
     <span class='ocr_line' id='line_1_8' title="bbox 396 699 1642 763; baseline -0.001 -17"><span class='ocrx_word' id='word_1_56' title='bbox 396 701 563 761; x_wconf 90' lang='lat' dir='ltr'>potius,</span> <span class='ocrx_word' id='word_1_57' title='bbox 583 716 715 762; x_wconf 88' lang='lat' dir='ltr'>quam</span> <span class='ocrx_word' id='word_1_58' title='bbox 735 699 882 746; x_wconf 86' lang='lat' dir='ltr'>abillo</span> <span class='ocrx_word' id='word_1_59' title='bbox 904 701 981 762; x_wconf 91' lang='lat' dir='ltr'>qui</span> <span class='ocrx_word' id='word_1_60' title='bbox 999 702 1079 746; x_wconf 89' lang='lat' dir='ltr'>scit</span> <span class='ocrx_word' id='word_1_61' title='bbox 1104 703 1248 747; x_wconf 87' lang='lat' dir='ltr'>omnia</span> <span class='ocrx_word' id='word_1_62' title='bbox 1266 711 1500 763; x_wconf 88' lang='lat' dir='ltr'>antequam</span> <span class='ocrx_word' id='word_1_63' title='bbox 1521 702 1642 746; x_wconf 87' lang='lat' dir='ltr'>fiant.</span> 
     </span>
    </p>
   </div>
   <div class='ocr_carea' id='block_1_4' title="bbox 909 799 1264 848">
    <p class='ocr_par' dir='ltr' id='par_1_4' title="bbox 909 799 1264 848">
     <span class='ocr_line' id='line_1_9' title="bbox 909 799 1264 848; baseline 0.006 -11"><span class='ocrx_word' id='word_1_64' title='bbox 909 799 1147 848; x_wconf 78' lang='lat' dir='ltr'>QUAESTJO</span> <span class='ocrx_word' id='word_1_65' title='bbox 1179 801 1264 839; x_wconf 85' lang='lat' dir='ltr'>xx.</span> 
     </span>
    </p>
   </div>
   <div class='ocr_carea' id='block_1_5' title="bbox 390 899 1779 1527">
    <p class='ocr_par' dir='ltr' id='par_1_5' title="bbox 390 899 1779 1527">
     <span class='ocr_line' id='line_1_10' title="bbox 459 899 1778 961; baseline 0.001 -18"><span class='ocrx_word' id='word_1_66' title='bbox 459 922 478 943; x_wconf 64' lang='grc' dir='ltr'>ι(</span> <span class='ocrx_word' id='word_1_67' title='bbox 513 905 621 946; x_wconf 77' lang='lat' dir='ltr'>POST</span> <span class='ocrx_word' id='word_1_68' title='bbox 644 911 726 946; x_wconf 89' lang='lat' dir='ltr'>tres</span> <span class='ocrx_word' id='word_1_69' title='bbox 749 917 885 946; x_wconf 86' lang='lat' dir='ltr'>annos</span> <span class='ocrx_word' id='word_1_70' title='bbox 908 901 1122 961; x_wconf 85' lang='lat' dir='ltr'>produces</span> <span class='ocrx_word' id='word_1_71' title='bbox 1139 917 1313 946; x_wconf 90' lang='lat' dir='ltr'>omnem</span> <span class='ocrx_word' id='word_1_72' title='bbox 1329 900 1539 945; x_wconf 86' lang='lat' dir='ltr'>decimam</span> <span class='ocrx_word' id='word_1_73' title='bbox 1554 899 1778 946; x_wconf 85' lang='lat' dir='ltr'>fructuum</span> 
     </span>
     <span class='ocr_line' id='line_1_11' title="bbox 398 971 1779 1032; baseline 0.001 -18"><span class='ocrx_word' id='word_1_74' title='bbox 398 991 418 1013; x_wconf 87' lang='lat'>»</span> <span class='ocrx_word' id='word_1_75' title='bbox 456 981 655 1027; x_wconf 88' lang='lat' dir='ltr'>tuorum,</span> <span class='ocrx_word' id='word_1_76' title='bbox 678 973 723 1016; x_wconf 90' lang='lat' dir='ltr'>in</span> <span class='ocrx_word' id='word_1_77' title='bbox 747 972 821 1016; x_wconf 92' lang='lat' dir='ltr'>illo</span> <span class='ocrx_word' id='word_1_78' title='bbox 841 988 956 1016; x_wconf 84' lang='lat' dir='ltr'>anno</span> <span class='ocrx_word' id='word_1_79' title='bbox 982 987 1117 1032; x_wconf 90' lang='lat' dir='ltr'>pones</span> <span class='ocrx_word' id='word_1_80' title='bbox 1143 971 1253 1016; x_wconf 88' lang='lat' dir='ltr'>illud</span> <span class='ocrx_word' id='word_1_81' title='bbox 1271 972 1316 1016; x_wconf 93' lang='lat' dir='ltr'>in</span> <span class='ocrx_word' id='word_1_82' title='bbox 1337 972 1584 1016; x_wconf 86' lang='lat' dir='ltr'>civitatibus</span> <span class='ocrx_word' id='word_1_83' title='bbox 1603 972 1708 1026; x_wconf 87' lang='lat' dir='ltr'>tuis,</span> <span class='ocrx_word' id='word_1_84' title='bbox 1736 981 1779 1016; x_wconf 86' lang='lat' dir='ltr'>et</span> 
     </span>
     <span class='ocr_line' id='line_1_12' title="bbox 398 1042 1778 1103; baseline 0.002 -21"><span class='ocrx_word' id='word_1_85' title='bbox 398 1060 418 1082; x_wconf 90' lang='lat'>»</span> <span class='ocrx_word' id='word_1_86' title='bbox 452 1043 599 1086; x_wconf 87' lang='lat' dir='ltr'>veniet</span> <span class='ocrx_word' id='word_1_87' title='bbox 613 1043 779 1098; x_wconf 82' lang='lat' dir='ltr'>Levita,</span> <span class='ocrx_word' id='word_1_88' title='bbox 798 1042 901 1103; x_wconf 85' lang='lat' dir='ltr'>quia</span> <span class='ocrx_word' id='word_1_89' title='bbox 920 1058 1009 1087; x_wconf 89' lang='lat' dir='ltr'>non</span> <span class='ocrx_word' id='word_1_90' title='bbox 1031 1051 1095 1086; x_wconf 88' lang='lat' dir='ltr'>est</span> <span class='ocrx_word' id='word_1_91' title='bbox 1113 1042 1151 1085; x_wconf 91' lang='lat' dir='ltr'>ei</span> <span class='ocrx_word' id='word_1_92' title='bbox 1164 1057 1261 1102; x_wconf 85' lang='lat' dir='ltr'>pars</span> <span class='ocrx_word' id='word_1_93' title='bbox 1282 1058 1424 1102; x_wconf 90' lang='lat' dir='ltr'>neque</span> <span class='ocrx_word' id='word_1_94' title='bbox 1441 1058 1530 1086; x_wconf 83' lang='lat' dir='ltr'>sors</span> <span class='ocrx_word' id='word_1_95' title='bbox 1549 1051 1717 1098; x_wconf 78' lang='lat' dir='ltr'>tecum3</span> <span class='ocrx_word' id='word_1_96' title='bbox 1735 1050 1778 1085; x_wconf 89' lang='lat' dir='ltr'>et</span> 
     </span>
     <span class='ocr_line' id='line_1_13' title="bbox 395 1113 1774 1174; baseline 0.002 -20"><span class='ocrx_word' id='word_1_97' title='bbox 395 1131 415 1154; x_wconf 90' lang='lat'>»</span> <span class='ocrx_word' id='word_1_98' title='bbox 453 1113 619 1157; x_wconf 83' lang='lat' dir='ltr'>advena</span> <span class='ocrx_word' id='word_1_99' title='bbox 647 1123 689 1157; x_wconf 89' lang='lat' dir='ltr'>et</span> <span class='ocrx_word' id='word_1_100' title='bbox 711 1113 904 1174; x_wconf 86' lang='lat' dir='ltr'>pupillus</span> <span class='ocrx_word' id='word_1_101' title='bbox 926 1123 969 1158; x_wconf 91' lang='lat' dir='ltr'>et</span> <span class='ocrx_word' id='word_1_102' title='bbox 997 1113 1150 1169; x_wconf 89' lang='lat' dir='ltr'>vidua,</span> <span class='ocrx_word' id='word_1_103' title='bbox 1184 1130 1283 1174; x_wconf 83' lang='lat' dir='ltr'>quae</span> <span class='ocrx_word' id='word_1_104' title='bbox 1311 1114 1356 1157; x_wconf 91' lang='lat' dir='ltr'>in</span> <span class='ocrx_word' id='word_1_105' title='bbox 1384 1113 1627 1158; x_wconf 86' lang='lat' dir='ltr'>civitatibus</span> <span class='ocrx_word' id='word_1_106' title='bbox 1660 1113 1774 1170; x_wconf 67' lang='lat' dir='ltr'>tuis,</span> 
     </span>
     <span class='ocr_line' id='line_1_14' title="bbox 396 1183 1776 1240; baseline 0.002 -15"><span class='ocrx_word' id='word_1_107' title='bbox 396 1201 415 1224; x_wconf 75' lang='lat' dir='ltr'>n</span> <span class='ocrx_word' id='word_1_108' title='bbox 451 1193 495 1227; x_wconf 78' lang='lat' dir='ltr'>et</span> <span class='ocrx_word' id='word_1_109' title='bbox 537 1183 891 1239; x_wconf 85' lang='lat' dir='ltr'>manducabunt,</span> <span class='ocrx_word' id='word_1_110' title='bbox 931 1194 974 1228; x_wconf 87' lang='lat' dir='ltr'>et</span> <span class='ocrx_word' id='word_1_111' title='bbox 1012 1185 1350 1240; x_wconf 84' lang='lat' dir='ltr'>saturabuntur,</span> <span class='ocrx_word' id='word_1_112' title='bbox 1386 1195 1436 1229; x_wconf 90' lang='lat' dir='ltr'>ut</span> <span class='ocrx_word' id='word_1_113' title='bbox 1469 1184 1702 1229; x_wconf 80' lang='lat' dir='ltr'>benedicat</span> <span class='ocrx_word' id='word_1_114' title='bbox 1735 1193 1776 1228; x_wconf 89' lang='lat' dir='ltr'>te</span> 
     </span>
     <span class='ocr_line' id='line_1_15' title="bbox 394 1254 1776 1315; baseline 0.001 -19"><span class='ocrx_word' id='word_1_115' title='bbox 394 1272 414 1295; x_wconf 88' lang='lat'>»</span> <span class='ocrx_word' id='word_1_116' title='bbox 449 1254 659 1298; x_wconf 87' lang='lat' dir='ltr'>Dominus</span> <span class='ocrx_word' id='word_1_117' title='bbox 691 1258 803 1298; x_wconf 88' lang='lat' dir='ltr'>Deus</span> <span class='ocrx_word' id='word_1_118' title='bbox 836 1265 935 1298; x_wconf 84' lang='lat' dir='ltr'>tuus</span> <span class='ocrx_word' id='word_1_119' title='bbox 970 1255 1016 1298; x_wconf 92' lang='lat' dir='ltr'>in</span> <span class='ocrx_word' id='word_1_120' title='bbox 1050 1255 1252 1299; x_wconf 87' lang='lat' dir='ltr'>omnibus</span> <span class='ocrx_word' id='word_1_121' title='bbox 1284 1255 1488 1314; x_wconf 85' lang='lat' dir='ltr'>operibus</span> <span class='ocrx_word' id='word_1_122' title='bbox 1522 1256 1629 1310; x_wconf 89' lang='lat' dir='ltr'>tuis,</span> <span class='ocrx_word' id='word_1_123' title='bbox 1655 1271 1776 1315; x_wconf 79' lang='lat' dir='ltr'>quae-</span> 
     </span>
     <span class='ocr_line' id='line_1_16' title="bbox 393 1324 1775 1384; baseline 0.002 -19"><span class='ocrx_word' id='word_1_124' title='bbox 393 1343 413 1365; x_wconf 84' lang='lat'>»</span> <span class='ocrx_word' id='word_1_125' title='bbox 450 1340 639 1384; x_wconf 85' lang='lat' dir='ltr'>cumque</span> <span class='ocrx_word' id='word_1_126' title='bbox 671 1324 864 1369; x_wconf 77' lang='lat' dir='ltr'>feceris1.</span> <span class='ocrx_word' id='word_1_127' title='bbox 900 1343 919 1365; x_wconf 81' lang='grc'>))</span> <span class='ocrx_word' id='word_1_128' title='bbox 951 1327 1016 1368; x_wconf 75' lang='lat' dir='ltr'>Ex</span> <span class='ocrx_word' id='word_1_129' title='bbox 1046 1324 1125 1368; x_wconf 85' lang='lat' dir='ltr'>ista</span> <span class='ocrx_word' id='word_1_130' title='bbox 1157 1324 1324 1368; x_wconf 84' lang='lat' dir='ltr'>decima</span> <span class='ocrx_word' id='word_1_131' title='bbox 1355 1340 1444 1369; x_wconf 89' lang='lat' dir='ltr'>non</span> <span class='ocrx_word' id='word_1_132' title='bbox 1476 1325 1583 1368; x_wconf 81' lang='lat' dir='ltr'>dixit</span> <span class='ocrx_word' id='word_1_133' title='bbox 1609 1334 1660 1369; x_wconf 91' lang='lat' dir='ltr'>ut</span> <span class='ocrx_word' id='word_1_134' title='bbox 1687 1325 1775 1384; x_wconf 90' lang='lat' dir='ltr'>ipse</span> 
     </span>
     <span class='ocr_line' id='line_1_17' title="bbox 391 1384 1774 1455; baseline 0 -16"><span class='ocrx_word' id='word_1_135' title='bbox 391 1395 628 1440; x_wconf 90' lang='lat' dir='ltr'>manducet</span> <span class='ocrx_word' id='word_1_136' title='bbox 644 1384 746 1439; x_wconf 83' lang='lat' dir='ltr'>cum</span> <span class='ocrx_word' id='word_1_137' title='bbox 775 1395 860 1439; x_wconf 90' lang='lat' dir='ltr'>suis</span> <span class='ocrx_word' id='word_1_138' title='bbox 879 1415 886 1439; x_wconf 91' lang='lat'>:</span> <span class='ocrx_word' id='word_1_139' title='bbox 909 1411 956 1439; x_wconf 87' lang='lat' dir='ltr'>ac</span> <span class='ocrx_word' id='word_1_140' title='bbox 979 1410 1056 1454; x_wconf 86' lang='lat' dir='ltr'>per</span> <span class='ocrx_word' id='word_1_141' title='bbox 1078 1396 1160 1439; x_wconf 86' lang='lat' dir='ltr'>hoc</span> <span class='ocrx_word' id='word_1_142' title='bbox 1184 1395 1342 1439; x_wconf 84' lang='lat' dir='ltr'>Levitis</span> <span class='ocrx_word' id='word_1_143' title='bbox 1368 1405 1410 1439; x_wconf 86' lang='lat' dir='ltr'>et</span> <span class='ocrx_word' id='word_1_144' title='bbox 1431 1395 1605 1439; x_wconf 83' lang='lat' dir='ltr'>advenis</span> <span class='ocrx_word' id='word_1_145' title='bbox 1627 1404 1670 1439; x_wconf 85' lang='lat' dir='ltr'>et</span> <span class='ocrx_word' id='word_1_146' title='bbox 1692 1411 1774 1455; x_wconf 90' lang='lat' dir='ltr'>pu-</span> 
     </span>
     <span class='ocr_line' id='line_1_18' title="bbox 390 1464 1774 1527; baseline 0 -18"><span class='ocrx_word' id='word_1_147' title='bbox 390 1465 505 1526; x_wconf 87' lang='lat' dir='ltr'>pillis</span> <span class='ocrx_word' id='word_1_148' title='bbox 529 1474 573 1509; x_wconf 88' lang='lat' dir='ltr'>et</span> <span class='ocrx_word' id='word_1_149' title='bbox 599 1464 740 1509; x_wconf 90' lang='lat' dir='ltr'>viduis</span> <span class='ocrx_word' id='word_1_150' title='bbox 761 1480 855 1509; x_wconf 83' lang='lat' dir='ltr'>eam</span> <span class='ocrx_word' id='word_1_151' title='bbox 881 1465 1009 1525; x_wconf 81' lang='lat' dir='ltr'>jussit</span> <span class='ocrx_word' id='word_1_152' title='bbox 1036 1465 1244 1527; x_wconf 86' lang='lat' dir='ltr'>impendi.</span> <span class='ocrx_word' id='word_1_153' title='bbox 1270 1464 1354 1510; x_wconf 88' lang='lat' dir='ltr'>Sed</span> <span class='ocrx_word' id='word_1_154' title='bbox 1378 1465 1561 1509; x_wconf 87' lang='lat' dir='ltr'>obscure</span> <span class='ocrx_word' id='word_1_155' title='bbox 1582 1465 1774 1525; x_wconf 86' lang='lat' dir='ltr'>positum</span> 
     </span>
    </p>
   </div>
   <div class='ocr_carea' id='block_1_6' title="bbox 388 1535 1832 1597">
    <p class='ocr_par' dir='ltr' id='par_1_6' title="bbox 388 1535 1832 1597">
     <span class='ocr_line' id='line_1_19' title="bbox 388 1535 1832 1597; baseline -0.001 -15"><span class='ocrx_word' id='word_1_156' title='bbox 388 1547 474 1593; x_wconf 88' lang='lat' dir='ltr'>est,</span> <span class='ocrx_word' id='word_1_157' title='bbox 500 1537 604 1597; x_wconf 83' lang='lat' dir='ltr'>quia</span> <span class='ocrx_word' id='word_1_158' title='bbox 626 1552 715 1581; x_wconf 90' lang='lat' dir='ltr'>non</span> <span class='ocrx_word' id='word_1_159' title='bbox 738 1545 801 1581; x_wconf 88' lang='lat' dir='ltr'>est</span> <span class='ocrx_word' id='word_1_160' title='bbox 822 1536 1024 1580; x_wconf 85' lang='lat' dir='ltr'>distincta</span> <span class='ocrx_word' id='word_1_161' title='bbox 1051 1537 1131 1580; x_wconf 85' lang='lat' dir='ltr'>ista</span> <span class='ocrx_word' id='word_1_162' title='bbox 1154 1536 1321 1580; x_wconf 88' lang='lat' dir='ltr'>decima</span> <span class='ocrx_word' id='word_1_163' title='bbox 1343 1536 1398 1580; x_wconf 85' lang='lat' dir='ltr'>ab</span> <span class='ocrx_word' id='word_1_164' title='bbox 1420 1535 1515 1592; x_wconf 81' lang='lat' dir='ltr'>illa,</span> <span class='ocrx_word' id='word_1_165' title='bbox 1543 1552 1676 1596; x_wconf 87' lang='lat' dir='ltr'>quam</span> <span class='ocrx_word' id='word_1_166' title='bbox 1696 1553 1774 1581; x_wconf 89' lang='lat' dir='ltr'>vo-</span> <span class='ocrx_word' id='word_1_167' title='bbox 1830 1550 1832 1558; x_wconf 94' lang='grc'><em>·</em></span> 
     </span>
    </p>
   </div>
   <div class='ocr_carea' id='block_1_7' title="bbox 366 1605 1773 2089">
    <p class='ocr_par' dir='ltr' id='par_1_7' title="bbox 366 1605 1773 2089">
     <span class='ocr_line' id='line_1_20' title="bbox 388 1605 1772 1667; baseline -0.001 -15"><span class='ocrx_word' id='word_1_168' title='bbox 388 1608 471 1652; x_wconf 89' lang='lat' dir='ltr'>luit</span> <span class='ocrx_word' id='word_1_169' title='bbox 495 1622 595 1652; x_wconf 91' lang='lat' dir='ltr'>cum</span> <span class='ocrx_word' id='word_1_170' title='bbox 626 1607 782 1651; x_wconf 85' lang='lat' dir='ltr'>Levitis</span> <span class='ocrx_word' id='word_1_171' title='bbox 820 1607 866 1651; x_wconf 91' lang='lat' dir='ltr'>in</span> <span class='ocrx_word' id='word_1_172' title='bbox 894 1622 945 1651; x_wconf 92' lang='lat' dir='ltr'>eo</span> <span class='ocrx_word' id='word_1_173' title='bbox 967 1606 1064 1651; x_wconf 92' lang='lat' dir='ltr'>loco</span> <span class='ocrx_word' id='word_1_174' title='bbox 1093 1605 1368 1660; x_wconf 77' lang='lat' dir='ltr'>manducari,</span> <span class='ocrx_word' id='word_1_175' title='bbox 1401 1623 1533 1667; x_wconf 85' lang='lat' dir='ltr'>quem</span> <span class='ocrx_word' id='word_1_176' title='bbox 1564 1608 1772 1652; x_wconf 87' lang='lat' dir='ltr'>Dominus</span> 
     </span>
     <span class='ocr_line' id='line_1_21' title="bbox 387 1675 1773 1736; baseline -0.001 -14"><span class='ocrx_word' id='word_1_177' title='bbox 387 1677 584 1736; x_wconf 70' lang='lat' dir='ltr'>elegisset</span> <span class='ocrx_word' id='word_1_178' title='bbox 614 1676 778 1736; x_wconf 86' lang='lat' dir='ltr'>templo</span> <span class='ocrx_word' id='word_1_179' title='bbox 814 1692 907 1720; x_wconf 91' lang='lat' dir='ltr'>suo.</span> <span class='ocrx_word' id='word_1_180' title='bbox 937 1675 1021 1721; x_wconf 88' lang='lat' dir='ltr'>Sed</span> <span class='ocrx_word' id='word_1_181' title='bbox 1043 1677 1088 1720; x_wconf 88' lang='lat' dir='ltr'>in</span> <span class='ocrx_word' id='word_1_182' title='bbox 1111 1692 1159 1720; x_wconf 84' lang='lat' dir='ltr'>ea</span> <span class='ocrx_word' id='word_1_183' title='bbox 1181 1676 1557 1736; x_wconf 79' lang='lat' dir='ltr'>interpretatione,</span> <span class='ocrx_word' id='word_1_184' title='bbox 1584 1693 1684 1736; x_wconf 87' lang='lat' dir='ltr'>quae</span> <span class='ocrx_word' id='word_1_185' title='bbox 1710 1686 1773 1721; x_wconf 91' lang='lat' dir='ltr'>est</span> 
     </span>
     <span class='ocr_line' id='line_1_22' title="bbox 366 1745 1767 1806; baseline -0.001 -14"><span class='ocrx_word' id='word_1_186' title='bbox 366 1771 373 1780; x_wconf 41' lang='lat'>-*</span> <span class='ocrx_word' id='word_1_187' title='bbox 389 1764 442 1792; x_wconf 83' lang='lat' dir='ltr'>ex</span> <span class='ocrx_word' id='word_1_188' title='bbox 466 1748 668 1802; x_wconf 72' lang='lat' dir='ltr'>Hebraeo,</span> <span class='ocrx_word' id='word_1_189' title='bbox 687 1747 875 1806; x_wconf 83' lang='lat' dir='ltr'>apertius</span> <span class='ocrx_word' id='word_1_190' title='bbox 892 1747 975 1790; x_wconf 85' lang='lat' dir='ltr'>hoc</span> <span class='ocrx_word' id='word_1_191' title='bbox 992 1745 1243 1790; x_wconf 87' lang='lat' dir='ltr'>distinctum</span> <span class='ocrx_word' id='word_1_192' title='bbox 1266 1747 1518 1803; x_wconf 87' lang='lat' dir='ltr'>reperimus.</span> <span class='ocrx_word' id='word_1_193' title='bbox 1537 1745 1609 1789; x_wconf 84' lang='lat' dir='ltr'>Ait</span> <span class='ocrx_word' id='word_1_194' title='bbox 1626 1746 1740 1803; x_wconf 60' lang='lat' dir='ltr'>enirn</span> <span class='ocrx_word' id='word_1_195' title='bbox 1758 1765 1767 1790; x_wconf 91' lang='lat'>:</span> 
     </span>
     <span class='ocr_line' id='line_1_23' title="bbox 390 1814 1771 1876; baseline 0 -16"><span class='ocrx_word' id='word_1_196' title='bbox 390 1837 410 1860; x_wconf 81' lang='lat'>&gt;›</span> <span class='ocrx_word' id='word_1_197' title='bbox 446 1822 575 1863; x_wconf 92' lang='lat' dir='ltr'>Anno</span> <span class='ocrx_word' id='word_1_198' title='bbox 597 1818 724 1862; x_wconf 83' lang='lat' dir='ltr'>tertio</span> <span class='ocrx_word' id='word_1_199' title='bbox 745 1817 961 1876; x_wconf 85' lang='lat' dir='ltr'>separabis</span> <span class='ocrx_word' id='word_1_200' title='bbox 983 1815 1110 1859; x_wconf 85' lang='lat' dir='ltr'>aliam</span> <span class='ocrx_word' id='word_1_201' title='bbox 1135 1814 1347 1858; x_wconf 83' lang='lat' dir='ltr'>decimam</span> <span class='ocrx_word' id='word_1_202' title='bbox 1366 1831 1416 1858; x_wconf 83' lang='lat' dir='ltr'>ex</span> <span class='ocrx_word' id='word_1_203' title='bbox 1433 1815 1651 1871; x_wconf 82' lang='lat' dir='ltr'>omnibus,</span> <span class='ocrx_word' id='word_1_204' title='bbox 1672 1832 1771 1876; x_wconf 83' lang='lat' dir='ltr'>quae</span> 
     </span>
     <span class='ocr_line' id='line_1_24' title="bbox 391 1886 1770 1947; baseline 0 -16"><span class='ocrx_word' id='word_1_205' title='bbox 391 1908 411 1931; x_wconf 85' lang='lat'>»</span> <span class='ocrx_word' id='word_1_206' title='bbox 447 1897 684 1934; x_wconf 84' lang='lat' dir='ltr'>nascuntur</span> <span class='ocrx_word' id='word_1_207' title='bbox 723 1887 802 1931; x_wconf 83' lang='lat' dir='ltr'>tibi</span> <span class='ocrx_word' id='word_1_208' title='bbox 836 1903 887 1931; x_wconf 88' lang='lat' dir='ltr'>eo</span> <span class='ocrx_word' id='word_1_209' title='bbox 922 1895 1138 1945; x_wconf 87' lang='lat' dir='ltr'>tempore,</span> <span class='ocrx_word' id='word_1_210' title='bbox 1173 1894 1217 1929; x_wconf 88' lang='lat' dir='ltr'>et</span> <span class='ocrx_word' id='word_1_211' title='bbox 1259 1901 1440 1945; x_wconf 84' lang='lat' dir='ltr'>repones</span> <span class='ocrx_word' id='word_1_212' title='bbox 1474 1886 1588 1931; x_wconf 87' lang='lat' dir='ltr'>intra</span> <span class='ocrx_word' id='word_1_213' title='bbox 1614 1888 1770 1947; x_wconf 85' lang='lat' dir='ltr'>januas</span> 
     </span>
     <span class='ocr_line' id='line_1_25' title="bbox 389 1956 1768 2018; baseline 0 -16"><span class='ocrx_word' id='word_1_214' title='bbox 389 1980 409 2003; x_wconf 91' lang='lat'>»</span> <span class='ocrx_word' id='word_1_215' title='bbox 445 1969 563 2015; x_wconf 84' lang='lat' dir='ltr'>tuas,</span> <span class='ocrx_word' id='word_1_216' title='bbox 587 1959 820 2018; x_wconf 83' lang='lat' dir='ltr'>venietque</span> <span class='ocrx_word' id='word_1_217' title='bbox 848 1957 1036 2012; x_wconf 81' lang='lat' dir='ltr'>Levites,</span> <span class='ocrx_word' id='word_1_218' title='bbox 1058 1957 1133 2017; x_wconf 86' lang='lat' dir='ltr'>qui</span> <span class='ocrx_word' id='word_1_219' title='bbox 1156 1956 1281 2000; x_wconf 84' lang='lat' dir='ltr'>aliam</span> <span class='ocrx_word' id='word_1_220' title='bbox 1315 1972 1406 2001; x_wconf 90' lang='lat' dir='ltr'>non</span> <span class='ocrx_word' id='word_1_221' title='bbox 1436 1957 1571 2002; x_wconf 89' lang='lat' dir='ltr'>habet</span> <span class='ocrx_word' id='word_1_222' title='bbox 1601 1967 1768 2017; x_wconf 86' lang='lat' dir='ltr'>partem</span> 
     </span>
     <span class='ocr_line' id='line_1_26' title="bbox 391 2026 1768 2089; baseline 0 -16"><span class='ocrx_word' id='word_1_223' title='bbox 391 2050 411 2073; x_wconf 89' lang='lat'>»</span> <span class='ocrx_word' id='word_1_224' title='bbox 447 2045 527 2074; x_wconf 90' lang='lat' dir='ltr'>nec</span> <span class='ocrx_word' id='word_1_225' title='bbox 547 2028 858 2089; x_wconf 87' lang='lat' dir='ltr'>possessionem</span> <span class='ocrx_word' id='word_1_226' title='bbox 876 2037 1037 2083; x_wconf 85' lang='lat' dir='ltr'>tecum,</span> <span class='ocrx_word' id='word_1_227' title='bbox 1056 2037 1098 2071; x_wconf 88' lang='lat' dir='ltr'>ct</span> <span class='ocrx_word' id='word_1_228' title='bbox 1117 2026 1369 2086; x_wconf 81' lang='lat' dir='ltr'>peregrinus</span> <span class='ocrx_word' id='word_1_229' title='bbox 1388 2027 1633 2087; x_wconf 87' lang='lat' dir='ltr'>etpupillus</span> <span class='ocrx_word' id='word_1_230' title='bbox 1646 2037 1689 2073; x_wconf 93' lang='lat' dir='ltr'>et</span> <span class='ocrx_word' id='word_1_231' title='bbox 1700 2029 1768 2073; x_wconf 90' lang='lat' dir='ltr'>vi-</span> 
     </span>
    </p>
   </div>
   <div class='ocr_carea' id='block_1_8' title="bbox 391 2098 1827 2160">
    <p class='ocr_par' dir='ltr' id='par_1_8' title="bbox 391 2098 1827 2160">
     <span class='ocr_line' id='line_1_27' title="bbox 391 2098 1827 2160; baseline 0.001 -17"><span class='ocrx_word' id='word_1_232' title='bbox 391 2120 412 2143; x_wconf 81' lang='lat'>»</span> <span class='ocrx_word' id='word_1_233' title='bbox 448 2099 555 2156; x_wconf 82' lang='lat' dir='ltr'>dua,</span> <span class='ocrx_word' id='word_1_234' title='bbox 575 2099 651 2160; x_wconf 89' lang='lat' dir='ltr'>qui</span> <span class='ocrx_word' id='word_1_235' title='bbox 681 2099 791 2142; x_wconf 83' lang='lat' dir='ltr'>intra</span> <span class='ocrx_word' id='word_1_236' title='bbox 810 2107 955 2158; x_wconf 88' lang='lat' dir='ltr'>portas</span> <span class='ocrx_word' id='word_1_237' title='bbox 976 2107 1072 2142; x_wconf 85' lang='lat' dir='ltr'>tuas</span> <span class='ocrx_word' id='word_1_238' title='bbox 1093 2107 1215 2152; x_wconf 90' lang='lat' dir='ltr'>sunt,</span> <span class='ocrx_word' id='word_1_239' title='bbox 1241 2107 1283 2141; x_wconf 86' lang='lat' dir='ltr'>et</span> <span class='ocrx_word' id='word_1_240' title='bbox 1304 2098 1556 2153; x_wconf 87' lang='lat' dir='ltr'>comedent,</span> <span class='ocrx_word' id='word_1_241' title='bbox 1577 2108 1620 2142; x_wconf 88' lang='lat' dir='ltr'>et</span> <span class='ocrx_word' id='word_1_242' title='bbox 1647 2109 1766 2144; x_wconf 83' lang='lat' dir='ltr'>satu-</span> <span class='ocrx_word' id='word_1_243' title='bbox 1824 2122 1827 2143; x_wconf 65' lang='grc' dir='ltr'>ι</span> 
     </span>
    </p>
   </div>
   <div class='ocr_carea' id='block_1_9' title="bbox 391 2168 1766 2228">
    <p class='ocr_par' dir='ltr' id='par_1_9' title="bbox 391 2168 1766 2228">
     <span class='ocr_line' id='line_1_28' title="bbox 391 2168 1766 2228; baseline 0 -14"><span class='ocrx_word' id='word_1_244' title='bbox 391 2192 401 2214; x_wconf 83' lang='lat'><strong>&gt;</strong></span> <span class='ocrx_word' id='word_1_245' title='bbox 446 2172 688 2228; x_wconf 79' lang='lat' dir='ltr'>rabuntur3</span> <span class='ocrx_word' id='word_1_246' title='bbox 730 2179 780 2214; x_wconf 89' lang='lat' dir='ltr'>ut</span> <span class='ocrx_word' id='word_1_247' title='bbox 814 2168 1044 2213; x_wconf 81' lang='lat' dir='ltr'>benedicat</span> <span class='ocrx_word' id='word_1_248' title='bbox 1078 2169 1158 2213; x_wconf 83' lang='lat' dir='ltr'>tibi</span> <span class='ocrx_word' id='word_1_249' title='bbox 1194 2169 1404 2213; x_wconf 90' lang='lat' dir='ltr'>Dominus</span> <span class='ocrx_word' id='word_1_250' title='bbox 1441 2173 1554 2213; x_wconf 89' lang='lat' dir='ltr'>Deus</span> <span class='ocrx_word' id='word_1_251' title='bbox 1586 2179 1688 2214; x_wconf 88' lang='lat' dir='ltr'>tuus</span> <span class='ocrx_word' id='word_1_252' title='bbox 1722 2171 1766 2214; x_wconf 90' lang='lat' dir='ltr'>in</span> 
     </span>
    </p>
   </div>
   <div class='ocr_carea' id='block_1_10' title="bbox 403 2192 411 2214">
    <p class='ocr_par' dir='ltr' id='par_1_10' title="bbox 403 2192 411 2214">
     <span class='ocr_line' id='line_1_29' title="bbox 403 2192 411 2214; textangle 90"><span class='ocrx_word' id='word_1_253' title='bbox 403 2192 411 2214; x_wconf 58' lang='lat' dir='ltr'>v</span> 
     </span>
    </p>
   </div>
   <div class='ocr_carea' id='block_1_11' title="bbox 390 2233 1825 2301">
    <p class='ocr_par' dir='ltr' id='par_1_11' title="bbox 390 2233 1825 2301">
     <span class='ocr_line' id='line_1_30' title="bbox 390 2233 1825 2301; baseline -0.003 -16"><span class='ocrx_word' id='word_1_254' title='bbox 390 2264 410 2285; x_wconf 83' lang='lat'>»</span> <span class='ocrx_word' id='word_1_255' title='bbox 447 2242 613 2287; x_wconf 82' lang='lat' dir='ltr'>cunctis</span> <span class='ocrx_word' id='word_1_256' title='bbox 654 2241 857 2301; x_wconf 87' lang='lat' dir='ltr'>operibus</span> <span class='ocrx_word' id='word_1_257' title='bbox 892 2255 1100 2284; x_wconf 85' lang='lat' dir='ltr'>manuum</span> <span class='ocrx_word' id='word_1_258' title='bbox 1140 2249 1337 2295; x_wconf 83' lang='lat' dir='ltr'>tuarum,</span> <span class='ocrx_word' id='word_1_259' title='bbox 1378 2256 1476 2300; x_wconf 82' lang='lat' dir='ltr'>quae</span> <span class='ocrx_word' id='word_1_260' title='bbox 1512 2240 1702 2285; x_wconf 79' lang='lat' dir='ltr'>feeeris2.</span> <span class='ocrx_word' id='word_1_261' title='bbox 1742 2260 1761 2282; x_wconf 74' lang='lat' dir='ltr'>n</span> <span class='ocrx_word' id='word_1_262' title='bbox 1822 2233 1825 2269; x_wconf 58' lang='grc' dir='ltr'><em>ἕ</em></span> 
     </span>
    </p>
   </div>
   <div class='ocr_carea' id='block_1_12' title="bbox 392 2311 1761 2372">
    <p class='ocr_par' dir='ltr' id='par_1_12' title="bbox 392 2311 1761 2372">
     <span class='ocr_line' id='line_1_31' title="bbox 392 2311 1761 2372; baseline -0.005 -13"><span class='ocrx_word' id='word_1_263' title='bbox 392 2315 537 2360; x_wconf 88' lang='lat' dir='ltr'>Primo</span> <span class='ocrx_word' id='word_1_264' title='bbox 567 2315 650 2358; x_wconf 87' lang='lat' dir='ltr'>hoc</span> <span class='ocrx_word' id='word_1_265' title='bbox 669 2313 808 2372; x_wconf 87' lang='lat' dir='ltr'>ipsum</span> <span class='ocrx_word' id='word_1_266' title='bbox 830 2312 999 2371; x_wconf 77' lang='lat' dir='ltr'>planius</span> <span class='ocrx_word' id='word_1_267' title='bbox 1022 2321 1085 2355; x_wconf 86' lang='lat' dir='ltr'>est</span> <span class='ocrx_word' id='word_1_268' title='bbox 1106 2311 1225 2371; x_wconf 85' lang='lat' dir='ltr'>quod</span> <span class='ocrx_word' id='word_1_269' title='bbox 1249 2311 1333 2355; x_wconf 87' lang='lat' dir='ltr'>ait:</span> <span class='ocrx_word' id='word_1_270' title='bbox 1363 2331 1382 2352; x_wconf 72' lang='grc' dir='ltr'>α</span> <span class='ocrx_word' id='word_1_271' title='bbox 1407 2315 1534 2356; x_wconf 89' lang='lat' dir='ltr'>Anno</span> <span class='ocrx_word' id='word_1_272' title='bbox 1557 2313 1712 2370; x_wconf 75' lang='lat' dir='ltr'>terti03</span> <span class='ocrx_word' id='word_1_273' title='bbox 1741 2332 1761 2353; x_wconf 83' lang='lat'>»</span> 
     </span>
    </p>
   </div>
   <div class='ocr_carea' id='block_1_13' title="bbox 385 2381 1823 2515">
    <p class='ocr_par' dir='ltr' id='par_1_13' title="bbox 385 2381 1823 2515">
     <span class='ocr_line' id='line_1_32' title="bbox 385 2381 1823 2443; baseline -0.002 -14"><span class='ocrx_word' id='word_1_274' title='bbox 385 2383 643 2443; x_wconf 79' lang='lat' dir='ltr'>intelligitur</span> <span class='ocrx_word' id='word_1_275' title='bbox 671 2383 787 2426; x_wconf 87' lang='lat' dir='ltr'>enim</span> <span class='ocrx_word' id='word_1_276' title='bbox 818 2397 906 2425; x_wconf 89' lang='lat' dir='ltr'>uno</span> <span class='ocrx_word' id='word_1_277' title='bbox 939 2397 1054 2425; x_wconf 86' lang='lat' dir='ltr'>anno</span> <span class='ocrx_word' id='word_1_278' title='bbox 1087 2381 1339 2440; x_wconf 84' lang='lat' dir='ltr'>interposito</span> <span class='ocrx_word' id='word_1_279' title='bbox 1366 2400 1373 2424; x_wconf 94' lang='lat'>:</span> <span class='ocrx_word' id='word_1_280' title='bbox 1406 2381 1449 2424; x_wconf 89' lang='lat' dir='ltr'>in</span> <span class='ocrx_word' id='word_1_281' title='bbox 1484 2383 1763 2441; x_wconf 75' lang='lat' dir='ltr'>Septuaginta</span> <span class='ocrx_word' id='word_1_282' title='bbox 1821 2382 1823 2387; x_wconf 81' lang='grc'><strong>’</strong></span> 
     </span>
     <span class='ocr_line' id='line_1_33' title="bbox 387 2450 1822 2515; baseline -0.002 -15"><span class='ocrx_word' id='word_1_283' title='bbox 387 2465 556 2510; x_wconf 84' lang='lat' dir='ltr'>autem,</span> <span class='ocrx_word' id='word_1_284' title='bbox 581 2455 787 2515; x_wconf 80' lang='lat' dir='ltr'>quoniam</span> <span class='ocrx_word' id='word_1_285' title='bbox 815 2472 833 2494; x_wconf 91' lang='lat'>«</span> <span class='ocrx_word' id='word_1_286' title='bbox 869 2456 969 2497; x_wconf 84' lang='lat' dir='ltr'>Post</span> <span class='ocrx_word' id='word_1_287' title='bbox 997 2462 1080 2496; x_wconf 83' lang='lat' dir='ltr'>tres</span> <span class='ocrx_word' id='word_1_288' title='bbox 1108 2467 1243 2496; x_wconf 84' lang='lat' dir='ltr'>annos</span> <span class='ocrx_word' id='word_1_289' title='bbox 1268 2471 1287 2493; x_wconf 91' lang='lat'>»</span> <span class='ocrx_word' id='word_1_290' title='bbox 1311 2450 1440 2507; x_wconf 79' lang='lat' dir='ltr'>dixit,</span> <span class='ocrx_word' id='word_1_291' title='bbox 1466 2452 1678 2497; x_wconf 81' lang='lat' dir='ltr'>incertum</span> <span class='ocrx_word' id='word_1_292' title='bbox 1700 2461 1762 2497; x_wconf 84' lang='lat' dir='ltr'>est</span> <span class='ocrx_word' id='word_1_293' title='bbox 1819 2462 1822 2502; x_wconf 68' lang='grc' dir='ltr'>ὲ</span> 
     </span>
    </p>
   </div>
   <div class='ocr_carea' id='block_1_14' title="bbox 436 2548 1239 2592">
    <p class='ocr_par' dir='ltr' id='par_1_14' title="bbox 436 2548 1239 2592">
     <span class='ocr_line' id='line_1_34' title="bbox 436 2548 1239 2592; baseline 0.006 -17"><span class='ocrx_word' id='word_1_294' title='bbox 436 2559 442 2575; x_wconf 86' lang='lat'>1</span> <span class='ocrx_word' id='word_1_295' title='bbox 466 2554 557 2584; x_wconf 65' lang='lat' dir='ltr'>Dent.</span> <span class='ocrx_word' id='word_1_296' title='bbox 585 2561 648 2592; x_wconf 76' lang='lat' dir='ltr'>xiv,</span> <span class='ocrx_word' id='word_1_297' title='bbox 670 2550 722 2590; x_wconf 74' lang='lat'>28,</span> <span class='ocrx_word' id='word_1_298' title='bbox 743 2559 796 2591; x_wconf 68' lang='lat'>29.</span> <span class='ocrx_word' id='word_1_299' title='bbox 816 2566 856 2571; x_wconf 82' lang='lat'>--</span> <span class='ocrx_word' id='word_1_300' title='bbox 880 2555 892 2570; x_wconf 85' lang='grc'>’·’</span> <span class='ocrx_word' id='word_1_301' title='bbox 914 2549 963 2581; x_wconf 68' lang='lat' dir='ltr'>bic</span> <span class='ocrx_word' id='word_1_302' title='bbox 982 2548 1077 2580; x_wconf 68' lang='lat' dir='ltr'>habet</span> <span class='ocrx_word' id='word_1_303' title='bbox 1100 2549 1239 2591; x_wconf 63' lang='lat' dir='ltr'>Yulgata.</span> 
     </span>
    </p>
   </div>
   <div class='ocr_carea' id='block_1_15' title="bbox 1866 1044 1871 1559">
    <p class='ocr_par' dir='ltr' id='par_1_15' title="bbox 1866 1044 1871 1559">
     <span class='ocr_line' id='line_1_35' title="bbox 1866 1044 1871 1559; baseline 0 0"><span class='ocrx_word' id='word_1_304' title='bbox 1866 1044 1871 1559; x_wconf 95' lang='lat' dir='ltr'> </span> 
     </span>
    </p>
   </div>
   <div class='ocr_carea' id='block_1_16' title="bbox 1820 1159 1837 2640">
    <p class='ocr_par' dir='ltr' id='par_1_16' title="bbox 1820 1159 1837 2640">
     <span class='ocr_line' id='line_1_36' title="bbox 1820 1159 1837 2640; baseline 0 0"><span class='ocrx_word' id='word_1_305' title='bbox 1820 1159 1837 2640; x_wconf 95' lang='lat' dir='ltr'> </span> 
     </span>
    </p>
   </div>
  </div>
 </body>
</html>
