1872 3267
309 193 574 230 QUAESTIONES
607 193 651 219 nx·
685 193 910 229 NUMEiios,
947 194 1028 219 ΜΒ.
1066 194 1123 219 ιν.
1326 182 1410 222 449

26 257 222 304 miraculi
240 258 317 302 ubi
337 258 548 317 separatio
565 257 658 302 fieri
675 266 868 317 poterat,
889 266 938 301 ut
955 257 1023 302 vel
1046 273 1174 318 aqua,
1195 257 1264 303 vel
1282 258 1407 317 ignis,

26 330 94 375 vel
115 330 256 375 hiatus
285 339 430 385 terrae,
456 346 565 391 quos
587 328 847 384 invenisset,
871 328 1089 373 auferret?
1109 328 1176 374 Sic.
1199 328 1301 375 etin
1324 331 1412 375 fine

28 418 51 447 a
80 401 248 446 zizaniis
271 401 589 461 separabuntur
613 398 855 455 frumenta,
887 410 937 444 ut
963 399 1099 444 malos
1119 401 1414 446 cremantibus

29 472 350 531 flammis,justi
373 471 571 531 fulgeant
586 471 698 515 sieut
717 469 781 515 sol
796 471 840 515 in
858 486 992 530 regno
1015 470 1153 515 Patris
1175 472 1241 515 sui
1256 473 1286 515 ¹.

503 578 738 628 QUAES'rlo
771 580 944 618 xxvni.

88 688 214 739 Quot)
244 684 304 729 ait
324 688 496 742 Moyses
528 682 583 728 de
607 685 750 729 Chore
778 693 821 728 et
842 683 1009 728 Abiron
1031 692 1074 727 et
1095 682 1263 728 Dathan
1278 719 1288 739 ,
1326 704 1345 725 «
1369 688 1419 729 ln

32 775 52 798 »
75 756 236 801 visione
256 755 457 800 ostendet
474 758 609 810 Deus,
636 764 679 798 et
701 755 898 814 aperiens
916 763 1029 798 terra
1051 770 1097 798 os
1117 770 1245 798 suum
1267 755 1419 801 absor-

33 845 55 869 »
80 826 202 871 bebit
223 830 320 871 (305·ἶ
337 861 347 881 ,
376 845 395 867 »
423 825 601 886 quidam
625 824 898 885 interpretati
927 833 1052 879 sunt,
1085 844 1104 866 «
1135 828 1186 868 In
1211 826 1334 870 hiatu
1355 843 1424 872 os-

35 917 55 940 »
82 898 233 943 tendet
258 897 464 942 Dominus
490 916 497 940 :
522 916 540 937 »
559 896 689 941 eredo
712 905 916 956 putantes
937 896 1103 941 dietum
1115 903 1279 954 χάσμα-τι,
1302 899 1423 959 quod

34 984 169 1028 graece
203 969 393 1028 positum
414 977 478 1011 est
507 973 650 1017 φάσματι
685 967 806 1027 quod
829 983 906 1027 pro
929 983 979 1011 eo
1001 967 1166 1012 dietum
1196 978 1287 1024 est,
1313 986 1361 1014 ae
1391 970 1424 1013 si

34 1040 266 1094 diceretur,
288 1059 307 1081 «
325 1043 376 1083 In
394 1037 758 1092 manifestatione,
773 1056 793 1079 »
809 1037 929 1098 quod
942 1047 1088 1098 aperte
1101 1039 1235 1084 oculis
1249 1056 1357 1099 appa
1365 1056 1427 1084 re-

36 1111 115 1155 bit.
132 1114 228 1157 Non
243 1110 357 1154 enim
374 1110 432 1154 sie
447 1108 613 1153 dietum
627 1118 705 1163 est,
727 1128 745 1150 «
764 1112 813 1152 In
825 1108 1035 1163 visione,>›
1052 1110 1425 1169 quemadmodum

35 1181 173 1227 solent
195 1180 279 1225 dici
300 1181 484 1225 visiones
502 1216 511 1235 ,
538 1181 627 1224 sive
650 1180 916 1224 somniorum
931 1215 941 1235 ,
975 1180 1062 1224 sive
1079 1197 1354 1243 quarumque
1380 1184 1426 1227 in

38 1251 170 1296 extasi
192 1252 454 1310 figurarum,
476 1249 551 1294 sed
568 1259 618 1294 ut
632 1249 754 1305 dixit,
775 1250 820 1293 in
833 1249 1198 1295 manifestatione.
1216 1253 1427 1298 Nonnulli

33 1331 176 1367 autem
208 1321 328 1365 aliud
362 1321 611 1381 opinantes,
649 1340 668 1363 «
701 1323 753 1364 In
775 1321 1076 1380 phantasmate
1102 1341 1120 1362 n
1154 1322 1432 1383 interpretari

34 1393 266 1439 voluerunt
293 1413 300 1438 2
325 1392 445 1453 quod
466 1393 646 1438 omuino
664 1392 723 1437 sie
746 1393 953 1439 abhorret
978 1410 1001 1437 a
1022 1395 1340 1440 consuetudine
1358 1397 1426 1442 lo-

33 1465 218 1510 cutionis
242 1473 401 1508 nostra-2
419 1499 429 1518 ,
446 1473 495 1507 ut
514 1479 729 1523 nusquam
752 1461 842 1507 fere
865 1463 1034 1508 dicatur
1050 1465 1329 1524 phantasma,
1348 1469 1430 1513 nisi

36 1536 110 1580 ubi
134 1535 318 1579 falsitate
346 1534 534 1578 visorum
559 1550 706 1578 sensus
729 1543 875 1578 noster
899 1534 1098 1579 illuditur
1123 1555 1131 1580 ε
1158 1540 1356 1598 quamvis
1387 1549 1430 1584 et

0 1664 2 1668 .
37 1608 159 1653 hoca
190 1605 381 1651 videndo
404 1607 456 1649 sit
493 1606 659 1649 dictum
681 1622 692 1657 3
731 1605 807 1650 sed
823 1641 834 1660 ,
860 1614 910 1650 ut
931 1605 1044 1662 dixi,
1079 1607 1199 1653 aliud
1219 1609 1431 1671 loquendi

0 1722 2 1730 ‚
37 1678 308 1725 consuetudo
329 1676 644 1736 proejudicavit.

529 1774 766 1825 QUAESTIO
798 1777 937 1815 XXIX.

104 1902 124 1924 «
147 1885 210 1926 ET
232 1879 553 1925 descenderunt
573 1878 680 1938 ipsi,
701 1887 744 1922 et
762 1878 906 1923 omnia
924 1894 1218 1940 quaecumque
1238 1891 1340 1927 sunt
1353 1884 1428 1940 eis,

47 1954 283 1998 »viventes
315 1951 369 1996 ad
403 1950 564 1995 inferos
594 1952 625 1992 ³.
664 1969 683 1990 »
723 1949 978 1995 Notandum
1007 1951 1250 1996 seeundum
1285 1953 1434 2000 locum

23 2079 24 2082 Ἴ
47 2033 265 2069 terrenum
287 2021 424 2066 dictos
442 2037 531 2065 esse
554 2021 730 2074 inferos,
750 2021 834 2065 hoc
848 2029 927 2075 est,
953 2021 998 2064 in
1015 2020 1293 2069 inferioribus
1308 2035 1435 2072 terrae

0 2144 1 2148 ,
47 2095 256 2156 partibus.
282 2093 409 2137 Varie
431 2091 594 2151 quippe
613 2091 657 2134 in
675 2091 905 2151 Scripturis
923 2101 966 2136 et
982 2092 1064 2136 sub
1081 2093 1304 2140 intellectu
1320 2097 1437 2142 mul-

51 2166 199 2226 tiplici,
221 2165 332 2209 sieut
352 2178 497 2207 rerum
516 2161 570 2205 de
592 2161 752 2222 quibus
772 2162 913 2220 agitur
929 2178 1078 2208 sensus
1101 2165 1249 2223 exigit,
1276 2183 1439 2214 nomen

26 2287 27 2291 Ἰ
49 2239 226 2298 ponitur
242 2234 506 2288 inferorum,
527 2242 570 2277 et
582 2233 765 2277 maxime
788 2234 833 2277 in
846 2235 1027 2278 mortuis
1046 2236 1130 2280 hoe
1153 2238 1289 2297 accipi
1310 2238 1435 2284 solet.

1 2355 10 2368 .
54 2309 138 2353 Sed
160 2306 368 2368 quoniam
390 2305 492 2349 istos
513 2304 707 2348 viventes
729 2303 895 2349 dictum
917 2314 980 2349 est
1002 2304 1056 2349 ad
1079 2305 1239 2351 inferos
1262 2307 1438 2355 deseen-

0 2372 10 2430 f
52 2378 161 2423 disse
176 2413 186 2433 ,
211 2387 255 2421 et
278 2377 367 2437 ipsa
389 2375 634 2420 narratione
657 2373 764 2435 quid
784 2375 950 2420 factum
964 2374 1096 2420 fuerit
1112 2378 1212 2423 satis
1230 2391 1437 2442 apparet3

29 2464 31 2493 ι
54 2448 331 2494 manifestum
348 2456 432 2502 est,
456 2456 507 2491 ut
527 2445 630 2501 dixi,
646 2445 870 2491 inferiores
885 2457 1026 2507 partes
1048 2458 1173 2493 terrae
1195 2449 1438 2498 inferorum

105 2553 114 2569 ¹
136 2545 250 2579 Matth.
273 2542 516 2586 x111,30et43.
535 2560 576 2566 —-
596 2548 609 2565 ²
627 2544 718 2575 Num.
740 2553 807 2585 xw,
824 2542 874 2575 30.
897 2561 937 2566 —
955 2542 968 2568 3
987 2544 1068 2577 Ibid.
1090 2545 1143 2577 33.

325 2609 448 2639 exin.
1207 2601 1259 2640 29
