1872 3267
374 253 638 288 QUAESTIONES
670 254 716 280 ῐΝ
748 253 952 292 ExontJM,
989 255 1070 282 Lm.
1108 255 1154 280 11.
1379 239 1462 278 215

78 317 233 376 pulum
250 316 577 371 dimittendum,
594 316 703 360 illud
718 318 858 377 primo
878 318 1045 363 dictum
1061 333 1150 363 esse
1163 353 1173 372 ‚
1191 315 1312 377 quod
1333 316 1462 360 etiam

80 388 279 448 primitus
300 388 422 432 fieret
435 424 446 443 ⁷
465 388 497 432 si
516 387 589 439 ille
602 387 855 433 dimitteret.
875 392 932 434 Ut
944 391 1060 434 enim
1078 390 1137 433 sic
1151 389 1307 432 fierent
1319 387 1464 432 omnia

78 459 449 519 quemadmodum
474 474 743 519 consequens
763 461 983 520 Scriptura
1005 469 1203 515 testatur,
1229 458 1464 503 Pharaonis

79 531 351 575 contumacia
371 531 532 574 meruit
552 539 596 574 et
627 547 821 575 suorum.
861 535 1013 593 Neque
1049 530 1166 575 enim
1197 529 1466 574 mendaciter

80 604 194 645 Deus
208 600 337 660 jubet
359 600 479 660 quod
491 601 569 645 scit
590 618 679 646 non
695 601 915 647 facturum
935 603 1005 648 cui
1019 601 1217 664 jubetur,
1237 609 1287 645 ut
1297 601 1466 661 justum

75 670 291 731 judicium
313 680 618 731 consequatur.

588 780 826 831 QUAESTIO
858 782 960 822 xw.

139 885 287 927 VERBA
311 899 411 943 quae
433 882 540 927 dicit
554 886 725 941 Moyses
741 883 794 928 ad
807 884 1060 939 Dominum,
1082 902 1102 926 «
1123 884 1266 937 Quare
1280 880 1468 926 afflixisti

83 953 336 1014 »populum
357 954 499 1005 hunc,
525 963 568 998 et
592 964 641 999 ut
682 954 789 1015 quid
825 969 896 998 me
918 955 1069 998 misisti
1092 974 1100 998 ;
1141 969 1192 997 ex
1224 968 1313 1013 quo
1351 952 1468 996 enim

82 1024 275 1069 »intravi
298 1025 353 1069 ad
372 1026 642 1070 Pharaonem
665 1025 786 1086 loqui
800 1025 845 1068 in
867 1033 943 1069 tuo
958 1024 1159 1079 nomine,
1178 1024 1226 1067 in
1242 1024 1362 1068 hunc
1384 1038 1468 1083 po-

82 1114 103 1137 »
123 1096 305 1156 pulum3
330 1106 373 1140 et
385 1112 474 1141 non
500 1096 691 1141 liberasti
714 1096 927 1156 populum
950 1104 1077 1139 tuum
1092 1097 1105 1121 ¹
1119 1130 1130 1151 ‚
1152 1113 1172 1135 »
1198 1110 1288 1139 non
1309 1103 1468 1138 contu-

80 1166 228 1210 maeiae
248 1167 381 1210 verba
409 1176 511 1210 sunt
538 1166 607 1210 vel
637 1165 969 1225 indignationis,
1003 1164 1078 1209 sed
1111 1164 1404 1224 inquisitionis
1426 1172 1470 1207 et

79 1237 281 1281 orationis
310 1237 455 1297 :quod
476 1237 604 1280 exhis
623 1246 824 1296 apparet,
850 1252 950 1297 quae
974 1234 1035 1280 illi
1057 1235 1266 1279 Dominus
1295 1249 1470 1294 respon-

79 1307 158 1353 dit.
180 1311 277 1354 Non
300 1309 417 1352 enim
440 1309 582 1366 arguit
604 1307 908 1353 infidelitatem
929 1309 1020 1368 ejus
1035 1343 1045 1362 ‚
1073 1306 1149 1352 sed
1170 1306 1278 1368 quid
1294 1307 1354 1352 sic
1376 1305 1470 1351 fac-

79 1389 202 1425 turus
219 1380 402 1439 aperuit.

597 1476 836 1525 QUAESTIO
867 1478 954 1516 XV.

145 1579 423 1621 SACRAMENTI
446 1576 593 1620 locum
607 1591 696 1620 esse
711 1576 768 1620 du
776 1576 898 1620 bium
916 1592 1006 1621 non
1021 1585 1100 1632 est,
1116 1576 1236 1637 quod
1250 1576 1471 1636 Scriptura

79 1647 229 1692 volens
251 1646 461 1704 originem
484 1647 626 1704 Moysi
642 1645 968 1691 demonstrare2
983 1683 993 1702 ,
1019 1647 1226 1707 quoniam
1244 1648 1335 1707 ejus
1357 1648 1473 1692 actio

74 1719 164 1779 jam
187 1717 438 1776 expetebat,
464 1733 487 1760 a
517 1717 808 1775 primogenito
831 1718 988 1772 Jacob,
1020 1717 1064 1762 id
1087 1727 1167 1773 est,
1192 1717 1353 1762 Ruben
1374 1733 1473 1777 pro-

81 1789 224 1848 genies
248 1788 404 1847 coepit,
436 1787 538 1831 inde
567 1787 622 1832 ad
646 1788 821 1833 Simeon
838 1824 848 1843 ‚
875 1788 977 1832 inde
1000 1788 1055 1833 ad
1078 1789 1204 1846 Levi3
1229 1788 1343 1833 ultra
1366 1804 1471 1848 pro-

81 1875 220 1920 gressa
237 1875 326 1903 non
347 1868 432 1914 est,
458 1860 667 1919 quoniam
690 1875 742 1903 ex
765 1860 868 1903 Levi
890 1863 1075 1917 Moyses.
1104 1860 1158 1903 Hi
1181 1868 1327 1904 autem
1346 1875 1470 1904 com-

81 1940 377 1976 memorantur
399 1966 409 1985 ,
453 1931 529 1991 qui
565 1931 656 1990 jam
699 1931 1029 1975 commemorati
1078 1929 1254 1974 fuerant
1295 1931 1338 1975 in
1389 1929 1472 1974 illis

81 2002 602 2062 septuaginta-quinque,
630 2001 675 2045 in
698 2001 861 2061 quibus
892 2000 1023 2045 Israel
1045 2001 1222 2045 intravit
1238 2001 1284 2045 in
1304 2003 1473 2060 AEgyp-

82 2082 176 2118 tum
196 2090 206 2117 :
228 2085 331 2118 non*
354 2073 470 2116 enim
492 2073 699 2132 primam,
738 2088 881 2133 neque
913 2071 1150 2116 secundam
1165 2107 1175 2127 ,
1196 2071 1274 2117 sed
1298 2072 1470 2116 tertiam

83 2144 242 2191 tribum
255 2179 266 2199 ‚
287 2141 333 2188 id
354 2152 433 2198 est,
459 2142 711 2197 Leviticam‚
737 2146 851 2188 Deus
869 2158 959 2188 csse
979 2142 1119 2189 voluit
1140 2142 1467 2187 sacerdotalem.

586 2251 823 2300 QUAESTIO
857 2252 960 2290 xvi.

141 2358 265 2409 Qcon
287 2358 457 2413 Moyses
481 2354 607 2410 dicit,
648 2374 668 2396 «
704 2357 815 2398 Ecce
843 2369 924 2413 ego
960 2354 1108 2413 gracili
1136 2369 1243 2403 voce
1274 2369 1396 2409 sum,
1429 2363 1473 2399 et

88 2444 107 2466 »
127 2425 348 2485 quomodo
370 2424 569 2481 essaudiet
587 2440 656 2468 me
680 2425 873 2468 Pharao3
888 2459 899 2479 ‚
932 2444 951 2465 n
982 2440 1072 2469 non
1103 2425 1276 2470 videtur
1299 2432 1471 2470 tantum

85 2507 260 2557 propter
291 2496 640 2555 magnitudinem
669 2494 822 2555 populi
853 2512 1057 2545 excusare
1076 2496 1132 2542 de
1158 2495 1277 2540 vocis
1302 2494 1472 2554 gracili-

133 2601 139 2615 ·
166 2594 264 2625 Ex'ml.
283 2602 369 2634 v‚·2‘).
400 2610 440 2614 —
460 2600 472 2614 ’Ξ
492 2594 538 2623 ῙιΙΔ
566 2605 610 2633 vi,
634 2593 683 2634 14.
706 2610 746 2614 —-
774 2592 785 2614 3
813 2592 896 2624 Ihm.
921 2593 973 2624 30.
