1872 3267
401 208 484 246 320
831 216 864 243 s.
900 216 1130 246 AUGUSTINI
1163 217 1342 245 muscom

399 291 572 342 geretur
598 281 913 341 quinquaginta
934 282 1044 326 ansis
1067 281 1193 326 aulaei
1221 280 1375 342 primi3
1400 295 1448 325 ac
1472 294 1547 340 per
1569 281 1650 326 hoc
1672 296 1777 326 con·-

398 367 581 412 sequens
610 360 730 406 erat,
764 359 815 395 ut
845 366 895 394 ex
924 351 1005 395 alia
1028 366 1204 412 quoque
1231 359 1353 410 parte
1382 349 1565 395 circulos
1595 350 1776 395 totidem

398 423 603 477 haberet,
626 437 702 481 per
724 437 832 482 quos
856 422 1190 481 conjungeretur
1212 420 1323 465 ansis
1345 419 1471 464 aulaei
1493 420 1621 465 tertii.
1648 420 1775 474 Quod

403 494 586 538 breviter
610 494 828 553 Scriptura
849 493 908 537 ita
926 492 1058 538 dixit:
1088 512 1109 536 «
1128 496 1185 537 Et
1207 491 1336 537 facies
1355 490 1538 537 circulos
1559 492 1777 553 quinqua-

401 582 420 604 »
457 564 574 622 ginta
596 579 762 617 aureos,
788 572 832 607 et
849 564 1083 623 conjunges
1106 563 1292 607 aulaeum
1311 561 1366 606 ad
1387 561 1573 606 aulaeum
1589 561 1774 616 circulis,

401 652 422 675 »
456 643 500 678 et
522 635 603 678 erit
629 633 960 678 tabernaculum
989 636 1167 678 unum¹.
1192 652 1211 674 »
1249 631 1412 678 Circuli
1433 647 1536 691 ergo
1557 632 1777 693 quinqua·
1830 660 1833 661 ν

399 705 516 764 ginta
534 705 652 748 aurei
664 703 844 749 secundi
858 704 1001 759 aulaei,
1017 704 1317 748 inserebantur
1331 703 1646 764 quinquaginta
1668 703 1779 748 ansis

399 775 687 831 hyacinthinis
706 774 833 834 primi
849 773 1001 829 aulaei·7
1026 774 1342 834 quinquaginta
1359 772 1509 818 circuli
1529 773 1778 818 insereban-
1864 777 1869 833 J

401 853 469 888 tur
491 853 534 888 et
554 844 867 904 quinquaginta
890 843 1001 888 ansis
1023 844 1139 888 tertii
1156 843 1304 900 aulaei3
1327 852 1371 887 et
1393 843 1594 903 deinceps
1611 843 1670 888 ita
1692 859 1778 888 cae-

401 915 478 959 teri
500 914 889 970 connectebantur,
918 923 968 958 ut
990 914 1184 974 quinque
1216 913 1625 974 complecterentur,
1650 923 1780 974 atque

398 1002 448 1029 ex
466 984 642 1028 adversa
664 993 785 1044 parte
807 983 887 1028 alia
907 983 1101 1028 similiter
1122 983 1331 1044 quinque.

461 1058 540 1098 ΙΙΙ.
574 1053 739 1099 Deinde
772 1053 910 1098 dicit:
949 1073 968 1095 «
993 1057 1050 1098 Et
1070 1053 1199 1099 facies
1231 1053 1324 1099 vela
1357 1054 1578 1115 capillacia
1614 1054 1780 1114 operire
1825 1093 1828 1104 k
1867 1053 1870 1063 “

401 1145 420 1165 n
457 1140 586 1185 super
615 1124 1005 1169 tabernaculum²z
1036 1145 1053 1165 »
1079 1124 1125 1168 id
1153 1134 1240 1180 est,
1273 1141 1371 1185 quae
1399 1124 1598 1169 venirent
1632 1140 1776 1184 super,

398 1211 488 1239 non
506 1211 528 1239 a
551 1204 672 1255 parte
690 1194 817 1249 tecti,
843 1194 917 1238 sed
934 1194 1294 1254 supercingendo.
1317 1195 1507 1239 Dicimus
1524 1194 1639 1238 enim
1663 1203 1706 1238 et
1721 1194 1780 1238 sic

399 1265 563 1326 aliquid
595 1265 849 1324 superponi,
878 1280 968 1308 non
999 1264 1372 1324 quemadmodum
1404 1274 1567 1309 tectum
1595 1264 1776 1319 domus,
1870 1257 1871 1263 ¹

398 1336 474 1380 sed
492 1334 863 1396 quemadmodum
886 1336 1113 1378 tectorium
1135 1335 1323 1394 parietis,
1348 1344 1557 1395 tanquam
1578 1350 1707 1395 super
1723 1334 1779 1378 li-
1824 1330 1826 1340 ¹

398 1423 524 1451 neam
542 1405 732 1461 fasciam,
752 1425 769 1447 «
784 1404 1010 1461 Undecim,
1025 1405 1183 1465 inquit,
1195 1406 1288 1450 vela
1302 1405 1431 1450 facies
1448 1421 1512 1450 ea.
1531 1405 1780 1464 Longitudo
1824 1428 1827 1438 =

401 1497 420 1518 »
456 1476 541 1520 veli
554 1477 683 1520 unius
701 1476 781 1519 erit
794 1475 970 1534 triginta
988 1475 1237 1519 cubitorum
1249 1510 1259 1530 ,
1278 1485 1321 1519 et
1333 1485 1521 1536 quatuor
1533 1476 1779 1521 cubitorum

401 1568 421 1589 »
456 1548 644 1593 latitudo
667 1547 751 1592 veli
773 1548 929 1592 unius:
946 1562 1146 1591 mensura
1171 1546 1322 1591 eadem
1338 1547 1418 1591 erit
1435 1546 1637 1591 undecim
1659 1546 1781 1592 velo·
1824 1597 1826 1603 y
1869 1540 1872 1559 ²

1824 1607 1826 1614 ¹
1869 1611 1872 1625 )

399 1638 419 1660 »
456 1635 568 1663 rum.
587 1622 644 1663 Et
657 1619 892 1678 conjunges
905 1618 1100 1678 quinque
1117 1616 1211 1662 vela
1226 1618 1342 1673 inse,
1355 1617 1776 1662 etsexvelainse³.»
1823 1658 1826 1678 ζ

398 1689 628 1743 Quomodo
650 1689 723 1733 illa
746 1687 880 1732 aulaea
910 1688 1048 1732 voluit
1077 1688 1210 1748 quina
1232 1688 1466 1748 conjungi,
1498 1689 1556 1732 sic
1578 1688 1657 1732 ista
1685 1688 1780 1732 vela
1823 1681 1826 1742 ξ

396 1762 591 1821 quinque
621 1769 665 1804 et
698 1775 791 1815 sex,
825 1775 924 1820 quae
947 1759 1152 1804 undecim
1174 1768 1323 1815 erant,
1359 1775 1449 1803 non
1478 1759 1643 1803 decem.
1678 1778 1698 1800 «
1724 1762 1781 1803 Et
1823 1748 1826 1791 s

400 1851 420 1873 η
457 1831 726 1892 duplicabis,
761 1830 928 1890 inquit,
961 1829 1108 1873 velum
1143 1838 1312 1873 sextum
1349 1828 1591 1873 secundum
1626 1828 1778 1873 faeiem

399 1921 419 1943 »
455 1900 749 1946 tabernaculi4
772 1919 780 1944 :
804 1919 823 1942 ›>
848 1915 902 1943 ne
914 1908 1109 1943 moveret
1130 1901 1231 1959 quia
1253 1899 1504 1959 impariliter
1521 1898 1778 1944 alterutrum
1823 1924 1827 1953 i
1870 1898 1872 1914 ¹

397 1973 677 2017 incurrebant
705 1986 775 2015 sex
805 1979 848 2014 et
869 1969 1080 2030 quinque.
1108 1969 1271 2013 Deinde
1290 1968 1395 2013 dicit
1424 1970 1553 2020 etiam
1584 1970 1662 2013 ista
1685 1969 1779 2014 vela
1822 2021 1824 2029 Ι
1871 1975 1872 1985 ’

396 2042 640 2103 capillacia,
668 2040 1041 2102 quemadmodum
1064 2040 1237 2084 sibimet
1252 2041 1556 2100 jungerentur.
1588 2043 1646 2084 Et
1666 2040 1779 2084 idem
1871 2051 1872 2054 ’

398 2113 518 2168 dicit,
538 2112 615 2157 sed
631 2111 809 2157 fortasse
822 2111 992 2170 planius
1010 2130 1017 2155 :
1041 2113 1133 2155 «Et
1154 2110 1305 2165 facies,
1330 2110 1489 2170 inquit,
1510 2126 1632 2155 ansas
1652 2110 1780 2170 quin-
1822 2104 1824 2140 ἶ

399 2203 420 2225 »
456 2183 664 2244 quaginta
680 2183 726 2226 in
744 2198 817 2227 ora
838 2181 924 2226 veli
936 2181 1087 2236 unius,
1113 2179 1232 2241 quod
1256 2190 1406 2225 contra
1423 2181 1617 2225 medium
1632 2183 1735 2237 est5‚
1756 2200 1775 2222 »
1822 2210 1824 2226 f

396 2254 444 2299 id
473 2264 560 2310 est,
586 2263 737 2298 contra
757 2251 999 2297 secundum
1016 2287 1026 2307 ,
1053 2251 1155 2311 quia
1176 2252 1319 2312 ipsum
1346 2252 1425 2296 erit
1448 2250 1642 2296 medium
1669 2252 1781 2296 inter

397 2325 587 2385 primum
608 2333 652 2369 et
672 2323 874 2368 tertium:
899 2341 916 2363 «
939 2321 1188 2367 Secundum
1211 2322 1533 2367 commissuram
1549 2358 1559 2377 ‚
1588 2343 1605 2364 »
1631 2321 1676 2366 id
1692 2331 1776 2376 est,

391 2397 644 2456 juncturam
673 2414 681 2440 :
721 2413 740 2437 «
771 2397 825 2438 Et
845 2392 1160 2454 quinquaginta
1190 2408 1311 2438 ansas
1343 2391 1473 2437 facies
1503 2408 1632 2453 super
1660 2408 1778 2438 oram

457 2499 466 2516 ¹
494 2493 594 2526 Exod.
627 2504 726 2535 xxvi,
752 2492 785 2525 6.
819 2506 861 2514 —
895 2498 907 2513 2
944 2490 1023 2523 lbid.
1061 2500 1090 2532 7.
1128 2505 1169 2514 ·-
1205 2488 1218 2514 3
1252 2490 1332 2523 lbid.
1364 2490 1403 2532 8,
1433 2501 1467 2534 9.
1502 2507 1545 2514 —
1573 2489 1591 2521 4
1629 2490 1711 2524 Ibid.
1737 2506 1778 2514 -
1821 2528 1823 2530 v

399 2547 510 2582 5Ibid.
535 2559 587 2582 10.
1820 2552 1822 2574 ῑ
