1872 3267
378 181 648 218 QUAESTIONES
682 183 727 209 IN
760 179 986 219 Nummos,
1024 181 1105 207 Lm.
1144 181 1202 207 ιν.
1395 165 1479 205 469

89 261 178 291 non
201 255 290 301 est,
315 246 390 290 sed
411 246 588 308 insuper
607 249 669 303 ei,
694 245 816 291 velut
837 246 996 290 talibus
1029 245 1230 290 monstris
1259 253 1475 299 assuetus,

87 316 149 361 ira
171 326 475 376 perseverante
492 316 730 378 respondit.
751 316 978 361 Postcailli
996 326 1040 361 et
1053 315 1244 375 Angelus
1262 314 1473 376 loquitur,

87 403 272 447 arguens
293 397 336 431 et
359 388 610 448 improbans
627 389 717 448 ejus
738 387 850 432 viam
880 407 888 432 ε
922 403 1010 448 quo
1040 387 1132 431 viso
1160 395 1307 430 tamen
1338 395 1479 429 exter-

87 459 196 503 ritus
219 460 428 504 adoravit.
454 460 621 504 Deinde
635 460 697 503 ire
714 461 946 520 permissus
968 468 1048 514 est,
1068 467 1118 502 ut
1133 459 1223 518 jam
1241 473 1318 517 per
1335 459 1478 517 ipsum

86 531 316 590 prophetia
344 530 575 575 clarissima
599 531 882 591 proferretur.
908 533 1017 576 Nam
1047 529 1227 574 omnino
1246 529 1480 588 permissus

87 616 176 645 non
199 610 264 645 est
290 600 434 646 dicere
467 601 589 661 quod
618 601 818 656 volebat,
856 599 931 645 sed
966 599 1087 660 quod
1111 600 1272 643 virtute
1297 598 1480 658 Spiritus

86 672 338 731 cogebatur.
365 675 422 716 Et
443 672 533 732 ipse
560 673 739 733 quidem
762 672 972 732 reprobus
991 670 1150 714 mansit
1170 690 1178 715 :
1210 685 1311 714 nam
1334 678 1480 729 poste-

86 743 173 787 rior
201 742 256 787 de
289 742 366 787 illo
396 753 543 788 saneta
572 744 793 803 Scriptura
822 744 880 787 ita
919 742 1065 787 locuta
1094 750 1184 796 est,
1221 750 1271 785 ut
1299 739 1478 800 quidam

86 813 444 873 reprehensibiles
480 823 523 858 et
556 815 730 874 reprobi
762 815 876 858 viam
900 815 992 874 ejus
1020 812 1158 856 secuti
1192 811 1475 856 dicerentur:

43 888 46 891 '
87 903 106 926 «
135 884 303 939 Secuti,
331 885 497 945 inquit,
522 885 637 930 viam
665 884 840 930 Balaam
868 884 947 929 filii
968 888 1099 939 Reor,
1126 884 1202 944 qui
1233 882 1479 929 mercedem

86 974 105 996 »
131 955 370 1016 iniquitatis
389 955 539 1001 dilexit
556 958 584 1000 ¹.
614 975 633 996 »

577 1053 814 1103 QUAEsrlo
847 1055 982 1093 xmx.

141 1160 204 1201 DE
226 1157 393 1215 Angelo
411 1158 486 1218 qui
500 1158 673 1202 locutus
691 1167 755 1202 est
767 1157 941 1201 Balaam
964 1158 1009 1201 in
1028 1159 1094 1202 via
1107 1193 1118 1213 ,
1144 1173 1233 1218 quo
1254 1157 1346 1202 viso
1360 1157 1478 1202 asina

81 1229 172 1289 ejus
194 1228 397 1288 progredi
425 1245 515 1273 non
544 1245 646 1273 ausa
679 1238 768 1284 est,
804 1229 1025 1289 Scriptura
1047 1229 1106 1273 ita
1123 1228 1347 1289 loquitur:
1378 1248 1398 1270 (ι
1422 1231 1480 1273 Et

86 1318 104 1341 ν)
129 1300 263 1344 iratus
286 1309 349 1344 est
370 1300 633 1345 animatione
656 1303 796 1352 Deus,
823 1300 926 1360 quia
949 1300 1041 1344 ibat
1068 1301 1182 1360 ipse,
1212 1309 1255 1344 et
1283 1300 1479 1345 insurre-

83 1389 103 1412 »
129 1372 192 1416 xit
219 1371 411 1430 Angelus
435 1372 513 1416 Dei
541 1371 717 1416 differre
740 1388 839 1416 eum
859 1373 904 1416 in
927 1372 1041 1416 via2.
1072 1391 1090 1412 »
1120 1372 1204 1416 Ubi
1229 1372 1371 1431 primo
1394 1388 1479 1417 no-

82 1442 261 1486 tandum
286 1451 370 1493 est,
392 1442 766 1503 quemadmodum
788 1442 967 1497 dixerit,
996 1463 1016 1485 «
1043 1446 1184 1487 Iratus
1202 1452 1266 1487 est
1283 1446 1414 1499 Deus,
1436 1453 1481 1489 et

82 1532 101 1554 n
127 1514 359 1558 insurrexit
381 1513 574 1572 Angelus
597 1515 673 1558 Dei
697 1534 705 1558 ;
730 1533 748 1555 »
772 1530 852 1558 nee
871 1514 1132 1574 interposuit
1154 1516 1314 1559 iratum
1336 1518 1477 1559 Deum

79 1585 240 1629 misisse
262 1584 503 1644 Angelum,
536 1584 612 1629 sed
642 1595 853 1646 tanquam
876 1586 921 1628 in
951 1585 1121 1644 Angelo
1156 1587 1315 1630 iratum
1336 1589 1478 1630 Deum

0 1658 2 1663 ’
63 1654 356 1713 >significavit3
379 1655 587 1716 quoniam
604 1656 762 1700 veritas
785 1665 828 1699 et
843 1656 1004 1716 justitia
1021 1657 1097 1700 Dei
1116 1657 1238 1700 irasci
1256 1655 1477 1715 Angelum

77 1723 195 1769 fecit.
223 1727 332 1770 Nam
359 1745 379 1768 «
404 1726 657 1779 insurrexit,
682 1744 701 1767 n
729 1715 850 1786 quod
870 1725 1038 1770 dictum
1057 1736 1142 1781 est,
1173 1727 1327 1787 utique
1350 1742 1474 1771 com-

78 1796 270 1839 motione
284 1795 621 1855 intelligendum
636 1806 714 1841 est.
734 1796 902 1841 Deinde
915 1797 1036 1857 quod
1049 1798 1107 1841 ait
1120 1833 1129 1852 ,
1141 1817 1160 1840 «
1175 1798 1358 1841 Differre
1372 1813 1474 1842 eum

80 1884 99 1907 n
127 1866 172 1910 in
207 1867 275 1910 via
297 1903 307 1922 ‚
341 1886 361 1908 »
389 1867 509 1928 quod
538 1883 675 1926 graece
708 1868 900 1928 positum
925 1877 989 1912 est
1012 1873 1197 1924 &namt-i,
1230 1869 1316 1913 hoc
1349 1879 1392 1913 et
1426 1871 1473 1914 in

77 1938 446 1998 consequentibus
459 1938 565 1982 dicit
579 1939 669 1998 ipse
685 1938 893 1997 Angelus,
904 1958 923 1980 «
939 1942 996 1983 Et
1007 1954 1107 1984 ecee
1123 1955 1203 1998 ego
1214 1939 1295 1984 exii
1308 1940 1355 1984 in
1369 1940 1475 1985 dila-

80 2026 99 2047 »
127 2008 287 2052 [ionem
305 2010 475 2063 tuamss,
496 2027 517 2049 »
549 2009 628 2052 ubi
654 2025 820 2068 graeeus
838 2010 973 2054 habet
985 2015 1150 2055 &mamni-a.
1175 2012 1259 2056 Ubi
1283 2010 1474 2057 fortassis

78 2078 293 2122 accusatio
328 2079 640 2137 congruentius
662 2079 943 2138 intelligitur,
970 2090 1020 2125 ut
1051 2081 1123 2126 hic
1150 2082 1272 2142 quod
1304 2082 1469 2128 dictum

77 2159 140 2194 est
165 2169 185 2192 «
216 2150 400 2194 Differre
439 2166 540 2194 eum
568 2150 613 2194 in
639 2151 732 2205 via,
762 2171 781 2192 »
823 2167 1024 2197 accusare
1063 2154 1315 2214 accipiatur.
1345 2155 1472 2200 Unde

77 2220 422 2266 ereditur-etiam
462 2221 663 2266 diabolus
702 2223 967 2283 appellatus,
1008 2234 1216 2285 tanquam
1249 2236 1472 2272 accusator

77 2290 209 2335 latine
246 2291 458 2337 dicendus
485 2293 540 2337 sit
571 2313 579 2336 :
613 2309 702 2337 non
730 2294 830 2354 quia
868 2310 998 2340 nemo
1030 2297 1164 2355 possit
1196 2297 1325 2340 etiam
1357 2297 1471 2343 bene

78 2371 281 2423 reeteque
302 2378 526 2420 aeeusare3
556 2363 633 2407 sed
654 2364 863 2424 quoniam
880 2365 1080 2410 diabolus
1102 2377 1219 2412 amat
1241 2384 1466 2423 accusare,

79 2432 229 2492 utique
246 2432 499 2478 invidentiae
521 2432 704 2478 stimulis
726 2434 934 2493 agitatus,
962 2436 1092 2498 quale
1124 2436 1187 2482 illi
1219 2438 1266 2483 in
1298 2442 1468 2500 Apoca-

127 2535 135 2551 ¹
158 2537 177 2560 ¹2
196 2531 282 2563 Petr.
303 2540 339 2571 u,
362 2530 412 2564 15.
434 2548 473 2556 —
495 2538 508 2554 ²
523 2532 616 2564 Num.
637 2541 716 2564 xxu.
737 2548 780 2555 —
799 2530 813 2556 3
833 2532 913 2566 Ibid.
931 2533 985 2565 32.

900 2632 921 2645 χ

931 2651 937 2659 ς
