1872 3267
423 213 476 255 98
855 224 888 253 s.
922 221 1151 253 Auons’nm
1183 223 1362 254 Ertscom

418 395 1796 418 mmmwmmmmwmmmwmkmmmm

924 545 1144 603 LIBER
1185 545 1284 604 VI.

875 711 1061 742 Locunouns
1083 721 1122 743 nr.
1144 711 1217 742 Jsssn
1241 710 1341 743 Nivss.

478 853 513 894 1.
543 869 564 893 «
586 853 672 895 Vos
686 860 832 895 autem
851 851 1086 896 transibitis
1107 850 1390 911 expeditiores
1407 850 1615 899 fratribus
1628 850 1793 905 vestris,

423 942 441 963 »
476 922 615 967 omnis
648 921 827 967 fortis¹:
860 941 880 965 »
917 922 964 967 id
995 931 1085 979 est,
1119 923 1269 968 Omnis
1305 923 1572 984 quicumque
1602 922 1647 966 in
1677 921 1799 969 vobis
1842 915 1843 922 Ι

417 992 540 1039 fortis
562 1003 638 1039 est.

479 1069 537 1111 ΙΙ.
562 1085 582 1107 «
603 1068 660 1110 Ut
673 1065 813 1110 sciatis
830 1065 966 1121 viam,
987 1081 1120 1126 quam
1135 1065 1253 1110 ibitis
1270 1070 1410 1114 eam²z
1434 1085 1454 1108 »
1474 1065 1655 1126 plenum
1670 1074 1795 1120 esset,
1840 1083 1843 1123 γ

417 1135 548 1179 etiam
570 1136 604 1180 si
623 1152 713 1181 non
734 1136 942 1193 haberet,
973 1156 993 1179 «
1015 1152 1125 1180 eam.
1155 1155 1175 1177 »

478 1209 559 1250 III.
596 1226 616 1249 «
647 1210 704 1251 Et
733 1206 899 1252 factum
925 1217 1010 1262 est,
1044 1223 1145 1251 cum
1172 1216 1282 1254 esset
1309 1209 1432 1251 Jesus
1459 1207 1505 1250 in
1528 1207 1747 1252 Jericho³=
1775 1224 1796 1248 »

417 1277 608 1321 notanda
639 1277 803 1322 locutio
825 1286 914 1336 θεῖς
939 1277 1136 1323 nondum
1169 1278 1332 1339 quippe
1354 1287 1477 1322 erant
1499 1278 1545 1321 in
1566 1277 1718 1322 eadem
1739 1278 1801 1322 ci·
1829 1305 1839 1332 μ

416 1348 576 1405 vitate,
614 1350 736 1410 cujus
765 1358 903 1408 portae
933 1358 1085 1394 contra
1117 1349 1212 1393 illos
1251 1349 1407 1393 clausae
1443 1348 1644 1404 fuerant,
1682 1347 1799 1394 unde
1828 1336 1839 1391 Ιι

415 1417 582 1463 factum
612 1429 674 1463 est
694 1429 744 1463 ut
767 1420 812 1463 in
834 1435 929 1464 eam
950 1421 1112 1464 intrare
1135 1435 1224 1464 non
1247 1429 1421 1479 possent
1438 1455 1449 1475 ‚
1475 1420 1557 1463 nisi
1581 1419 1691 1463 muri
1709 1420 1804 1479 ejus
1827 1418 1838 1462 Ι

415 1490 668 1534 cecidissent
699 1490 961 1536 circumacta
993 1506 1090 1534 arca
1119 1490 1318 1537 Domini:
1339 1505 1441 1548 ergo
1467 1509 1487 1531 «
1504 1493 1556 1534 In
1578 1490 1751 1538 Jericho
1775 1508 1795 1531 »
1826 1482 1835 1539 Ι

417 1560 586 1605 dictum
603 1570 666 1605 est
682 1597 692 1617 ‚
717 1561 763 1605 in
786 1570 897 1606 terra
919 1578 1019 1622 quae
1041 1562 1276 1621 pertineret
1297 1561 1352 1606 ad
1373 1561 1562 1605 Jericho.
1825 1541 1828 1576 Ι

478 1634 554 1676 IV.
592 1635 653 1676 Dc
683 1632 857 1676 Jericho
892 1631 1059 1676 dictum
1092 1641 1157 1676 est
1190 1647 1292 1679 cum
1326 1631 1470 1677 clausa
1496 1641 1638 1676 esset:
1668 1650 1687 1673 «
1712 1633 1800 1677 Nec

420 1720 440 1743 »
477 1702 710 1762 quisquam
731 1718 782 1746 ex
797 1701 871 1746 illa
887 1703 1113 1762 prodibat,
1138 1718 1282 1761 neque
1303 1703 1512 1747 introibat
1527 1703 1541 1727 ⁴
1564 1722 1573 1747 :
1601 1721 1621 1743 >›
1649 1703 1801 1762 utique

417 1772 463 1815 in
495 1771 616 1816 illam
649 1771 924 1828 subauditur,
949 1788 1039 1816 non
1071 1788 1123 1817 ex
1154 1771 1226 1816 illa
1251 1792 1259 1816 ε
1290 1773 1374 1817 hoc
1400 1772 1640 1832 appellatur
1662 1788 1823 1832 graece·

418 1844 538 1890 ζεῦγμα.
555 1844 637 1877 κατὰ
652 1844 789 1887 ἐλλειψιν.
1820 1876 1822 1899 5

477 1905 530 1945 V.
557 1902 765 1946 Dominus
802 1902 906 1946 dicit
942 1901 996 1946 ad
1031 1904 1211 1947 Jesum:
1254 1921 1273 1943 ι(
1299 1904 1412 1946 Ecce
1451 1917 1531 1961 ego
1564 1902 1688 1946 trado
1719 1901 1800 1949 tibi
1834 1904 1838 1939 ἱ

419 1991 440 2014 ))
476 1973 752 2033 subjugatam
774 1973 947 2017 Jericho
963 2008 974 2027 7
1008 1982 1052 2016 et
1072 1988 1219 2031 regem
1240 1974 1329 2032 ejus
1351 1973 1425 2032 qui
1447 1983 1510 2017 est
1537 1972 1584 2016 in
1613 1989 1683 2028 ea,
1721 1989 1799 2032 po-

419 2062 439 2084 »
479 2052 615 2088 tentes
643 2042 946 2088 fortitudine⁵.
976 2062 995 2084 »
1023 2043 1271 2088 Mirandum
1304 2042 1428 2103 quod
1456 2059 1544 2087 non
1564 2043 1633 2088 hic
1655 2044 1800 2103 posuit

418 2114 769 2174 conjunctionem
784 2113 1076 2173 copulativam
1091 2123 1140 2158 ut
1154 2113 1332 2168 diceret⁷
1355 2133 1373 2155 α
1384 2117 1441 2158 Εῖ
1456 2123 1652 2174 potentes
1671 2113 1796 2159 forti-
1815 2167 1817 2181 Ι
1836 2124 1842 2155 5
1864 2144 1869 2159 Ι,

418 2184 586 2240 tudine,
596 2203 615 2226 >›
629 2201 760 2246 quam
777 2184 886 2229 solet
899 2185 1118 2244 Scriptura
1136 2193 1224 2227 tam
1238 2183 1405 2228 assidue
1418 2199 1595 2243 ponere,
1608 2194 1657 2228 ut
1668 2185 1797 2229 etiam
1865 2217 1868 2229 .

417 2256 478 2299 ibi
506 2256 751 2301 inveniatur
772 2255 847 2299 ubi
870 2270 1040 2299 sensum
1063 2253 1198 2298 solitae
1227 2253 1459 2298 locutionis
1484 2254 1717 2314 impediat:
1744 2271 1798 2299 an

420 2336 464 2371 et
484 2327 657 2371 Jericho
675 2335 719 2369 et
739 2341 810 2369 rex
833 2327 924 2385 ejus
945 2324 1049 2369 dicti
1073 2333 1173 2368 sunt
1200 2343 1220 2366 α
1245 2328 1446 2368 Potentes
1469 2323 1749 2368 fortitudine?
1772 2343 1792 2366 »

477 2400 555 2441 VI.
586 2417 604 2439 «
630 2400 687 2441 Et
718 2397 840 2440 Raab
872 2395 1143 2440 meretricem
1171 2404 1214 2438 et
1244 2394 1424 2438 domum
1454 2404 1677 2454 paternam
1708 2396 1797 2455 ejus

1862 2420 1872 2449 11

423 2487 442 2510 »
478 2468 710 2513 vivificavit
733 2470 855 2512 Jesus
871 2501 881 2521 ,
907 2475 951 2510 et
982 2474 1245 2510 commorata
1273 2474 1336 2509 est
1363 2465 1407 2508 in
1438 2465 1566 2509 Israel
1587 2481 1726 2526 usquc
1751 2466 1812 2534 1¹¹?
1861 2490 1872 2519 M

470 2562 733 2605 ¹J05.1,1l1.--
754 2570 766 2586 ²
785 2563 831 2595 Id.
859 2574 909 2604 ιιι,
927 2560 958 2604 4.
977 2579 1017 2583 —
1037 2559 1749 2603 ³1‹1.v‚13.-4121.v1,1.—⁵1bid.2.
1793 2599 1797 2601 ,
