1872 3267
441 282 523 319 190
883 290 917 318 s.
953 290 1183 320 Auens'nm
1214 291 1396 319 Errscom

434 371 525 401 non
550 369 622 400 eos
643 355 797 416 utique
821 353 981 401 faciens
1004 356 1295 413 calamitosos,
1327 355 1504 417 quando
1532 364 1666 401 tantae
1687 357 1816 401 etiam

434 427 627 485 ipsorum
645 424 809 470 futurae
839 425 1001 470 laetitiae
1027 427 1192 472 exitum
1221 427 1462 486 cogitabat3
1495 435 1539 471 et
1565 435 1707 471 totum
1732 427 1816 472 hoc
1862 474 1865 486 y

431 498 554 558 quod
569 499 724 557 agebat
739 534 750 555 ,
776 508 826 543 ut
847 514 998 544 eorum
1021 500 1228 558 gaudium
1249 500 1513 556 differretur,
1536 501 1592 545 ad
1612 501 1696 546 hoc
1713 515 1815 561 age-

431 569 523 625 bat⁷
544 579 594 614 ut
616 569 768 614 eadem
787 569 994 614 dilatione
1012 571 1309 616 cumularetur
1327 591 1335 616 z
1355 581 1562 632 tanquam
1575 587 1665 617 non
1677 580 1817 627 essent

429 639 658 698 condignae
681 640 900 699 passiones
922 655 1073 685 eorum
1094 642 1140 686 in
1161 651 1255 687 toto
1287 641 1362 686 illo
1384 651 1580 702 tempore
1609 659 1697 703 quo
1719 651 1815 687 tur-

430 709 667 765 babantur,
705 709 761 753 ad
794 708 986 754 futuram
1014 710 1193 769 gloriam
1215 711 1511 768 exultationis,
1552 728 1651 773 quae
1674 713 1720 756 in
1757 713 1814 757 eis

430 777 574 823 fuerat
605 779 863 836 revelanda,
901 780 1034 825 fratre
1071 783 1273 841 cognito,
1314 797 1446 843 quem
1477 798 1502 827 a
1529 798 1573 826 se
1594 782 1814 842 perditum
1853 819 1856 840 ξ

430 864 519 894 esse
536 849 877 895 arbitrabantur.

899 947 1134 998 QUAESTIO
1165 949 1349 989 CXLVII.

429 1188 533 1232 nino
551 1187 605 1232 de
622 1187 695 1231 illa
715 1187 1053 1243 insimulatione,
1075 1187 1195 1248 quod
1217 1187 1508 1248 exploratores
1529 1196 1686 1243 essent,
1704 1186 1810 1232 nihil

1863 1167 1867 1237 l

429 1257 661 1301 diceretur.
685 1257 815 1311 Quod
836 1267 986 1302 utrum
1007 1257 1207 1302 consulto
1229 1258 1409 1303 tacitum
1433 1258 1512 1313 sit,
1538 1273 1593 1302 an
1615 1267 1659 1302 et
1675 1223 1723 1302 id
1743 1255 1809 1301 fe·
1840 1269 1843 1320 g
1861 1256 1865 1307 i

1838 1346 1865 1452 a

1859 1498 1861 1525 ι

1857 1558 1861 1587 ¹

427 1328 536 1372 cerit
555 1329 892 1387 perturbationis
926 1328 1110 1384 oblivio,
1151 1344 1241 1372 non
1272 1338 1468 1389 apparet.
1499 1331 1610 1374 Nam
1632 1337 1675 1373 et
1701 1326 1812 1372 illud

427 1398 547 1458 quod
565 1398 769 1443 dixerunt
783 1434 794 1454 ,
820 1415 863 1443 se
877 1400 932 1443 ab
950 1400 1042 1459 ipso
1060 1400 1221 1459 Joseph
1243 1400 1530 1458 interrogatos
1547 1397 1602 1443 de
1625 1407 1748 1458 patre
1768 1407 1812 1443 et
1837 1390 1839 1425 ⁵

426 1467 559 1514 fratre
575 1485 652 1514 suo
663 1472 676 1496 ¹
680 1505 696 1525 ,
717 1485 761 1513 se
777 1479 924 1514 autem
945 1469 1019 1514 illa
1040 1469 1323 1528 interroganti
1339 1469 1549 1513 indicasse
1564 1503 1575 1524 ,
1600 1469 1761 1513 mirum
1777 1468 1810 1514 si
1859 1457 1861 1494 l

426 1539 497 1585 vel
520 1540 576 1584 ad
596 1540 854 1584 sententiam
880 1549 1024 1600 potest
1050 1541 1130 1585 ista
1159 1539 1383 1600 pervenire
1406 1539 1596 1584 narratio
1611 1574 1622 1595 ,
1647 1548 1697 1583 ut
1717 1555 1811 1585 eam
1834 1550 1835 1558 ¹

426 1620 595 1656 constet
620 1626 711 1655 esse
741 1627 953 1656 veracem.
980 1612 1242 1672 Quanquam
1270 1620 1313 1655 et
1334 1610 1368 1654 si
1389 1610 1534 1671 aliqua
1559 1609 1665 1655 falsa
1686 1611 1731 1656 in
1761 1626 1810 1655 ea

426 1690 552 1737 sunt,
593 1679 685 1726 falli
716 1682 861 1741 potius
888 1698 966 1742 per
999 1682 1264 1727 oblivionem
1300 1681 1471 1741 potuit,
1495 1696 1629 1741 quam
1651 1680 1831 1734 audere!

426 1751 631 1796 mentiri:
656 1752 774 1811 apud
806 1768 906 1796 eum
929 1752 1194 1812 praesertim,
1225 1752 1296 1796 cui
1324 1767 1415 1796 non
1440 1751 1551 1795 sicut
1571 1751 1806 1807 nescienti,

425 1823 502 1868 sed
518 1824 647 1867 etiam
671 1822 746 1867 illa
769 1839 868 1884 quae
890 1833 1069 1868 noverat
1086 1837 1188 1868 eum
1209 1823 1339 1878 scire,
1365 1821 1421 1867 ad
1437 1810 1698 1898 flectendam
1718 1814 1827 1888 θ]ιιε.ἷ
1870 1822 1872 1840 ³

425 1893 762 1938 misericordiam
783 1893 1019 1938 narrationi
1037 1909 1126 1937 suae
1147 1893 1380 1937 inselebat.
1822 1929 1824 1952 f

885 2002 1121 2051 QUAESTIO
1153 2002 1250 2042 CXI
1252 2002 1355 2041 VIII.

484 2104 601 2156 Qum
622 2110 685 2146 est
701 2100 823 2162 quod
839 2101 944 2146 dicit
965 2104 986 2146 J
993 2102 1151 2162 oseph
1180 2121 1201 2144 «
1220 2101 1339 2147 Misit
1355 2100 1470 2145 enim
1488 2115 1558 2145 me
1578 2103 1692 2146 Deus
1709 2109 1806 2146 ante
1867 2112 1869 2127 ³

487 1048 672 1092 MULTA
662 1064 707 1092 1n
729 1047 976 1092 narratione
999 1048 1126 1092 Judae
1144 1047 1268 1092 aliter
1289 1048 1407 1093 dicta
1426 1056 1543 1103 sunt,
1557 1062 1689 1114 quam
1710 1063 1812 1092 cum
1846 985 1869 1112 {i

430 1117 513 1162 illis
534 1127 679 1175 egerat
698 1119 876 1178 Joseph,
893 1118 1091 1178 quamvis
1114 1118 1231 1178 apud
1253 1134 1353 1162 eum
1370 1117 1639 1178 loqueretur,
1654 1127 1705 1161 ut
1721 1132 1811 1162 om·
1844 1141 1846 1149 ·

1870 1888 1872 1897 v

430 2192 449 2215 »
483 2188 588 2227 vos,
610 2187 832 2216 remanere
853 2181 1047 2217 vestrum
1068 2171 1272 2233 reliquias
1288 2187 1418 2232 super
1433 2181 1608 2227 terram,
1634 2180 1679 2215 et
1700 2183 1817 2215 ena-J
1848 2185 1870 2213 r*

428 2261 450 2285 »
483 2243 586 2287 trire
607 2253 798 2288 vestrum
816 2242 1113 2305 reliquiarium
1134 2244 1404 2303 magnum2?
1428 2260 1449 2284 »
1471 2245 1564 2287 Hoc
1584 2242 1700 2286 enim
1719 2237 1815 2286 n0n³

424 2330 740 2375 usquequaque
773 2324 1007 2370 consonat,
1044 2323 1094 2358 ut
1133 2314 1356 2374 reliquias,
1399 2313 1470 2359 vel
1511 2312 1813 2373 reliquiarium
1848 2348 1850 2357 s

425 2385 680 2444 accipiamus
698 2385 833 2429 Jacob
851 2394 894 2429 et
914 2384 1024 2430 filios
1048 2386 1153 2445 ejus,
1170 2400 1271 2429 cum
1285 2398 1434 2429 omnes
1446 2383 1532 2427 sint
1547 2383 1811 2427 incolumes:
1847 2396 1850 2405 ·

424 2458 495 2500 An
515 2454 628 2500 forte
655 2454 766 2500 illud
785 2455 999 2514 significat
1029 2454 1117 2500 alto
1147 2464 1401 2515 secretoque
1432 2453 1663 2511 mysterio,
1687 2449 1807 2513 quod¹

406 2525 485 2569 ait
510 2525 743 2585 Apostolus
776 2545 785 2571 :
824 2545 845 2568 «
871 2525 1084 2586 Reliquiae
1117 2541 1193 2586 per
1225 2524 1481 2570 electionem
1510 2523 1658 2583 gratiae
1678 2522 1802 2583 salyae
1845 2536 1868 2569 3¹²

473 2631 480 2647 ¹
503 2627 582 2658 Gen.
604 2635 692 2666 xmv,
715 2635 765 2666 ¹9·
792 2639 834 2647 --
854 2629 867 2646 ²
886 2622 933 2656 Id.
955 2633 1030 2664 xtv,
1051 2633 1082 2664 7.
