1872 3267
321 301 589 340 QUAESTIONES
620 300 667 329 m
698 300 964 339 LEVITICUM,
999 300 1082 328 un.
1119 300 1184 327 111.
1359 285 1439 326 351

606 404 843 456 QUAESTIO
873 406 923 445 V.

114 510 242 562 Quon
261 516 408 553 autem
430 509 514 552 ait:
543 526 564 550 «
589 508 746 552 Anima
764 507 798 552 si
811 507 988 552 latuerit
1005 522 1122 562 eum,
1141 505 1404 560 oblivione¹‚
1421 522 1442 546 n

55 578 102 624 id
123 588 207 634 est,
239 578 274 622 si
296 577 515 623 oblivione
538 575 703 622 factum
731 577 865 622 fuerit
886 586 936 622 ut
958 578 1091 622 lateat
1111 592 1234 632 eum,
1260 575 1329 621 vel
1351 591 1445 620 eam

55 649 90 694 si
115 648 170 693 ad
203 649 393 693 animam
414 647 564 704 refers,
589 648 799 708 quoniam
834 668 854 691 «
882 664 983 692 eum
1008 666 1029 690 ι)
1057 646 1260 702 dicendo,
1285 645 1343 691 ad
1362 646 1445 691 ho-

56 719 220 764 minem
250 718 414 764 retulit.
440 718 643 764 Animam
665 714 829 779 quippe
858 719 928 763 hic
956 719 1182 764 hominem
1202 716 1323 762 dicit.

587 827 825 877 QUAEsrlo
856 829 924 868 w.

119 949 141 973 «
166 932 231 975 ΕΤ
250 930 497 990 peccaverit
527 928 680 974 nolens
713 944 737 973 a
771 928 928 973 sanctis
959 926 1170 972 Domini2.
1206 944 1226 968 »
1262 925 1447 971 Videtur

56 1000 242 1045 obscure
262 1001 453 1061 positum
486 1001 570 1046 hoc
602 999 767 1059 peccati
790 1013 940 1057 genus,
970 996 1113 1042 sedin
1141 997 1448 1057 consequenti-

55 1070 138 1116 bus
161 1071 368 1130 aperitur,
389 1070 468 1115 ubi
491 1069 596 1115 dicit
613 1079 711 1129 post
730 1068 928 1114 oblatum
948 1067 1003 1112 de
1020 1067 1153 1111 ariete
1170 1066 1444 1122 sacrificium,

59 1161 80 1185 «
115 1142 332 1187 Restituet
354 1141 488 1197 illud,
511 1151 555 1186 et
576 1141 751 1202 quintas
769 1139 991 1200 adjiciet³‚
1020 1157 1041 1180 n
1059 1139 1121 1183 ibi
1143 1138 1260 1183 enim
1283 1138 1448 1183 intelli-

56 1213 172 1272 gitur
204 1213 287 1257 hoc
320 1228 410 1257 esse
444 1229 467 1257 a
498 1212 655 1256 sanetis
684 1210 907 1256 oblivione
938 1224 1142 1269 peccare,
1177 1207 1343 1269 aliquid
1372 1224 1450 1269 per

55 1281 321 1327 oblivionem
342 1295 553 1342 usurpare
575 1280 698 1342 quod
728 1279 916 1325 debetur
937 1280 1112 1335 sanctis,
1138 1279 1226 1324 sive
1247 1278 1449 1324 sacerdo-

57 1354 199 1408 tibus,
220 1353 308 1398 sive
336 1352 657 1408 oblationibus,
691 1351 761 1397 vel
795 1351 1107 1412 primitiarum,
1130 1349 1202 1396 vel
1233 1350 1451 1411 quidquid

54 1423 322 1485 hujusmodi.

572 1531 811 1582 QUAESTIO
842 1533 927 1572 vn.

120 1654 141 1679 «
164 1638 228 1680 ΕΤ
245 1635 389 1679 anima
410 1647 702 1695 quaecumque
720 1631 986 1692 peccaverit,
1009 1639 1053 1675 et
1067 1629 1218 1677 fecerit
1235 1647 1374 1677 unum
1395 1633 1451 1677 ab

59 1725 80 1749 »
115 1705 320 1750 omnibus
334 1705 561 1765 praeceptis
574 1702 766 1758 Domini,
779 1717 878 1762 quae
891 1717 980 1746 non
993 1711 1165 1762 oportet
1177 1702 1286 1759 fieri,
1305 1713 1348 1747 et
1361 1719 1451 1749 non

60 1796 81 1820 »
117 1776 371 1836 cognoverit
402 1785 445 1820 et
473 1774 729 1836 deliquerit,
753 1783 798 1818 et
825 1789 916 1818 non
943 1773 1197 1832 cognoverit
1221 1784 1451 1834 peccatum

58 1868 80 1892 »
115 1864 259 1904 suum,
278 1856 322 1892 et
343 1848 498 1892 afferet
515 1847 693 1892 arietem
704 1845 794 1889 sine
810 1843 979 1889 macula
995 1844 1050 1889 de
1063 1845 1218 1890 ovibus
1233 1846 1372 1906 pretio
1384 1863 1453 1892 ar-

60 1940 79 1962 »
111 1919 230 1979 genti
240 1919 286 1962 in
297 1917 506 1963 delictum
523 1916 579 1962 ad
590 1915 880 1961 sacerdotem:
893 1925 936 1959 et
949 1916 1146 1960 exorabit
1158 1932 1302 1976 proco
1315 1933 1453 1963 sacer-

60 2010 80 2034 »
116 1991 194 2035 dos
210 1999 385 2049 propter
393 1989 685 2048 ignorantiam
696 1989 732 2048 ej
738 2002 804 2043 US‚
816 2002 949 2047 quam
961 1987 1193 2047 ignoravit,
1206 1998 1250 2033 et
1262 1989 1352 2049 ipse
1362 1992 1455 2035 non

60 2080 81 2104 »
115 2061 242 2107 scivit
255 2068 314 2115 et⁷
329 2060 576 2104 remittetur
592 2057 670 2102 illi.
690 2056 884 2118 Deliquit
901 2059 1016 2102 enim
1028 2057 1238 2103 delictum
1249 2070 1350 2105 ante
1365 2064 1453 2116 Do,-

31 2174 36 2178 .
59 2151 82 2175 ³»
116 2130 330 2176 minum'ss
351 2148 371 2171 >›
389 2132 581 2189 Excepta
598 2128 872 2173 locutionum
885 2129 1090 2173 inusitata
1103 2128 1334 2188 densitate,
1351 2148 1453 2192 quae

51 2203 141 2263 jam
171 2208 350 2261 propter
382 2198 599 2244 assiduam
632 2198 938 2258 repetitionem
965 2199 1129 2244 debent
1161 2216 1251 2245 esse
1279 2203 1454 2247 notissi-

58 2288 164 2328 mae,
189 2279 307 2315 totus
345 2269 425 2314 iste
457 2284 606 2313 sensus
638 2268 847 2313 obscurus
879 2278 965 2327 est3
1002 2271 1211 2330 quoniam
1241 2272 1454 2332 quaeritur

59 2339 285 2404 quomodo
308 2339 581 2384 discernatur
603 2339 686 2383 hoc
714 2355 850 2399 genus
868 2339 1016 2385 delicti
1038 2342 1094 2385 ab
1113 2342 1187 2399 eis,
1213 2359 1313 2403 quae
1329 2359 1455 2404 supe-

8 2467 9 2473 *
61 2413 150 2457 rius
185 2410 375 2471 quadam
408 2408 689 2469 generalitate
722 2409 973 2470 complexus
1011 2420 1089 2456 est.
1116 2412 1301 2457 Videtur
1338 2415 1454 2459 enim

60 2485 145 2529 hoc
177 2482 285 2526 ratio
307 2496 508 2541 poscere,
533 2490 584 2524 ut
612 2480 738 2524 certis
772 2481 1005 2540 generibus
1037 2493 1316 2542 peccatorum
1337 2494 1454 2530 certa

66 2569 246 2614 genera,
269 2552 430 2613 quibus
463 2552 712 2612 expientur,
737 2552 1048 2597 sacrificiorum
1075 2554 1324 2601 adhibenda
1350 2557 1450 2602 sint.

112 2658 120 2674 ¹
148 2653 231 2682 ch.
252 2659 290 2685 v,
310 2649 361 2683 15.
380 2666 422 2672 -
438 2647 551 2681 ²1bid.
577 2646 629 2680 16.
651 2663 693 2672 -
715 2645 822 2682 ³1bid.
854 2659 905 2687 ις.
921 2665 963 2672 -—
983 2648 1000 2680 4
1022 2649 1103 2685 ibid,
1127 2650 1243 2696 16-19.
