1872 3267
351 221 607 251 rocwionzs
641 224 694 250 DE
727 225 944 263 LEvt'nCo,
981 227 1062 252 Lis.
1100 227 1164 252 ιιι.
1394 216 1447 254 67

126 291 195 333 LI.
224 307 243 329 «
264 288 306 334 si
321 298 464 333 autem
481 288 679 334 sacerdos
701 289 1137 349 possederitanimam
1160 300 1349 352 emptam
1372 306 1452 351 pe-

68 376 90 399 »
124 359 274 414 cunia,
300 359 370 404 hic
401 357 500 404 edet
523 358 578 405 de
607 359 796 420 panibus
819 361 909 420 ejus
926 363 938 387 ¹
962 378 1000 406 ι»
1018 376 1107 406 non
1129 359 1239 406 dixit
1256 364 1287 407 :²
1311 381 1330 404 «
1350 365 1453 407 Haee

64 428 188 485 edet,
212 445 314 475 cum
331 430 519 475 animam
539 431 711 487 dixerit,
733 446 833 492 quae
855 432 1020 490 generis
1042 440 1105 477 est
1121 430 1337 476 foeminini
1351 453 1363 492 3
1379 433 1457 479 sed

64 501 208 560 potius
231 501 288 545 ad
306 500 416 546 illud
439 502 623 560 respexit
642 500 762 563 quod
784 517 861 562 per
882 502 1073 548 animam
1099 503 1345 563 significare
1376 519 1458 551 vo-

63 569 148 615 luit
163 605 174 626 ‚
200 569 246 616 id
267 580 352 626 est,
378 572 601 617 hominem

122 643 211 685 LII.
250 660 270 684 «
294 643 351 686 Et
373 640 461 686 filia
483 642 671 688 hominis
701 642 938 689 sacerdotis
959 644 995 689 si
1019 642 1151 689 fuerit
1181 644 1275 690 viro
1306 644 1458 691 alieni-

68 730 89 754 »
124 728 246 772 genae
260 715 277 739 ²
303 732 311 757 :
338 732 358 754 »
379 712 424 758 id
442 722 529 770 est,
555 715 589 759 si
608 716 804 775 nupserit
818 716 912 761 viro
929 714 1198 776 alienigenae.

126 786 243 828 LIlI.
274 803 294 826 «
319 786 376 829 Et
395 784 567 829 locutus
589 795 653 830 est
676 786 884 831 Dominus
906 786 960 831 ad
983 789 1166 844 Moysen
1188 786 1351 832 dicens:
1376 788 1456 832 Vi-

69 873 90 896 »
128 853 268 898 tulum
291 864 368 900 aut
388 871 514 901 ovem
537 865 612 901 aut
629 872 825 916 capram,
849 872 951 902 cum
966 866 1119 901 natum
1137 856 1269 902 fuerit
1285 893 1296 912 ,
1316 867 1360 902 et
1376 859 1459 904 erit

69 943 91 966 »
124 934 286 985 septem
301 924 390 971 dies
401 927 483 971 sub
505 936 643 971 matre
664 943 740 972 sua
754 929 786 973 ³:
810 927 934 987 «plus
950 927 1124 972 videtur
1141 928 1318 984 habere,
1341 938 1454 985 «et‚»

65 996 308 1042 secundum
347 999 641 1043 usitatissimas
679 998 922 1044 locutiones
958 999 1004 1042 in
1047 998 1279 1058 Scripturis
1294 1033 1305 1054 ‚
1349 1016 1459 1060 quas

66 1065 189 1112 latini
210 1066 405 1129 plerique
427 1068 655 1114 transferre
669 1068 922 1114 noluerunt.

128 1141 239 1183 LIV.
269 1158 288 1181 «
321 1142 379 1184 Et
412 1140 715 1185 sanctificabor
736 1140 782 1184 in
811 1138 958 1184 medio
990 1137 1182 1184 filiorum
1211 1139 1343 1185 Israel
1361 1141 1404 1187 ⁴:
1434 1160 1455 1182 n

67 1208 188 1270 quod
201 1219 279 1264 est,
299 1229 320 1253 «
334 1212 516 1255 Sanctus
533 1210 751 1255 habebor:
766 1229 785 1252 »
804 1225 947 1270 neque
963 1210 1079 1254 enim
1095 1211 1306 1256 Dominus
1329 1212 1460 1258 etiam

71 1289 227 1340 praeter
248 1280 357 1325 filios
380 1279 510 1325 Isra'e'l
538 1297 627 1326 non
657 1291 721 1326 est
742 1291 931 1326 sanetus.
957 1285 1022 1326 Eo
1055 1298 1184 1327 sensu
1206 1282 1375 1328 dietum
1397 1293 1462 1329 est

65 1361 109 1396 et
126 1351 172 1395 in
193 1352 398 1397 Oratione
415 1352 635 1397 dominica
653 1371 662 1398 t
688 1372 707 1394 «
726 1352 1030 1398 Sanctificetur
1051 1369 1215 1398 nomen
1238 1363 1365 1399 tuum
1379 1357 1411 1412 ⁵,
1435 1373 1456 1397 n

63 1423 109 1469 id
129 1432 213 1479 est,
243 1433 446 1468 sanctum
466 1424 681 1468 habeatur
699 1423 754 1468 ab
776 1424 1041 1469 hominibus.

124 1497 214 1539 LV.
235 1514 255 1537 «
271 1498 470 1556 Loquere
483 1493 537 1539 ad
551 1494 663 1539 filios
682 1494 839 1559 Israel,
858 1503 901 1538 et
914 1494 1031 1539 dices
1047 1494 1104 1539 ad
1117 1510 1189 1540 eos
1208 1515 1217 1540 ι
1241 1495 1460 1543 Solemnia

68 1583 89 1608 »
124 1566 298 1610 Domini
316 1581 416 1626 quae
438 1565 643 1610 vocabitis
659 1574 812 1610 vocata
833 1574 981 1610 sancta
996 1600 1008 1620 ,
1027 1565 1105 1610 ista
1127 1574 1227 1610 tunt
1248 1568 1460 1613 solemnia

68 1655 90 1678 »
125 1651 242 1680 mea:
263 1651 333 1680 sex
356 1635 510 1680 diebus
532 1635 663 1680 facies
685 1651 816 1695 opera
830 1637 869 1681 6:
887 1651 1019 1681 »cum
1043 1635 1098 1680 ad
1115 1636 1261 1696 plures
1272 1638 1461 1700 loquen-

65 1708 174 1752 dum
187 1706 362 1761 dixerit,
388 1715 613 1767 tamquam
630 1706 687 1750 ad
709 1721 849 1750 unum
874 1715 1021 1766 postea
1036 1706 1247 1768 loquitur.

127 1781 237 1824 Lvl.
263 1798 283 1820 «
305 1780 363 1823 Et
379 1777 666 1822 numerabitis
683 1777 807 1823 vobis
828 1794 851 1821 a
872 1777 943 1822 die
966 1778 1156 1824 erastino
1178 1781 1349 1826 sabbati
1372 1799 1459 1843 qua

71 1867 94 1892 »
129 1848 339 1895 obtulerit
365 1848 580 1908 gremium
602 1847 958 1909 superpositionis
973 1883 984 1904 ,
1008 1858 1174 1909 septem
1199 1851 1460 1911 septimanas

74 1938 95 1963 »
129 1921 316 1979 integras
352 1919 602 1965 numerabis
626 1921 641 1945 ⁷
664 1938 715 1964 z»
740 1935 832 1965 non
865 1918 1002 1965 dixit:
1036 1939 1057 1963 «
1080 1922 1398 1979 Numerabitis,
1436 1942 1458 1966 »

72 2008 171 2037 cum
187 1991 242 2036 ad
251 1991 396 2051 plures
410 1991 607 2052 superius
624 1991 894 2051 loqueretur.

133 2064 262 2106 LVII.
290 2082 309 2104 «
335 2065 392 2107 Et
419 2077 519 2106 cum
542 2061 806 2107 nominasset
826 2060 940 2106 filius
968 2060 1160 2107 mulieris
1187 2063 1459 2120 Israfflstidis,

77 2151 98 2175 »
132 2148 290 2178 nomen
308 2131 531 2177 maledixit
548 2134 563 2158 ⁸
587 2151 596 2177 :
621 2150 640 2173 »
659 2147 760 2176 eum
782 2132 853 2176 hio
875 2147 966 2177 non
984 2131 1226 2185 addiderit,
1246 2135 1348 2191 Dei,
1370 2151 1464 2181 ma-

75 2203 279 2249 nifestum
315 2211 379 2247 est
413 2212 559 2248 tamen
591 2217 755 2247 nomen
787 2201 865 2247 Dei
900 2217 990 2247 esse
1026 2201 1362 2263 intelligendum
1395 2207 1468 2252 cui

76 2275 311 2320 maledixit.

135 2349 288 2391 LVIII.
330 2365 350 2388 «
375 2348 518 2390 Homo
532 2380 542 2400 ,
580 2346 713 2390 homo
749 2345 784 2388 si
820 2343 1094 2389 maledixerit
1127 2348 1267 2390 Deum
1282 2381 1294 2402 ,
1338 2363 1467 2394 suum

81 2434 102 2458 »
135 2425 360 2477 peccatum
376 2416 560 2476 accipiet
575 2417 607 2459 ⁹.
629 2433 649 2456 »
686 2418 800 2459 Ecce
821 2414 900 2459 ubi
918 2414 1018 2459 satis
1037 2425 1218 2476 apparet
1231 2414 1466 2464 locutionis

125 2519 134 2537 ¹
162 2515 240 2546 Lev.
261 2524 338 2555 xxu,
368 2524 420 2546 11.
437 2529 478 2535 -
505 2511 615 2545 ²Ibid.
640 2520 690 2545 12.
713 2528 754 2534 —
775 2509 890 2545 31bid.
913 2521 966 2553 27.
982 2528 1021 2534 —
1037 2510 1148 2544 4Ibid.
1173 2513 1227 2546 32.
1244 2530 1286 2537 —
1311 2512 1327 2536 ⁵
1349 2515 1464 2549 matth.

10 2591 12 2611 3
80 2580 165 2614 v1‚9.
185 2567 253 2593 -6
272 2570 372 2603 Levit.
387 2580 476 2610 xxm,
495 2578 530 2611 2,
553 2569 586 2603 3.
605 2585 646 2593 —-
666 2568 776 2603 71bid.
797 2567 848 2600 15.
868 2584 910 2592 —
928 2565 944 2590 8
966 2567 1015 2600 Id.
1036 2579 1126 2610 xxiv,
1150 2580 1199 2602 ιι.
1217 2569 1391 2604 -91bid.
1413 2572 1465 2605 15.

1294 2624 1334 2663 5.
