1872 3267
411 231 497 273 458
842 243 875 269 s.
912 238 1143 270 Ancus‘nm
1175 241 1358 268 EPISCOPI

411 326 462 355 ex
482 310 564 354 isto
588 309 730 353 cinere
752 307 885 352 fiebat
905 323 1017 368 aqua
1034 307 1308 368 aspersionis,
1332 304 1451 350 unde
1467 304 1794 351 mundabantur

409 397 434 425 a
447 388 653 425 contactu
667 387 937 423 mortuorum
951 414 960 433 ,
978 378 1098 439 quod
1111 377 1263 439 utique
1275 377 1486 436 significat
1499 376 1553 422 ab
1566 376 1794 438 iniquitate
1823 425 1825 428 ,

408 452 539 511 hujus
559 449 836 495 moribundae
857 449 927 494 vel
946 450 1184 495 morticinae
1205 449 1321 494 vitae.

470 524 547 566 IX.
577 520 662 567 Sed
687 521 842 565 mirum
861 520 1058 581 estquod
1078 521 1273 581 sequitur
1295 539 1302 564 :
1333 538 1353 561 «
1372 522 1429 564 Et
1445 519 1522 580 qui
1543 528 1791 578 congregat,
1826 528 1827 553 ἒ

411 611 433 635 »
467 593 635 653 inquit,
666 592 855 635 cinerem
882 593 1109 652 juvencae,
1140 591 1303 636 lavabit
1332 590 1589 635 vestimenta
1621 605 1724 634 sua:
1752 599 1796 634 et
1826 648 1828 652 f

411 682 432 706 »
467 663 718 709 immundus
741 662 822 707 erit
838 678 977 722 usque
994 662 1049 707 ad
1070 663 1332 722 vesperaml.
1357 680 1376 702 »
1399 661 1631 715 Quomodo
1648 661 1729 705 erit
1745 676 1795 704 ex
1827 710 1829 734 4

408 736 493 780 hoc
525 734 805 789 immundus,
840 734 916 795 qui
944 733 1135 778 mundus
1156 742 1389 778 accesserat
1418 752 1426 777 :
1458 732 1540 776 nisi
1563 732 1665 792 quia
1696 742 1740 776 et
1765 732 1794 776 ii
1827 718 1871 795 {fi

407 807 485 867 qui
506 806 588 851 sibi
608 804 813 851 videntur
842 804 1022 861 mundi,
1046 806 1092 849 in
1114 805 1200 849 fide
1221 805 1453 849 christiana
1472 819 1516 848 se
1536 812 1792 862 agnoscunt,
1826 778 1866 834 ΜΕ

413 895 435 919 ι(
469 876 581 929 Quia
606 891 753 920 omnes
781 884 1072 936 peccaverunt
1101 884 1293 933 etegent
1316 874 1450 934 gloria
1473 874 1550 919 Dei
1566 877 1600 929 ²,
1627 893 1648 915 »
1670 874 1797 934 justi—
1827 885 1830 928 j
1868 894 1872 911 ι

409 946 525 991 ficati
543 947 671 1005 gratis
687 962 764 1006 per
780 946 1034 1005 sanguinem
1055 946 1212 1006 ipsius?
1232 947 1360 990 Hunc
1378 953 1525 989 tamen
1540 944 1795 990 vestimenta
1829 955 1831 967 ²

408 1032 486 1061 sua
506 1017 650 1062 lavare
672 1016 803 1070 dixit,
834 1033 924 1062 non
956 1017 1084 1061 etiam
1118 1031 1274 1076 corpus
1308 1030 1459 1072 suum,
1492 1015 1650 1069 credo,
1675 1013 1796 1074 quod
1829 1028 1831 1050 ι

408 1087 525 1132 illius
545 1088 698 1133 cineris
720 1088 1056 1147 congregatione
1078 1096 1121 1131 et
1142 1086 1402 1147 repositione
1423 1086 1468 1129 in
1484 1085 1580 1130 loco
1596 1085 1765 1130 mundo
1781 1120 1792 1140 ,
1830 1126 1831 1131 ,
1866 1108 1869 1127 ι

409 1159 444 1202 si
471 1159 564 1202 haec
592 1157 839 1217 spiritaliter
864 1157 1183 1215 intelligantur,
1217 1158 1308 1217 jam
1334 1155 1591 1200 intrinsecus
1611 1154 1707 1200 vult
1725 1155 1795 1199 in-
1826 1159 1870 1226 {tf

410 1227 546 1287 telligi
568 1228 698 1272 fuisse
720 1227 980 1273 mundatum
1007 1247 1016 1273 2
1041 1228 1153 1272 sicut
1184 1226 1411 1273 Cornelius
1432 1226 1610 1271 audiens
1633 1235 1676 1270 et
1702 1241 1796 1271 cre-
1828 1231 1829 1234 ’
1851 1230 1872 1257 ¹³

410 1368 624 1414 visibilem
659 1370 944 1430 baptismum,
982 1384 1083 1414 cum
1115 1369 1201 1413 suis
1231 1370 1309 1429 qui
1339 1367 1541 1423 aderant,
1582 1368 1797 1427 acciperet

410 1440 579 1484 donum
607 1440 789 1499 Spiritus
818 1440 979 1484 sancti3
1003 1460 1011 1485 :
1038 1448 1339 1484 verumtamen
1360 1455 1441 1483 nec
1462 1438 1629 1484 visibile
1653 1454 1796 1483 sacra·
1835 1440 1837 1448 ’

415 1671 435 1695 »
471 1653 568 1697 filiis
603 1653 760 1708 Israel,
794 1662 838 1698 et
869 1653 1099 1713 proselytis
1120 1653 1196 1713 qui
1224 1661 1520 1712 apponuntur,
1552 1651 1795 1710 legitimum
1829 1649 1872 1716 ᾗῇ(

414 1741 435 1765 »
470 1725 730 1768 aeternum&
766 1742 785 1765 »
832 1723 948 1777 Quid
987 1723 1106 1767 aliud
1150 1723 1360 1778 ostendit,
1409 1723 1491 1767 nisi
1531 1723 1795 1782 baptismum
1829 1713 1872 1768 {t

412 1795 572 1840 Christi
593 1809 724 1854 quem
748 1795 1021 1854 significabat
1050 1810 1162 1854 aqua
1188 1794 1440 1853 aspersionis
1456 1829 1467 1849 ,
1502 1803 1545 1837 et
1567 1797 1591 1838 J
1597 1793 1730 1838 udaeis
1752 1802 1795 1838 et
1829 1770 1834 1843 i
1857 1786 1872 1828 issi

413 1866 615 1924 gentibus
649 1865 956 1925 profuturum,
993 1864 1038 1908 id
1074 1874 1160 1920 est,
1200 1865 1298 1908 filiis
1329 1864 1460 1909 Israel
1493 1874 1535 1909 et
1567 1863 1794 1924 proselytis
1832 1856 1872 1926 'sl'

415 1945 619 1996 tanquam
643 1936 913 1980 naturalibus
935 1937 1062 1980 ramis
1085 1945 1127 1979 et
1162 1936 1322 1980 inserto
1356 1935 1609 1995 pinguedini
1642 1934 1794 1979 radicis
1845 1925 1872 1970 l

411 2006 627 2051 oleastro?
655 2010 797 2060 Quem
826 2016 971 2050 autem
1005 2022 1095 2050 non
1116 2005 1246 2050 faciat
1273 2007 1511 2059 intentum,
1546 2005 1667 2066 quod
1697 2015 1794 2065 post

411 2076 682 2122 ablutionem
702 2077 756 2121 de
770 2077 950 2136 singulis
967 2077 1212 2137 quibusque
1229 2075 1410 2121 dicitur:
1432 2079 1524 2120 «Et
1544 2075 1793 2120 immundus
1839 2091 1843 2113 t

414 2166 435 2190 »
471 2148 550 2192 erit
578 2164 714 2208 usque
751 2149 805 2191 ad
833 2149 1085 2207 vesperam?
1116 2150 1266 2207 Neque
1298 2147 1370 2191 hic.
1406 2156 1602 2202 tantum,
1641 2146 1716 2191 sed
1747 2147 1792 2190 in
1831 2131 1872 2202 Μ

411 2219 630 2274 omnibus,
652 2228 726 2263 aut
742 2234 852 2279 pene
875 2219 919 2262 in
937 2218 1139 2263 omuibus
1156 2218 1314 2262 talibus
1332 2217 1688 2262 mundationibus
1710 2219 1792 2262 hoc
1831 2212 1840 2278 ξ
1863 2224 1870 2251 Ξ

410 2289 583 2334 dicitur.
623 2289 703 2334 Ubi
737 2289 881 2333 nescio
916 2302 1062 2332 utrum
1095 2288 1260 2348 aliquid
1288 2288 1406 2332 aliud
1428 2289 1560 2347 possit
1582 2287 1788 2346 intelligi,
1831 2291 1866 2356 j

410 2361 491 2407 nisi
512 2361 631 2421 quod
648 2361 787 2405 omnis
805 2362 936 2405 homo
957 2369 1055 2419 post
1072 2360 1364 2404 remissionem
1388 2359 1677 2418 plenissimam
1694 2374 1791 2418 pce·
1838 2388 1840 2397 ι

409 2442 605 2477 catorum
628 2432 923 2492 permanendo
945 2432 990 2475 in
1014 2433 1092 2476 hac
1115 2432 1202 2477 vita
1224 2431 1440 2475 contrahit
1456 2430 1647 2491 aliquid,
1673 2429 1790 2474 unde
1832 2440 1845 2482 ,t
1865 2435 1872 2464 ³⁴3

455 2534 464 2550 ¹
485 2529 576 2561 Num.
600 2538 672 2569 xix,
696 2539 745 2561 10.
779 2545 820 2550 —-
840 2534 853 2550 ²
873 2529 964 2560 Rom.
985 2537 1038 2569 ιιι,
1062 2539 1094 2557 ιι
1111 2551 1119 2567 ,
1142 2526 1196 2558 23.
1226 2543 1266 2549 ——-
1299 2523 1311 2548 3
1339 2528 1409 2558 Act.
1429 2537 1447 2558 x
1463 2551 1472 2567 ,
1491 2525 1547 2568 44.
1581 2542 1621 2549 —-
1643 2524 1659 2556 l,
1688 2527 1779 2557 Num.
1832 2488 1835 2561 i

408 2593 475 2625 xix,
494 2595 544 2616 10.
1832 2569 1835 2620 ἰ

1860 2628 1863 2642 ἱ

1834 2656 1835 2674 l
1861 2648 1863 2687 Ι
