1872 3267
314 218 579 258 QUAEstrromzs
613 221 656 247 IN
689 219 838 256 aoso-2,
876 222 956 247 me.
995 222 1052 247 vi.
1292 206 1374 246 545

0 287 108 332 tibus
137 294 211 332 aut
244 286 546 346 parcentibus,
578 284 686 329 adeo
719 293 768 328 ut
802 293 949 344 postea
973 284 1233 329 Gabaonitas
1265 283 1379 343 ipsos

0 367 200 419 tanquam
219 356 369 417 populi
390 357 455 401 sui
473 355 667 400 homines
689 354 743 398 de
766 355 897 400 domo
922 355 1023 400 Saiil
1046 353 1328 398 vindicaverit
1342 356 1353 379 ¹
1367 388 1378 409 ,

0 428 105 473 sicut
122 432 374 488 Regnorum
388 425 577 472 ostendit
597 425 792 470 historia.
817 429 875 471 Et
904 425 1110 487 quoniam
1127 426 1288 486 juratio
1324 424 1383 469 sic

0 508 158 544 servata
181 508 266 554 est,
284 497 479 559 quamvis
500 496 545 540 in
567 496 841 552 hominibus,
870 496 946 557 qui
968 496 1140 540 mentiti
1169 504 1297 550 sunt,
1336 503 1386 539 ut

0 569 47 614 ad
65 570 342 614 clementiam
364 568 576 614 sententia
606 568 878 623 flecteretur,
911 583 1000 612 non
1023 566 1245 626 displicuit
1275 569 1382 610 Deo.

0 643 103 687 Nam
120 641 154 685 si
168 657 191 685 e
207 641 424 686 contrario
432 641 670 701 jurassent,
689 639 856 700 aliquos
873 655 916 683 se
931 638 1235 683 interfecturos
1251 673 1262 693 ,
1279 652 1390 698 quos

0 712 258 756 Gabaonitas
272 712 318 755 in
334 721 446 755 terra
460 710 755 771 promissionis
769 725 858 754 esse
870 709 1157 769 putavissent,
1181 717 1225 752 et
1241 716 1392 768 postea

0 781 246 827 didicissent
277 798 348 828 eos
371 798 460 827 esse
495 783 548 826 ab
562 781 634 826 illa
667 791 780 826 terra
809 790 1053 835 extraneos,
1073 780 1188 824 etde
1222 778 1394 838 longin-

0 869 86 915 quo
110 854 165 897 ad
186 869 230 898 se
256 854 447 908 venisse,
484 852 607 897 nullo
644 851 776 897 modo
809 851 1112 897 arbitrandum
1149 860 1237 906 est,
1272 848 1394 912 quod

0 940 72 969 eos
99 933 240 969 essent
271 924 533 969 debellaturi
575 940 702 968 causa
728 923 959 984 jurationis
996 921 1258 982 implendae:
1293 936 1395 966 cum

0 1003 177 1054 propter
195 995 331 1054 ipsam
346 995 554 1054 parcendi
567 994 841 1039 clementiam
857 1003 1029 1038 sanctus
1042 992 1181 1038 David
1201 996 1217 1019 ’³
1233 1027 1243 1047 ,
1265 992 1397 1036 etiam

0 1074 98 1125 post
115 1066 247 1110 verba
265 1101 274 1121 ,
297 1066 458 1126 quibus
481 1081 524 1109 se
541 1065 683 1110 Nabal
700 1065 1033 1109 interfecturum
1053 1079 1142 1108 esse
1157 1065 1395 1124 juraverat,

0 1136 153 1197 utique
174 1137 310 1181 sciens
334 1152 467 1198 quem
490 1135 632 1180 fuerat
660 1135 988 1191 interfecturus,
1014 1151 1191 1196 parcere
1219 1134 1397 1189 maluit,

0 1207 141 1251 necin
164 1223 209 1251 re
232 1206 406 1252 duriore
429 1207 611 1267 implere
627 1208 925 1267 juramentum
944 1227 955 1264 3
974 1206 1108 1264 magis
1123 1209 1214 1250 Deo
1231 1205 1402 1265 placere

0 1278 246 1323 existimans
261 1313 272 1334 ,
298 1279 332 1323 si
354 1278 475 1339 quod
492 1279 557 1322 ira
580 1278 862 1338 perturbatus
884 1276 939 1322 ad
954 1276 1204 1324 nocendum
1228 1277 1404 1337 jurave-

2 1358 88 1406 rat,
113 1366 204 1396 non
226 1349 395 1395 fecisset
411 1385 421 1405 ,
447 1366 580 1411 quam
599 1351 633 1394 si
654 1350 922 1411 perfecisset,

510 1448 746 1497 QUAESTIO
779 1433 882 1489 mv.

60 1551 164 1594 CUM
182 1547 343 1593 obsessi
361 1547 619 1592 Gabaonitee
635 1564 658 1592 a
676 1549 848 1606 regibus
862 1549 1244 1604 Amorrhaeorum,
1269 1548 1404 1597 misis-·⁴

0 1628 101 1672 isent
130 1618 185 1663 ad
206 1622 376 1674 Jesum,
403 1627 452 1662 ut
471 1618 552 1662 sibi
575 1618 910 1676 subveniretur,
935 1620 992 1663 ita
1015 1619 1235 1679 Scriptura
1258 1619 1408 1680 sequi-

9 1699 99 1746 tur,
121 1699 164 1734 et
185 1689 311 1735 dicit:
337 1710 355 1731 «
377 1693 434 1735 Et
457 1689 652 1734 ascendit
670 1693 793 1734 Jesus
817 1706 840 1733 a
863 1688 1062 1748 Galgala,
1095 1689 1186 1750 ipse
1204 1699 1247 1734 et
1269 1689 1407 1734 omnis

10 1778 31 1803 »
66 1759 257 1821 populus
277 1760 539 1805 bellatorum
556 1775 657 1805 cum
672 1759 777 1816 illo,
807 1760 946 1805 omnis
981 1769 1133 1819 potens
1162 1761 1207 1803 in
1233 1759 1409 1804 fortitu-

12 1849 33 1873 »
68 1830 184 1876 dine.
206 1834 263 1875 Et
284 1830 391 1875 dixit
412 1832 622 1876 Dominus
647 1831 702 1875 ad
725 1834 872 1876 ,Iesum
894 1851 902 1876 :
924 1830 1024 1877 Noli
1050 1832 1199 1876 timere
1221 1831 1340 1889 illos3
1361 1831 1407 1875 in

13 1919 34 1943 »
68 1917 222 1946 manus
238 1902 351 1945 enim
378 1911 474 1945 tuas
492 1900 653 1946 tradidi
675 1916 772 1957 eos,
793 1917 883 1946 non
905 1902 1107 1946 subsistet
1120 1918 1173 1946 ex
1190 1901 1273 1946 illis
1288 1901 1408 1962 quis-

15 1991 33 2014 »
68 1988 199 2033 quam
219 1988 363 2017 coram
388 1972 558 2016 vobis3.
584 1990 604 2014 »
631 1972 714 2017 Ubi
737 1988 879 2033 neque
902 1973 1125 2017 consultus
1154 1981 1219 2017 est
1256 1972 1409 2017 Domi-

12 2058 93 2088 nus
108 2079 119 2097 ,
144 2054 294 2088 utrum
318 2042 514 2087 eundum
533 2042 589 2087 ad
606 2058 678 2088 eos
700 2053 810 2088 esset
828 2064 836 2089 ε
862 2043 938 2088 sed
953 2053 1052 2089 utro
1069 2045 1156 2089 suis
1173 2053 1288 2088 recte
1305 2043 1407 2087 sub-

13 2113 159 2158 venire
200 2113 471 2168 volentibus,
506 2113 701 2158 futuram
732 2114 959 2159 victoriam
993 2114 1315 2175 praenuntiavit.
1340 2114 1408 2159 Sic

16 2198 116 2241 ergo
150 2193 294 2245 posset
309 2220 320 2239 ,
346 2184 542 2245 quamvis
565 2199 654 2228 non
679 2185 903 2230 consultus
919 2220 930 2241 ,
957 2185 1012 2230 de
1034 2186 1134 2245 ipsis
1156 2186 1409 2230 Gabaonitis

18 2253 251 2300 admonere
265 2255 341 2316 qui
357 2264 518 2310 essent,
543 2270 643 2299 cum
657 2271 700 2299 se
713 2254 977 2317 longinquos
995 2272 1085 2301 esse
1098 2257 1404 2312 mentirentur,

18 2325 101 2370 nisi>
118 2327 156 2370 ei
179 2325 410 2386 placuisset
432 2325 504 2370 illa
522 2326 707 2386 juratio,
732 2343 832 2386 quae
853 2328 1058 2389 subjectis
1076 2344 1254 2388 parcere
1275 2343 1408 2387 coge-

19 2405 97 2440 ret.
121 2396 400 2442 Crediderant
432 2397 547 2441 enim
569 2400 681 2452 Deo,
707 2413 838 2457 quem
873 2398 1100 2443 audierant
1131 2415 1209 2444 suo
1243 2399 1409 2460 populo

23 2468 264 2527 promisisse
285 2468 407 2529 quod
428 2468 522 2512 illas
541 2476 688 2526 gentes
724 2468 1016 2525 subverteret,
1056 2485 1296 2530 eorumque
1318 2480 1408 2515 ter-

75 2570 82 2586 ¹
106 2574 136 2596 2.
155 2568 231 2608 neg.
252 2577 316 2597 xxi.
338 2582 377 2588 —-
396 2573 408 2587 ²
438 2577 448 2597 1
474 2568 549 2607 hog.
577 2576 652 2607 xxv,
673 2574 727 2598 22.
748 2582 789 2588 --
810 2564 824 2589 ³
841 2567 935 2599 Josu&
954 2579 986 2609 x,
1007 2578 1039 2609 7,
1065 2567 1095 2600 8.

212 2629 334 2660 CXIII.
1173 2622 1222 2661 35
