1872 3267
459 269 541 308 194
859 279 892 306 s.
929 280 1159 308 Aucus'rim
1192 283 1372 309 EPtSCOPI

454 345 608 397 etiam,
644 343 752 403 quid
772 342 853 387 sibi
875 343 1003 402 velit,
1028 345 1149 405 quod
1170 361 1272 390 cum
1294 348 1317 389 J
1322 346 1454 403 oseph
1475 353 1519 388 et
1540 344 1617 388 filii
1637 346 1728 404 ejus
1745 359 1835 389 non

452 413 635 471 amplius
666 429 800 474 qnam
832 423 931 458 octo
963 425 1374 470 commemorentur,
1407 414 1633 475 Benjamin
1653 430 1755 459 vero
1791 424 1835 458 et

450 485 541 544 ejus
564 483 641 528 filii
657 482 788 528 simul
809 483 1015 528 undecim
1036 486 1321 545 reperiantur,
1342 501 1432 529 non
1451 484 1602 529 decem
1618 493 1661 528 et
1677 500 1834 530 novem

453 569 602 599 omnes
624 554 734 598 sicut
764 563 865 598 sunt
893 564 992 599 octo
1022 564 1066 599 et
1087 556 1338 611 undecim'¹‚
1370 554 1444 599 sed
1476 554 1627 599 decem
1661 565 1704 600 et
1736 563 1834 600 octo

452 624 694 669 reserantur
717 625 762 668 in
784 640 997 669 summam
1011 630 1028 653 ²
1045 647 1056 684 3
1076 636 1119 670 et
1139 637 1287 686 postea
1310 626 1470 685 Joseph
1492 641 1592 670 cum
1609 624 1707 670 filiis
1723 625 1830 681 suis,
1859 630 1872 693 j

450 711 541 740 non
572 695 729 740 animae
755 704 880 750 octo,
910 695 987 739 sed
1019 712 1176 742 novem
1204 696 1334 741 fuisse
1355 696 1554 740 dicantur
1570 731 1581 751 ‚
1605 711 1708 740 cum
1734 705 1833 740 octo
1863 667 1872 751 ὲ

449 766 743 811 inveniantur.
783 768 887 811 Haec
921 766 1093 822 omnia,
1128 783 1228 828 quae
1261 766 1578 811 indissolubilia
1611 766 1830 822 videntur,
1862 754 1872 821 fi

450 851 651 894 magnam
672 836 901 880 continent
923 837 1014 880 sine
1035 837 1308 882 dubitatione
1331 838 1563 892 rationem,
1588 835 1664 881 sed
1691 837 1833 881 nescio

451 915 600 950 utrum
621 906 787 964 possint
811 916 967 950 cuncta
991 906 1047 951 ad
1066 906 1255 952 litteram
1280 907 1532 962 convenire,
1554 907 1772 968 praecipue
1787 906 1834 950 in
1860 910 1861 966 J

450 978 640 1022 numeris
656 1013 667 1033 ‚
692 993 802 1038 quos
821 977 868 1021 in
894 978 1124 1037 Scripturis
1159 994 1248 1023 esse
1276 978 1582 1023 sacratissimos
1608 987 1652 1021 et
1672 986 1834 1035 myste-
1858 1035 1863 1037 ‚

452 1048 615 1092 riorum
635 1048 927 1108 plenissimos,
963 1064 1014 1092 ex
1044 1048 1307 1108 quibusdam
1329 1064 1439 1109 quos
1470 1048 1572 1092 inde
1609 1063 1732 1093 nosse
1754 1063 1833 1107 po-
1854 1095 1855 1098 ,

449 1118 612 1162 tuimus
628 1153 639 1174 ,
665 1117 914 1177 dignissime
936 1118 1168 1163 credimus.
1848 1131 1849 1135 ’

941 1227 1177 1276 QUAEs'rlo
1209 1227 1339 1267 CLIII.

1870 502 1872 567 i

1866 570 1872 644 ἒ

1842 1287 1845 1307 ›

507 1332 847 1374 COMMENDATUR
860 1329 905 1372 in
928 1328 1183 1372 Patriarchis
1198 1363 1209 1382 ‚
1229 1327 1351 1387 quod
1368 1343 1574 1386 pecorum
1596 1328 1843 1387 nutritoresi

449 1409 573 1443 erant
590 1415 614 1443 a
630 1399 814 1459 pueritia
835 1414 911 1442 sua
930 1407 973 1442 et
990 1413 1013 1442 a
1034 1398 1285 1456 parentibus
1307 1397 1392 1441 suis
1406 1399 1437 1441 3.
1455 1400 1512 1442 Et
1533 1398 1705 1454 merito,
1729 1391 1842 1442 nam?

447 1470 541 1514 haec
565 1478 628 1513 est
650 1469 741 1513 sine
763 1468 852 1512 ulla
869 1468 1143 1512 dubitatione
1160 1469 1276 1527 justa
1296 1469 1476 1513 servitus
1498 1477 1541 1512 et
1552 1469 1668 1528 justa
1690 1467 1831 1512 domi-

448 1541 566 1585 natio
581 1575 591 1594 ,
628 1555 730 1584 cum
757 1555 914 1599 pecora
935 1538 1102 1582 homini
1135 1539 1351 1594 serviunt,
1376 1547 1419 1582 et
1442 1539 1575 1583 homo
1603 1538 1832 1599 pecoribus

446 1611 712 1656 dominatur.
742 1611 808 1656 Sic
831 1610 947 1654 enim
970 1609 1136 1654 dictum
1156 1619 1221 1654 est
1242 1625 1341 1654 cum
1369 1619 1588 1654 crearetur
1609 1629 1618 1654 :
1642 1630 1663 1652 «
1682 1609 1830 1654 Facia—

449 1700 470 1723 »
506 1697 604 1725 mus
630 1681 854 1725 hominem
872 1679 927 1723 ad
946 1680 1179 1738 imaginem
1196 1689 1239 1723 et
1260 1679 1587 1724 similitudinem
1608 1688 1801 1724 nostram
1815 1715 1833 1738 ,y

450 1769 470 1793 »
505 1760 549 1795 et
566 1751 723 1795 habeat
744 1759 1003 1810 potestatem
1025 1750 1209 1809 piscium
1231 1750 1358 1793 maris
1380 1759 1424 1794 et
1445 1749 1687 1795 volatilium
1710 1742 1832 1806 coeli‚‚¹

452 1840 471 1863 »
507 1831 550 1865 et
571 1822 767 1865 omnium
795 1835 1002 1879 pecorum
1031 1829 1264 1879 quaesunt
1290 1835 1418 1879 super
1448 1830 1605 1864 terram
1621 1822 1652 1863 4.
1688 1839 1707 1862 »
1748 1820 1830 1868 Ubi

447 1892 691 1936 insinuatur
725 1891 936 1935 rationem
969 1890 1128 1934 debere
1163 1890 1376 1934 dominari
1406 1890 1687 1934 irrationabili
1709 1891 1822 1935 vitae.

449 1966 630 2007 Servum
654 1971 799 2005 autem
816 1960 1039 2004 hominem
1060 1960 1227 2004 homini
1243 1996 1253 2015 ‚
1274 1960 1344 2004 vcl
1360 1960 1562 2020 iniquitas
1582 1959 1652 2005 vel
1673 1959 1820 2006 adver-

445 2033 545 2077 sitas
571 2031 674 2076 fecit
695 2051 704 2076 :
729 2031 934 2091 iniquitas
961 2031 1160 2090 quidem,
1186 2031 1296 2075 sicut
1315 2030 1482 2075 dictum
1504 2041 1567 2076 est
1593 2051 1602 2076 z
1642 2051 1662 2074 «
1687 2031 1842 2080 Male-,t

448 2121 468 2145 »
503 2103 643 2148 dictus
663 2103 887 2157 Chanaan,
908 2101 988 2145 erit
1010 2116 1156 2146 servus
1173 2099 1378 2146 fratribus
1396 2101 1509 2145 suis⁵
1526 2121 1534 2146 :
1555 2119 1575 2142 »
1592 2100 1816 2146 adversitas

443 2189 545 2219 vero
561 2209 572 2229 ,
596 2174 708 2218 sicut
735 2171 891 2217 accidit
918 2172 998 2231 ipsi
1031 2173 1192 2231 Joseph
1210 2207 1221 2227 ,
1255 2181 1305 2216 ut
1335 2171 1540 2216 venditus
1569 2188 1591 2216 a
1619 2171 1814 2217 fratribut

442 2259 588 2290 servus
610 2243 860 2301 alienigenae
892 2243 1015 2286 fieret
1031 2244 1062 2285 ⁰.
1098 2245 1250 2302 Itaque
1275 2242 1435 2301 primos
1470 2258 1612 2287 servos
1628 2277 1640 2298 ,
1665 2243 1812 2302 quibus

442 2315 527 2359 hoc
547 2329 709 2358 nomen
731 2313 776 2357 in
797 2313 932 2357 latina
958 2312 1108 2371 lingua
1128 2312 1318 2355 inditum
1348 2321 1412 2356 est
1427 2348 1437 2368 ,
1472 2312 1587 2356 bella
1608 2311 1806 2358 fecerunt

443 2385 529 2438 Qui
545 2384 659 2428 enim
678 2384 810 2427 homo
828 2383 883 2426 ab
904 2382 1080 2426 homine
1102 2390 1326 2441 superatus
1343 2383 1441 2441 jure
1458 2381 1561 2426 belli
1583 2392 1727 2441 posset
1749 2398 1807 2428 oc·

442 2455 544 2511 cidi,
561 2455 662 2515 quia
677 2463 865 2499 servatus
881 2462 959 2508 cst,
974 2468 1120 2498 servus
1138 2461 1201 2497 est
1218 2451 1459 2512 appellatus
1481 2471 1490 2496 2
1514 2452 1617 2496 inde
1635 2461 1678 2496 et
1699 2467 1810 2510 mans,

1817 2159 1820 2178 Ι
1870 2174 1872 2177 ,

493 2559 500 2575 ¹
520 2555 601 2584 Gen.
620 2562 735 2592 xxxvi,
754 2560 807 2582 22.
829 2567 871 2572 -—-
900 2549 1011 2581 ²1bid.
1036 2558 1089 2591 27.
1120 2565 1161 2571 ——
1187 2547 1200 2572 3
1229 2548 1276 2581 Id.
1306 2559 1399 2590 xuvi,
1419 2548 1470 2580 32.
1492 2564 1534 2570 --
1550 2545 1630 2581 ⁴1d.
1649 2559 1672 2590 1,
1691 2548 1748 2581 26.
1780 2565 1807 2592 —'
1847 2524 1850 2583 l

441 2605 582 2649 51d.1x‚
599 2606 651 2640 25.
677 2623 718 2629 —--
734 2604 748 2628 Γ)
763 2606 808 2639 ld.
826 2615 944 2645 xxxvu,
972 2604 1025 2637 28.
