1872 3267
381 244 437 282 90
812 253 845 279 s.
880 248 1112 280 Avensa-uu
1142 250 1325 279 Emscom

377 319 503 380 quasi
530 317 632 362 alias
661 317 709 362 in
741 331 885 362 eremo
909 318 1131 362 haherent
1163 316 1314 362 domos
1347 316 1428 360 nisi
1458 313 1752 359 tabernacula.

380 389 466 436 Sed
486 389 692 434 nimirum
714 387 868 433 domus
884 388 1067 448 intelligi
1081 388 1220 434 voluit
1240 388 1437 433 homines
1457 385 1512 430 ad
1528 400 1600 430 eos
1620 385 1757 445 perti-

377 469 550 516 nentes,
571 460 682 504 sicut
698 460 777 519 ipsi
794 458 958 519 populo
980 458 1164 504 dicitur:
1188 478 1209 502 «
1228 462 1286 504 Et
1302 474 1421 504 nunc
1441 465 1491 502 tu
1513 455 1668 501 domus
1689 457 1758 500 Ja-

379 549 400 573 »
423 530 546 575 cob1.
569 550 587 573 »
613 533 701 577 Nec
722 531 801 574 ista
821 530 986 575 locutio
1015 529 1152 575 aliena
1174 539 1238 574 est
1254 546 1277 574 a
1298 529 1432 574 latina
1451 526 1599 587 lingua
1619 548 1631 585 3
1655 541 1758 571 nam

376 609 421 645 et
443 601 625 646 Romani
647 600 753 645 dicti
783 609 886 644 sunt
906 599 1062 645 domus
1078 601 1298 656 Assaraci,
1323 597 1445 661 quod
1465 613 1517 642 ex
1551 599 1757 643 Assaraco

379 673 564 732 Trojano
582 671 791 729 originem
808 670 1066 716 ducerunt2.
1089 689 1110 713 »

433 743 598 785 XXIX.
628 760 648 784 «
673 742 858 795 Qoniam
895 740 1011 786 oculi
1047 742 1177 787 vestri
1212 739 1418 786 viderunt
1453 739 1597 785 omnia
1628 753 1759 799 opera

378 830 400 854 »
430 811 604 856 Domini
636 826 818 870 magna,
843 827 941 872 quae
963 810 1068 856 fecit
1097 811 1144 856 in
1164 811 1287 857 vobis
1317 810 1475 856 hodie3
1502 828 1511 855 :
1535 827 1556 852 »
1583 823 1683 854 cum
1704 809 1760 854 de

374 883 441 927 his
464 882 667 942 operibus
690 882 878 938 diceret,
897 898 996 943 quae
1010 898 1088 942 per
1108 896 1300 928 eremum
1322 882 1436 928 facta
1456 890 1559 927 sunt
1578 896 1630 926 eo
1647 888 1761 926 tem-

375 968 502 1013 pore,
535 968 624 1013 quo
646 953 708 996 ibi
728 953 1169 998 circumducebantur
1190 969 1269 1013 per
1291 952 1579 1015 quadraginta
1601 966 1759 1011 annos;

375 1028 522 1068 tamen
543 1040 563 1066 t<
583 1023 750 1068 hodie»
775 1024 884 1068 dixit
901 1059 911 1080 ‚
937 1023 1057 1085 quod
1079 1024 1261 1083 intelligi
1277 1024 1417 1070 voluit
1433 1025 1518 1068 hoc
1539 1029 1759 1083 tempore,

375 1104 595 1155 quotquot
605 1095 667 1139 ibi
687 1110 823 1140 annos
844 1094 962 1140 idem
984 1105 1156 1155 tempus
1172 1095 1334 1140 habere¹
1355 1096 1581 1155 potuisset.

434 1166 577 1210 XXX„
605 1184 626 1208 «
648 1168 823 1210 Terram
845 1182 976 1227 quam
984 1167 1147 1226 juravit
1163 1166 1373 1211 Dominus
1394 1166 1591 1226 patribus
1612 1164 1763 1211 vestris

379 1252 401 1277 »
426 1235 530 1280 dare
553 1236 613 1279 eis
628 1270 639 1291 ‚
664 1236 906 1297 seminique
925 1251 1076 1281 eorum
1093 1246 1191 1296 post
1208 1249 1279 1281 eos
1295 1238 1311 1262 4
1333 1255 1342 1281 :
1367 1254 1388 1277 »
1413 1245 1624 1297 tanquam
1642 1237 1762 1281 dice-

379 1315 471 1351 ret:
498 1324 516 1346 «
543 1305 596 1350 Id
615 1314 699 1361 est,
726 1306 878 1350 semini
903 1321 1052 1351 eorum
1079 1316 1177 1367 post
1199 1322 1293 1359 eos;
1313 1325 1332 1347 »
1358 1322 1448 1351 non
1463 1307 1578 1351 e'nim
1596 1315 1640 1351 et
1664 1307 1764 1366 ipsis

380 1375 500 1420 dedit
514 1411 524 1430 ‚
547 1375 623 1419 sed
643 1376 703 1420 ita
723 1376 823 1435 ipsis
846 1375 966 1420 dedit
986 1412 996 1432 ,
1023 1392 1125 1421 cum
1144 1377 1296 1421 semini
1316 1391 1467 1421 eorum
1491 1376 1627 1421 dedit.

437 1448 602 1490 XXXI.
631 1465 651 1489 «
684 1446 727 1491 Si
749 1456 894 1490 autem
921 1446 1076 1490 auditu
1115 1446 1337 1490 audieritis
1379 1446 1524 1490 omnia
1558 1446 1764 1492 mandata

382 1534 403 1558 >›
429 1518 544 1576 ejus,
586 1532 684 1576 quae
722 1531 800 1574 ego
828 1516 989 1560 mando
1022 1517 1103 1560 tibi
1125 1516 1284 1561 hodie⁵
1309 1536 1317 1561 :
1357 1515 1510 1560 auditu
1534 1534 1554 1558 »
1588 1516 1764 1561 videtur

379 1587 650 1647 superfluum
666 1623 676 1643 ,
703 1586 779 1632 sed
803 1587 968 1632 locutio
998 1596 1062 1631 est
1085 1587 1318 1646 Scripturae
1340 1595 1500 1631 sanctae
1521 1585 1764 1632 familiaris-

378 1658 500 1701 sima.

436 1730 625 1772 XXXII.
660 1746 678 1768 «
704 1730 762 1772 Et
781 1728 904 1772 dabit
924 1728 1117 1787 pluviam
1144 1737 1270 1772 terrae
1291 1736 1378 1771 tuae
1399 1728 1446 1771 in
1469 1736 1664 1788 tempore
1684 1740 1763 1774 suo

382 1799 691 1843 »matutinum
719 1808 762 1843 et
794 1799 1080 1843 serotinumfi.
1105 1816 1125 1840 »
1161 1801 1273 1843 Cum
1302 1799 1568 1842 matutinum
1591 1808 1762 1859 tempus
1830 1813 1832 1819 ·

379 1869 469 1914 dies
492 1869 663 1914 dicatur
685 1904 696 1925 ‚
721 1869 939 1929 numquid
969 1869 1072 1913 hinc
1093 1867 1275 1926 intelligi
1295 1867 1436 1913 voluit
1469 1877 1640 1929 tempus
1660 1872 1762 1915 anni
1829 1919 1831 1923 ¹

378 1940 594 2000 primum?
614 1941 860 1985 Serotinum
880 1955 982 1985 vero
1004 1940 1147 1984 minus
1168 1938 1353 1983 latinum
1370 1949 1457 1994 est,
1484 1940 1559 1984 sed
1574 1956 1663 1984 non
1682 1956 1763 2000 po·
1829 1926 1831 1934 ¹

378 2011 464 2055 tuit
483 2012 618 2070 magis
654 2011 828 2072 proprie
849 2011 904 2056 de
938 2027 1078 2071 graeco
1106 2011 1287 2071 exprimi
1304 2047 1315 2067 ‚
1359 2011 1480 2071 quod
1509 2011 1573 2055 illi
1609 2013 1763 2059 dicunt
1828 2049 1830 2077 t

381 2089 508 2135 ὃψιμονε
542 2092 688 2126 tamen
720 2083 850 2126 etiam
876 2082 922 2126 in
942 2082 1077 2127 latina
1100 2082 1251 2141 lingua
1273 2081 1407 2141 vulgo
1432 2083 1640 2127 usitatum
1665 2095 1729 2129 est
1746 2123 1757 2142 ‚

380 2162 431 2196 ut
452 2152 621 2196 dicatur
653 2153 912 2208 serotinum,
946 2151 1022 2196 sed
1051 2151 1172 2212 quod
1204 2151 1368 2196 tardius
1398 2168 1531 2212 quam
1564 2164 1760 2212 oporteat

379 2222 544 2267 factum
562 2232 650 2280 est3
670 2223 740 2267 hic
758 2238 859 2267 vero
883 2232 1052 2282 tempus
1067 2223 1167 2266 anni
1187 2223 1331 2282 potius
1353 2223 1537 2283 intelligi
1558 2223 1711 2269 voluit.

439 2296 650 2337 XXXIII.
669 2313 687 2335 α
704 2296 761 2336 Et
773 2308 873 2337 cum
891 2292 1143 2347 comederis,
1164 2302 1207 2337 et
1220 2293 1396 2337 satiatus
1413 2293 1560 2349 fueris,
1585 2296 1761 2340 attende

384 2383 405 2406 >›
431 2364 510 2408 tibi
531 2364 609 2423 ipsi
631 2379 686 2407 ne
708 2363 911 2408 dilatetur
932 2380 1006 2408 cor
1021 2374 1170 2419 tuum,
1197 2373 1240 2408 et
1252 2365 1591 2423 praevaricemini
1614 2377 1657 2411 et
1672 2383 1760 2411 ser-

388 2454 408 2476 »
425 2435 548 2480 viatis
560 2434 638 2479 diis
652 2434 776 2478 aliis⁷.
789 2438 836 2479 »J
841 2450 906 2508 ³31¹
919 2435 1112 2494 superius
1127 2435 1231 2479 tales
1244 2435 1484 2480 locutiones
1495 2437 1756 2493 notavimus,

429 2539 438 2554 ¹
470 2533 539 2563 lsai.
568 2542 589 2562 11
604 2556 612 2572 ,
643 2530 673 2563 5.
695 2549 737 2554 -—
755 2538 768 2553 ²
787 2531 892 2572 Virgil.
925 2531 1047 2563 AEneid.
1069 2543 1090 2562 1.
1110 2548 1152 2552 —
1173 2529 1185 2553 3
1200 2535 1292 2564 Dent.
1316 2543 1368 2574 xr,
1400 2544 1429 2575 7.
1458 2550 1498 2555 —-
1529 2532 1544 2562 4
1566 2533 1647 2566 Ibid.
1663 2545 1696 2576 9.
1717 2550 1758 2556 —-

384 2585 493 2619 frlbid.
519 2585 751 2620 13.—<³11.›id.
778 2585 828 2628 14.
847 2594 916 2619 ——3
942 2586 1023 2619 Ibid.
1049 2585 1100 2628 15,
1123 2587 1172 2619 16.
