1872 3267
386 202 468 240 528
805 212 840 240 s.
877 211 1107 242 AUGUSTINI
1140 215 1321 243 Emscom

385 276 577 335 tuaginta
591 276 898 335 interpretibus
916 277 1112 322 additum
1129 279 1326 336 existimo
1352 298 1361 323 z
1392 279 1473 323 nisi
1505 281 1607 341 quia
1641 279 1764 325 intel-

380 347 453 406 ligi
492 347 726 393 voluerunt
748 348 876 392 etiam
910 348 1021 408 ipsas
1063 366 1215 395 manus
1229 386 1239 405 ‚
1270 350 1428 411 quibus
1466 352 1764 410 significantur

380 435 532 479 opera,
550 420 595 463 in
615 418 744 463 corde
770 419 907 478 accipi
929 419 1108 475 debere,
1129 421 1207 465 ubi
1228 430 1290 465 est
1319 421 1425 466 fides
1453 438 1551 482 quae
1587 438 1663 482 per
1694 422 1763 467 di-

379 488 611 534 lectionem
635 491 885 549 operatur¹.
911 493 1020 535 Nam
1042 491 1075 535 si
1087 490 1323 536 forinsecus
1346 508 1394 536 ea
1409 527 1419 547 ‚
1441 509 1540 553 quae
1557 496 1669 537 Deus
1687 495 1760 553 ju-

380 560 476 616 bet,
501 561 701 605 manibus
723 561 850 617 fiant,
886 571 929 606 et
947 563 992 606 in
1014 563 1142 607 corde
1156 579 1245 609 non
1267 566 1393 620 fiant,
1431 580 1559 610 nemo
1591 575 1654 610 est
1674 575 1763 610 tam

378 630 564 676 insulsus
577 632 652 692 qui
666 642 881 692 praecepta
894 634 1128 678 arbitretur
1145 634 1328 695 impleri.
1349 640 1481 681 Porro
1503 637 1537 681 si
1560 637 1759 692 charitas,

377 718 476 762 quae
491 701 720 762 plenitudo
742 711 806 746 est
827 703 953 762 Legis
971 739 981 759 ,
1007 704 1174 748 habitet
1194 704 1239 749 in
1261 705 1442 762 corde·2,
1481 706 1647 751 etiamsi
1668 722 1762 750 ma-

378 772 507 817 nibus
529 773 720 833 corporis
734 773 964 833 quisquam
988 789 1077 819 non
1099 775 1231 834 possit
1262 776 1454 836 operari,
1494 792 1576 837 pax
1607 775 1670 820 illi
1699 786 1763 821 est

380 844 531 905 utique
553 859 655 888 cum
668 843 920 889 hominibus
948 844 1077 889 bonae
1089 843 1340 890 voluntatis.

903 953 1138 1002 QUAEsTio
1170 955 1250 994 ιν,

439 1074 458 1096 «
481 1059 790 1100 PECCAVERUNT
832 1071 922 1100 non
936 1056 974 1099 ei
1012 1054 1090 1099 filii
1123 1055 1472 1115 vituperabiles&
1506 1073 1526 1096 »
1555 1054 1684 1108 Quod
1717 1055 1762 1099 in

376 1141 517 1184 graeco
533 1134 699 1170 ρεῖτέκνα
719 1133 877 1181 simp-mat,
899 1125 1076 1186 qnidam
1091 1126 1361 1186 interpretati
1373 1135 1474 1170 sunt
1484 1125 1696 1180 sicuthic‚
1718 1125 1762 1170 id

376 1205 460 1251 cst,
484 1217 503 1239 «
530 1196 970 1256 Filiivituperabilcs‚
994 1215 1013 1237 n
1041 1197 1219 1257 quidam
1242 1217 1261 1238 «
1278 1197 1375 1240 Filii
1392 1195 1718 1253 commaculati3
1738 1215 1757 1236 »

375 1267 592 1327 quidam«
618 1267 716 1311 Filii
741 1267 895 1312 vitiosi.
918 1287 936 1307 n
963 1267 1087 1312 Unde
1116 1284 1205 1312 non
1241 1284 1396 1326 magna
1435 1268 1617 1328 quaestio
1636 1303 1646 1321 ‚
1676 1267 1761 1311 imo

376 1337 497 1381 nulla
517 1347 594 1382 est.
625 1337 709 1382 Sed
726 1337 836 1381 illud
859 1338 1010 1381 merito
1044 1337 1099 1381 ad
1121 1337 1406 1397 quaerendum
1429 1347 1596 1393 movet,
1618 1337 1651 1380 si
1686 1351 1761 1395 ge-

375 1408 579 1453 neraliter
596 1407 764 1452 dictum
786 1417 871 1463 est,
897 1427 916 1449 α
940 1411 1234 1452 Peccaverunt
1255 1424 1345 1452 non
1385 1408 1422 1451 ei
1438 1443 1448 1463 ‚
1487 1427 1506 1449 »
1553 1407 1761 1467 quoniam

374 1479 452 1539 qui
473 1489 622 1539 peccat
645 1495 734 1523 non
752 1479 789 1523 ci
811 1488 985 1538 peccat,
1009 1478 1056 1522 id
1068 1487 1153 1533 est,
1179 1494 1267 1523 non
1286 1482 1375 1523 Deo
1388 1487 1515 1522 nocet
1531 1513 1541 1533 ,
1561 1477 1636 1521 sed
1653 1478 1732 1521 sibi
1749 1498 1759 1534 3

374 1549 597 1610 quomodo
615 1549 950 1608 intelligendum
974 1549 1028 1592 sit
1041 1549 1162 1608 quod
1177 1549 1222 1592 in
1237 1549 1405 1593 Psalmo
1427 1548 1607 1608 legitur,
1628 1568 1647 1589 «
1668 1547 1762 1591 Tibi

378 1638 398 1661 »
437 1620 514 1665 soli
529 1620 732 1679 peccavi⁴
754 1639 764 1675 3
784 1638 803 1660 »
821 1628 864 1663 et
886 1619 931 1662 in
953 1619 1162 1662 Jcremia:
1189 1637 1205 1658 «
1235 1618 1330 1661 Tibi
1363 1618 1634 1677 peccavimus
1652 1653 1661 1672 ‚
1682 1633 1761 1677 pa-

379 1708 400 1731 »
439 1690 587 1735 tientia
618 1688 750 1733 Israel
772 1689 955 1733 Domine
975 1690 988 1713 ⁵
1010 1709 1020 1745 3
1047 1706 1066 1729 )›
1093 1697 1135 1731 et
1152 1688 1308 1731 iterum
1321 1689 1366 1731 in
1389 1687 1580 1742 Psalmo,
1611 1707 1629 1729 «
1653 1690 1763 1732 Sana

379 1779 399 1801 »
435 1761 624 1804 animam
642 1774 783 1803 meam
802 1794 812 1813 ,
838 1759 939 1819 quia
961 1759 1135 1817 peccavi
1160 1758 1238 1802 tibi
1257 1761 1272 1784 ⁶
1294 1778 1301 1802 ;
1330 1776 1350 1798 >)
1378 1768 1420 1802 et
1437 1767 1584 1802 utrum
1606 1758 1689 1802 hoc
1711 1757 1763 1801 sit

376 1845 555 1891 peceare
577 1834 689 1885 Deo,
705 1829 826 1890 quod
843 1845 1021 1888 peccare
1039 1829 1083 1871 in
1106 1832 1258 1871 Deum.
1295 1828 1415 1872 Unde
1430 1828 1488 1871 ait
1507 1827 1602 1872 Heli
1624 1843 1763 1872 sacer·
1824 1837 1827 1848 “

376 1902 475 1946 dos:
503 1921 521 1943 «
545 1902 587 1946 Si
608 1902 653 1945 in
676 1904 813 1946 Deum
830 1899 1091 1959 peccaverit,
1112 1899 1206 1958 quis
1227 1898 1369 1942 orabit
1385 1913 1463 1957 pro
1492 1900 1600 1942 ‹20⁷2›
1620 1917 1638 1938 »
1686 1898 1761 1942 Di-

376 1989 469 2016 cam
493 1988 595 2030 ergo
611 1971 812 2025 interim,
835 1969 944 2030 quid
960 1969 1064 2012 mihi
1082 1970 1126 2012 in
1148 1970 1376 2028 praesentia
1393 1968 1604 2013 videatur.
1628 1968 1762 2012 Intel-

376 2041 709 2102 ligentfortasse
732 2040 897 2100 aliquid
915 2040 1091 2094 melius⁷
1128 2041 1201 2100 qui
1240 2039 1392 2084 melius
1425 2040 1519 2084 haec
1562 2039 1757 2098 sapiunt,

378 2123 453 2157 aut
475 2113 603 2157 etiam
626 2128 705 2156 nos
719 2110 802 2155 alio
828 2120 1041 2170 tempore,
1068 2120 1282 2170 quantum
1305 2110 1516 2169 adjuverit
1532 2110 1756 2154 Dominus.

378 2188 560 2228 Peccare
581 2182 627 2227 in
649 2186 786 2226 Deum
800 2217 810 2237 ,
841 2190 904 2225 est
928 2181 973 2224 in
995 2181 1045 2224 iis
1067 2196 1266 2240 peccare,
1287 2195 1385 2240 quae
1400 2180 1454 2223 ad
1481 2179 1558 2223 Dei
1593 2180 1759 2224 cultum

378 2255 611 2313 pertinent.
633 2256 742 2298 Nam
758 2253 841 2296 hoc
864 2251 983 2311 quod
1000 2250 1353 2304 commemoravi,
1379 2249 1489 2293 nihil
1511 2250 1629 2293 aliud
1652 2249 1761 2294 indi·
1824 2289 1827 2310 y<

377 2334 446 2369 cat
467 2345 474 2369 :
502 2325 559 2368 sic
573 2324 686 2368 enim
706 2322 947 2383 peccabant
968 2321 1044 2365 filii
1059 2320 1179 2377 Heli,
1201 2321 1359 2381 quibus
1377 2321 1459 2364 hoc
1476 2329 1597 2379 pater
1610 2335 1759 2364 eorum

379 2396 500 2440 dixit.
522 2395 589 2440 Sic
602 2392 934 2438 existimandum
957 2402 1020 2437 est
1037 2392 1205 2451 peccari
1233 2392 1362 2435 etiam
1377 2391 1421 2435 in
1437 2390 1654 2445 homines,
1685 2390 1759 2451 qui

427 2499 433 2513 ¹
457 2493 527 2525 Gal.
544 2503 577 2533 v,
598 2492 631 2523 6.
648 2507 689 2513 —
716 2498 729 2513 2
750 2493 838 2522 Rom.
872 2500 946 2530 xiii,
975 2501 1021 2521 10.
1047 2506 1084 2511 —-
1107 2488 1119 2511 3
1134 2492 1230 2521 Dent.
1252 2499 1353 2528 xxxu,
1372 2487 1402 2520 5.
1425 2505 1466 2511 -
1484 2486 1594 2521 41¹sa1.
1612 2499 1641 2529 ι,
1662 2488 1694 2520 6.
1718 2505 1757 2510 -

379 2546 561 2589 5Jcr.x1v,
577 2559 608 2590 7.
630 2562 671 2570 ·-
691 2545 706 2569 ⁰
721 2545 798 2579 Psal.
827 2556 876 2586 xi,
902 2544 933 2576 5.
952 2552 1024 2577 -7
1051 2556 1062 2576 1
1085 2548 1161 2586 ch.
1182 2555 1216 2586 ιι,
1237 2543 1289 2577 25.

1851 2318 1866 2346 (il
