1872 3267
357 189 622 227 Qua-senones
654 190 697 216 m
731 188 920 226 sumens,
956 190 1039 216 Lm.
1077 191 1153 216 vu.
1365 177 1448 216 575

60 269 187 298 eausa
202 287 213 308 ,
232 269 367 313 quare
385 270 474 298 non
496 256 618 298 Jesus
641 268 789 298 omnes
811 252 906 298 illas
929 263 1076 312 gentes
1100 252 1306 298 bellando
1327 252 1451 298 dele-

61 324 197 378 verit,
222 323 324 384 quia
348 325 430 368 hoe
453 325 486 368 si
506 325 627 368 fieret
642 359 653 379 ,
677 339 766 368 non
789 333 930 368 essent
947 324 993 367 in
1014 323 1175 384 quibus
1197 323 1264 368 isti
1288 323 1451 384 proba-

60 403 225 438 rentur.
272 398 479 439 Poterant
512 403 657 438 autem
691 410 780 438 esse
813 394 867 438 ad
902 393 1135 439 utilitatem
1166 394 1387 454 ipsorum,
1418 394 1453 438 si

60 466 214 511 tentati
232 466 277 510 in
299 467 374 521 eis,
395 482 485 511 non
504 466 675 525 reprobi
693 466 1016 523 invenirentur,
1040 467 1187 526 eisque
1209 466 1370 511 talibus
1388 467 1453 510 in-

59 539 198 583 ventis
215 574 225 593 ,
251 537 401 598 quales
429 553 501 582 eos
529 553 619 582 esse
642 537 802 582 dehere
824 548 1089 598 praeceperat
1110 539 1320 582 Dominus
1335 574 1346 594 ,
1361 539 1452 598 jam

61 619 208 668 gentes
228 608 314 653 illae
338 608 614 654 auferrentur
637 625 659 653 a
684 609 793 654 faeie
815 625 963 655 eorum
979 646 989 665 ,
1009 610 1042 654 si
1063 610 1123 653 ita
1137 610 1349 665 viverent,
1372 625 1453 654 nee

59 679 185 724 bellis
203 696 274 724 eos
297 680 485 724 exerceri
508 690 742 739 oporteret.
769 681 913 725 Verba
936 681 1050 724 enim
1073 680 1246 724 Domini
1267 681 1356 724 huc
1378 696 1452 724 us·
1502 716 1506 719 ⁴

59 766 146 810 que
168 750 419 810 accipienda
436 759 552 795 sunt.
579 769 598 792 «
622 754 802 810 Propter
818 749 939 811 quod
960 759 1080 794 tanta
1099 749 1331 810 dereliquit
1349 766 1453 809 gens

61 839 82 863 »
118 822 212 866 haee
237 825 560 866 Testamentum
582 838 726 866 meum
745 857 756 877 ,
783 822 904 882 quod
926 821 1130 866 mandavi
1152 822 1348 881 patribus
1376 837 1452 866 eo-

61 911 82 934 »
120 909 235 948 rum,
252 902 295 937 et
308 909 397 938 non
416 893 678 938 obedierunt
695 894 792 939 voei
810 910 918 938 meae
936 914 944 938 ι
966 904 1009 937 et
1030 909 1109 952 ego
1129 909 1217 938 non
1235 909 1454 954 apponam

60 982 81 1007 »
117 964 287 1010 auferre
307 966 451 1010 virum
475 982 498 1010 a
520 966 630 1011 faeie
652 967 888 1026 ipsoruml,
913 985 932 1007 »
960 964 1005 1009 id
1024 975 1109 1021 est,
1136 964 1448 1010 adversarium.

58 1037 225 1082 Caetera
245 1052 346 1081 vero
363 1036 495 1081 verba
508 1037 726 1097 scriptoris
742 1046 859 1091 sunt,
881 1036 1136 1095 exponentis
1152 1036 1270 1080 unde
1288 1035 1455 1080 dixerat

57 1107 290 1162 Dominus,
316 1123 405 1152 non
427 1122 468 1151 se
490 1107 739 1151 ablaturum
761 1108 902 1151 virum
925 1106 980 1150 de
999 1107 1203 1165 gentibus
1219 1142 1230 1162 ,
1252 1123 1358 1167 quas
1382 1122 1452 1150 re-

55 1174 184 1237 liquit
206 1180 329 1222 Jesus
350 1177 462 1222 filius
480 1180 611 1223 Nave.
639 1177 804 1222 Deinde
826 1177 1095 1238 subjungens
1113 1193 1200 1238 qua
1222 1193 1349 1222 causa
1372 1177 1452 1222 de-

57 1247 308 1309 reliquerit,
344 1268 364 1291 «
386 1252 442 1293 Et
468 1249 631 1293 dimisit
649 1285 659 1304 ,
682 1249 848 1309 inquit,
874 1249 930 1292 ad
952 1248 1212 1293 tentandum
1236 1247 1367 1293 Isra'e'l
1383 1284 1394 1304 ,
1420 1249 1454 1293 si

59 1336 80 1360 >›
116 1319 350 1363 observent
379 1319 495 1363 viam
530 1319 705 1364 Domini
741 1319 860 1363 abire
890 1319 936 1362 in
964 1335 1012 1363 ea
1031 1355 1042 1375 ,
1077 1318 1453 1380 quemadmodum

59 1407 80 1432 »
115 1391 418 1435 custodierunt
444 1400 588 1450 patres
616 1406 790 1446 eorum,
817 1407 872 1435 an
894 1392 1012 1434 non²
1033 1410 1042 1435 2
1073 1411 1089 1432 »
1117 1406 1190 1435 eos
1209 1389 1359 1435 volens
1382 1391 1453 1435 in-

57 1460 194 1521 telligi
223 1471 366 1521 patres
399 1461 637 1506 custodisse
665 1461 781 1506 viam
810 1461 1009 1516 Domini,
1041 1460 1118 1522 qui
1147 1460 1328 1506 fuerunt
1349 1477 1451 1506 cum

57 1534 160 1577 Jesu
176 1567 186 1587 ,
218 1531 264 1576 id
291 1541 377 1587 est,
402 1548 453 1577 eo
475 1541 671 1591 tempore
692 1548 780 1592 quo
809 1531 880 1575 ille
902 1532 1089 1576 vivebat.
1117 1533 1452 1577 Generationem

56 1602 220 1663 quippe
251 1601 430 1647 alteram
460 1604 655 1661 superius
678 1602 827 1647 retulit
848 1602 1080 1647 surrexisse
1100 1612 1200 1663 post
1221 1602 1317 1648 illos
1331 1639 1342 1659 ,
1375 1603 1451 1664 qui

55 1673 258 1717 vixerunt
286 1688 386 1716 eum
414 1675 517 1716 Jesu
533 1674 565 1727 ³,
591 1681 635 1715 et
658 1673 713 1716 ab
744 1672 845 1732 ipsis
870 1672 1051 1731 coepisse
1070 1673 1447 1731 transgressiones,

0 1750 1 1800 j
57 1760 155 1804 quae
177 1743 461 1788 offenderunt
476 1744 736 1800 Dominum,
753 1759 832 1803 pro
855 1743 1015 1804 quibus
1032 1744 1274 1800 tentandis,
1300 1743 1346 1788 id
1368 1754 1447 1800 est,

57 1812 292 1874 probandis
308 1849 319 1870 ,
351 1814 512 1859 relictae
534 1813 710 1858 fuerant
738 1823 909 1873 gentes,
934 1829 1015 1859 nee
1049 1814 1345 1860 exterminatae
1373 1831 1452 1877 per

0 1923 1 1926 ,
58 1887 224 1929 Jesum.

118 1960 199 2001 ΙΙΙ.
216 1955 381 2001 Deinde
398 1971 453 2000 ne
465 1965 693 2016 putaretur
710 1957 794 2001 hoe
811 1958 836 2000 J
839 1972 934 2001 esus
947 1956 1128 2002 consilio
1141 1973 1220 2002 suo
1239 1967 1451 2019 tanquam

58 2026 253 2072 humano
275 2027 435 2086 egisse,
464 2036 515 2071 ut
548 2036 694 2084 gentes
723 2026 808 2070 illae
831 2027 1199 2088 relinquerentur,
1228 2029 1452 2089 subjungit

62 2099 282 2159 Scriptura
306 2117 314 2143 ε
341 2118 360 2141 «
384 2102 442 2143 Et
467 2097 630 2142 dimisit
654 2099 864 2143 Dominus
887 2109 1035 2157 gentes
1059 2100 1135 2144 has
1151 2136 1162 2155 ,
1187 2109 1238 2144 ut
1258 2116 1349 2145 non
1369 2116 1450 2144 au-

63 2186 83 2211 »
118 2169 251 2213 ferret
267 2168 360 2213 illas
376 2168 595 2226 celeriter3
613 2177 657 2212 et
672 2184 762 2213 non
778 2168 958 2214 tradidit
972 2185 1041 2214 eas
1054 2170 1099 2213 in
1114 2185 1248 2214 manu
1261 2172 1405 2214 Jesu4.
1425 2189 1447 2212 »

59 2239 227 2284 Deinde
258 2240 456 2300 sequitur
476 2259 484 2284 :
511 2258 531 2281 «
554 2241 612 2283 Et
630 2239 699 2282 hae
723 2249 870 2298 gentes
893 2256 1000 2300 quas
1022 2238 1198 2300 reliquit
1219 2243 1342 2285 Jesus
1358 2277 1369 2296 ,
1400 2250 1452 2286 ut

63 2328 83 2352 »
118 2320 305 2355 tentaret
322 2312 368 2355 in
390 2311 448 2355 eis
472 2309 618 2365 Israel,
641 2326 789 2355 omnes
811 2311 887 2370 qui
909 2311 1157 2355 nescierunt
1173 2312 1317 2357 omnia
1335 2311 1451 2357 bella

63 2399 84 2423 »
118 2383 356 2428 Chanaan:
387 2396 540 2427 verum
576 2390 754 2442 propter
776 2382 1072 2440 generationes
1100 2382 1291 2427 filiorum
1318 2383 1451 2427 Israel

64 2469 86 2494 »
119 2451 277 2498 docere
301 2451 398 2498 illos
419 2451 586 2497 bellum
602 2454 634 2496 ⁵.
667 2469 688 2493 »
722 2455 828 2496 Erat
849 2467 952 2512 ergo
973 2453 1053 2498 ista
1075 2468 1202 2498 causa
1227 2453 1274 2497 in
1297 2469 1450 2499 eorum

111 2537 282 2580 ¹Judic.11‚
295 2545 418 2580 20‚21.
432 2554 473 2561 —-
488 2535 600 2569 ²1bid.
623 2545 676 2569 22.
697 2534 768 2560 -3
793 2535 874 2571 lbid.
900 2547 950 2572 10.
967 2536 1128 2572 -41bid.
1145 2537 1200 2571 23.
1214 2554 1256 2562 —
1269 2536 1404 2582 51d.1u‚
1416 2547 1447 2572 2.
