1872 3267
340 254 606 293 QUAEsTmNEs
642 257 686 283 IN
720 253 867 292 Josmz,
903 256 985 282 Lm.
1022 256 1081 283 v1.
1319 240 1401 280 553

21 340 42 364 »
77 330 121 365 et
154 322 200 364 in
232 322 349 365 omni
381 331 494 366 terra
528 322 751 382 potestatis
784 336 872 364 suae
900 340 909 366 ι
935 320 1073 365 omnis
1104 319 1294 380 populus
1328 320 1404 380 qui

21 411 42 435 »
77 389 310 436 derelictus
333 401 395 436 est
418 409 442 437 a
463 392 661 437 Cetthaeo
683 401 727 437 et
754 392 1009 437 Amorrhaeo
1040 401 1084 436 et
1114 392 1340 436 Pheresaeo
1363 399 1407 434 et

20 481 41 505 »
78 464 210 507 Evaeo
228 472 272 507 et
289 463 514 518 Jehusaeo,
535 462 611 524 qui
634 479 724 508 non
750 474 874 509 erant
896 479 947 508 ex
967 462 1120 518 Israel,
1141 478 1192 506 ex
1213 461 1311 506 filiis
1334 477 1408 507 eo-

0 551 41 575 ,»
78 548 192 588 rum,
211 533 288 594 qui
307 533 467 578 residui
493 543 616 578 erant
643 550 743 579 cum
770 535 828 578 eis
846 535 891 578 in
915 544 1043 589 terra,
1064 549 1174 594 quos
1196 548 1286 577 nou
1303 548 1410 578 con-

19 621 40 645 »
75 614 350 663 sumpserant
380 604 457 648 filii
489 606 646 661 Israel,
677 615 721 650 et
750 605 1000 666 subjugavit
1028 620 1100 649 eos
1130 603 1335 650 Salomon
1364 604 1409 648 in

23 692 44 715 »
79 674 295 719 tributum
318 691 456 736 usque
478 675 524 719 in
546 675 662 720 diem
683 677 844 720 hunc1.
879 694 899 717 »
925 679 1039 721 Ecce
1072 675 1243 720 residua
1266 690 1411 734 popu-

0 744 164 789 ‘lorum
198 744 562 790 debellandorum
600 757 731 808 atque
767 747 945 792 omnino
989 762 1040 791 ex
1078 747 1155 791 Dei
1193 754 1413 807 praecepto

21 815 344 876 perdendorum
366 817 617 878 subjugavit
642 817 846 863 Salomon
868 818 913 862 in
934 818 1169 873 tributum,
1195 832 1304 878 quos
1326 816 1415 860 uti-

21 901 108 946 que
135 888 377 932 secundum
416 888 493 932 Dei
522 898 790 949 praeceptum
823 888 1008 948 perdere
1036 888 1190 932 debuit
1216 908 1224 934 z
1250 887 1324 932 sed
1350 896 1416 931 ‘ta-

21 971 123 1001 men
159 957 380 1017 subjugati
416 969 627 1020 tanquam
669 959 886 1004 tributarii
917 960 1097 1020 possessi
1131 969 1247 1004 sunt.
1279 957 1416 1002 Paulo

22 1037 120 1087 post
142 1037 287 1072 autem
322 1029 380 1073 ita
410 1029 570 1090 legitur
593 1050 600 1076 :
638 1050 658 1073 «
683 1033 740 1075 Et
765 1040 857 1075 erat
889 1028 1117 1075 dominans
1141 1030 1186 1074 in
1215 1029 1418 1074 omnibus

26 1118 46 1141 »
82 1100 256 1158 regibus
276 1116 298 1144 a
321 1101 503 1145 flumine
524 1117 664 1162 usque
682 1102 737 1146 ad
759 1112 919 1146 terram
943 1101 1189 1156 Philistiim,
1215 1110 1259 1145 et
1279 1116 1419 1161 usque

24 1188 45 1212 »
81 1170 134 1215 ad
164 1171 270 1215 fines
303 1173 527 1232 AEgypti2.
563 1192 583 1214 »
617 1176 730 1218 Ecce
762 1173 839 1216 ubi
870 1173 1101 1233 impletum
1133 1182 1198 1217 est
1220 1171 1342 1233 quod
1373 1172 1419 1216 in

23 1241 179 1285 Genesi
210 1245 324 1286 Deus
355 1241 410 1286 ad
438 1242 659 1287 Abraham
688 1243 894 1304 loquens,
920 1244 1269 1303 promittensque
1303 1258 1419 1302 prae-

24 1312 202 1356 dixerat.
230 1315 267 1356 A
299 1313 481 1356 ssumine
503 1314 665 1373 quippe
697 1314 768 1357 hic
801 1313 1061 1372 intelligitur
1084 1314 1139 1357 ab
1162 1314 1416 1373 Euphrate:

23 1397 235 1441 magnum
261 1383 378 1426 enim
412 1383 578 1427 ssumen
608 1383 653 1426 in
682 1383 764 1427 illis
798 1383 924 1438 locis,
962 1383 1091 1427 etiam
1128 1384 1304 1443 proprio
1337 1399 1421 1428 no-

25 1452 143 1496 mine
164 1468 253 1496 non
277 1451 442 1508 addito,
462 1462 606 1513 potest
626 1452 828 1512 intelligi.
854 1456 1006 1513 Neque
1023 1455 1139 1497 enim
1159 1454 1214 1498 de
1230 1453 1422 1498 Jordane

0 1575 1 1579 Ἰ
26 1524 110 1568 hoc
128 1523 263 1582 accipi
285 1533 450 1582 potest,
476 1539 577 1567 cum
601 1533 644 1568 et
665 1524 771 1568 citra
794 1523 1030 1568 Jordanem
1053 1534 1096 1570 et
1123 1524 1238 1569 ultra
1261 1528 1285 1569 J
1290 1526 1421 1570 orda-

27 1609 128 1637 nem
145 1594 236 1653 jam
254 1602 389 1637 terras
409 1593 614 1638 Israelitae
635 1594 917 1638 obtinuerant
939 1604 982 1639 et
1009 1604 1110 1639 ante
1135 1611 1321 1654 regnum
1347 1598 1424 1641 Sa·-

27 1663 229 1708 lomonis.
256 1666 372 1722 Ergo
396 1680 417 1707 a
441 1665 623 1709 flumine
655 1666 880 1724 Euphrate
909 1681 961 1709 ex
987 1666 1185 1725 partibus
1208 1666 1418 1722 Orientis,

27 1750 165 1794 usque
188 1735 243 1778 ad
266 1736 372 1778 fines
395 1735 600 1794 AEgypffi,
626 1752 725 1796 quae
752 1752 849 1796 pars
870 1735 952 1780 illis
974 1746 1066 1781 erat
1088 1738 1143 1781 ab
1166 1737 1420 1792 Occidente,

29 1821 214 1864 regnum
240 1804 481 1849 Salomonis
513 1806 735 1864 Scriptura
760 1810 1013 1866 Regnorum
1037 1808 1146 1852 dixit
1168 1807 1298 1852 fuisse
1321 1824 1424 1868 por-

30 1884 213 1919 rectum.
234 1877 356 1919 Tunc
379 1891 481 1934 ergo
503 1875 687 1935 amplius
710 1877 991 1937 subjugatum
1010 1888 1089 1934 est,
1105 1894 1239 1939 quam
1257 1887 1425 1938 septem

29 1946 116 1990 illae
140 1955 288 2005 gentes
310 1947 546 2003 tenebant3
578 1963 625 1991 ac
661 1964 738 2007 per
760 1949 844 1992 hoc
872 1959 977 1994 tunc
1006 1950 1052 1993 in
1082 1951 1332 1995 servitutem
1357 1966 1426 1994 re-

32 2017 170 2061 dactae
194 2025 310 2071 sunt,
332 2032 422 2061 non
442 2026 624 2077 septem,
645 2018 720 2062 sed
742 2019 945 2063 undecim
971 2030 1135 2079 gentes.
1155 2021 1285 2075 Quod
1309 2022 1426 2066 enim

33 2087 79 2131 in
107 2090 360 2144 Regnorum
381 2087 499 2132 libris
530 2088 739 2148 scriptum
766 2099 850 2145 est,
877 2106 1017 2151 usque
1039 2090 1094 2135 ad
1117 2092 1223 2136 fines
1246 2093 1426 2152 AEgypti

35 2173 58 2202 a
77 2157 282 2212 flumine,
303 2173 405 2202 cum
429 2158 650 2219 Scriptura
671 2160 725 2204 ab
758 2161 934 2205 Oriente
957 2178 1096 2223 usque
1125 2163 1176 2206 ad
1207 2162 1426 2207 Occiden-

35 2236 125 2272 tem
147 2237 365 2288 quantum
388 2239 637 2289 porrectum
655 2240 764 2275 esset
781 2248 989 2291 regnum,
1013 2232 1146 2277 vellet
1168 2233 1395 2278 ostendere
1413 2253 1422 2279 :

36 2298 120 2343 hoc
140 2297 256 2343 idem
279 2300 324 2344 in
347 2301 524 2356 Genesi,
551 2317 650 2345 cum
675 2303 730 2346 ab
759 2303 997 2348 Occidente
1025 2320 1164 2364 usque
1193 2304 1248 2348 ad
1269 2305 1428 2348 Orien-

38 2377 124 2413 tem
151 2370 464 2428 praefiniretur‚
492 2371 659 2416 dictum
695 2382 779 2428 est,
806 2390 829 2418 a
862 2375 1044 2419 flumine
1076 2376 1257 2435 AEgypti
1289 2391 1428 2436 usque

38 2439 93 2484 ab
116 2440 282 2485 flumen
299 2457 506 2500 magnum
524 2444 809 2503 Euphratem.
827 2445 1015 2491 Flumen
1037 2447 1202 2507 quippe
1224 2448 1422 2507 AEgypti,

90 2542 99 2559 ¹
122 2536 140 2568 3
155 2539 231 2579 Reg.
254 2549 286 2579 x,
308 2547 370 2580 22,
389 2538 431 2571 23
446 2539 539 2578 juxta
557 2550 616 2572 Lxx
631 2566 639 2581 ‚
658 2540 689 2573 iu
706 2541 839 2584 Vulgata
860 2547 966 2576 autem
980 2554 1010 2577 lx
1024 2568 1033 2585 ‚
1058 2554 1109 2585 ις).
1134 2560 1176 2568 --
1197 2551 1210 2568 ²
1237 2543 1426 2586 Ihm-juxta

43 2602 118 2634 Lxx,
135 2592 167 2625 in
184 2594 316 2635 Vulgata
333 2598 440 2628 autem
453 2606 500 2637 iv,
515 2595 570 2637 24.
