1872 3267
384 299 466 338 278
822 307 856 336 s.
892 307 1123 339 Aucuscrnvr
1155 311 1338 338 Emscom
1814 353 1819 361 ἡ

381 383 433 419 ut
452 389 530 434 pcr
548 371 865 434 confessionem
878 361 1193 434 exprirfiantur,
1215 384 1258 419 et
1268 390 1344 435 per
1357 376 1536 435 gratiam
1550 391 1649 437 quae
1666 375 1766 421 data
1802 369 1819 440 ζ

382 454 446 489 est
467 442 671 489 Ecclesia:
693 443 967 501 aboleantur,
990 446 1074 490 hoc
1091 455 1178 504 est,
1200 455 1416 504 tegantur,
1441 446 1559 490 unde
1575 446 1735 492 dicitur
1753 466 1762 492 :
1808 441 1819 454 ⁷

385 535 406 558 «
438 514 562 560 Beati
580 530 770 576 quorum
790 515 977 559 remissae
998 526 1100 561 sunt
1114 516 1364 578 iniquitates
1382 525 1631 579 etnquorum
1652 526 1766 562 tecta

383 605 404 629 n
439 595 542 635 sunt
556 595 734 647 peccata
747 587 778 630 1.
798 603 818 627 n
839 586 1004 631 Deinde
1019 587 1151 648 jubet
1170 603 1219 631 ea
1239 585 1336 634 vela
1352 587 1563 648 cooperiri
1579 587 1767 648 pellibus

380 657 575 702 arietinis
601 657 840 702 rubricatis.
869 657 990 702 Aries
1011 667 1158 702 autem
1180 658 1425 703 rubricatus
1441 693 1452 714 ,
1484 658 1555 702 cui
1583 673 1672 702 non
1693 674 1767 703 oc·
1804 663 1815 722 λζ’

380 737 527 773 currat
559 728 755 773 Christus
791 727 989 788 passione
1029 730 1312 773 cruentatus?
1351 728 1660 787 significantur
1702 729 1768 772 his
1850 730 1855 745 ⁹

381 800 511 845 etiam
543 802 756 857 Martyres
788 799 951 854 sancti,
983 815 1171 860 quorum
1207 799 1477 858 orationibus
1507 800 1768 860 propitiatur

379 874 495 915 Deus
529 870 714 930 peccatis
750 869 902 930 populi
932 870 1012 915 sui.
1054 871 1160 931 Ipsis
1190 870 1380 932 denique
1419 871 1768 931 superjaciuntur
1798 895 1809 915 =.
1846 919 1850 926 .

379 941 514 1004 pelles
545 942 869 1000 hyacinthinae,
894 951 943 986 ut
969 942 1237 1002 significetur
1257 943 1346 988 vita
1367 951 1530 988 aeterna
1550 942 1768 988 viriditate

377 1021 589 1074 tanquam
609 1014 754 1071 vigore
777 1023 1003 1074 perpetuo.

883 1122 1120 1173 QUAESTJO
1151 1122 1250 1164 clx.

445 1243 466 1267 «
491 1227 643 1270 FAcms
665 1223 775 1269 duos
797 1224 1048 1269 anconiscos
1070 1224 1287 1269 columnae
1310 1224 1388 1269 uni
1416 1223 1696 1269 consistentes
1719 1239 1769 1268 ex
1852 1274 1855 1279 ¹

385 1313 406 1338 »
443 1295 622 1340 adverso
639 1299 657 1322 ²
683 1314 692 1340 ε
716 1296 801 1339 hoc
823 1304 886 1339 est
902 1330 912 1350 ,
938 1310 1078 1339 unum
1099 1295 1202 1339 hinc
1218 1330 1229 1350 ,
1254 1305 1298 1339 et
1323 1311 1463 1340 unum
1486 1293 1587 1338 inde
1603 1330 1614 1350 ,
1640 1294 1694 1338 de
1710 1293 1771 1338 la·
1816 1308 1817 1311 ’
1845 1288 1865 1330 3

381 1366 545 1425 teribus
560 1365 792 1411 columnae.
815 1365 1080 1410 Anconiscos
1097 1374 1243 1409 autem
1265 1364 1391 1421 dicit,
1412 1381 1521 1426 quos
1543 1359 1769 1423 vulgo‘vo-
1847 1359 1851 1370 ’

383 1452 531 1481 camus
555 1452 741 1482 ancones
757 1471 768 1492 ,
789 1435 900 1480 sicut
922 1444 1024 1480 sunt
1044 1435 1091 1479 in
1111 1434 1324 1480 columnis
1347 1434 1557 1479 cellarum
1578 1436 1768 1480 vinaria—
1814 1461 1815 1474 2

383 1523 481 1552 rum
498 1543 508 1563 ,
540 1507 700 1568 quibus
729 1506 993 1551 incumbunt
1014 1505 1132 1565 ligna
1160 1521 1259 1566 quae
1281 1521 1413 1566 cupas
1436 1504 1598 1550 ferunt.
1630 1510 1771 1552 Ducta
1792 1509 1815 1539 ἵ
1867 1502 1872 1529 ⁵

382 1589 446 1625 est
462 1589 608 1624 autem
625 1578 863 1623 similitudo
877 1578 999 1623 verbi
1015 1594 1037 1622 a
1055 1577 1229 1633 cubitis,
1247 1577 1325 1621 ubi
1341 1577 1581 1622 flectuntur
1595 1593 1766 1634 manus,

380 1652 542 1713 quibus
572 1650 838 1696 incumbunt
867 1649 1192 1705 recumbentes,
1233 1649 1311 1709 qui
1345 1664 1484 1708 graece
1521 1657 1658 1704 α’γκῶνες
1689 1665 1769 1695 vo-
1812 1668 1813 1671 ¹

384 1732 555 1768 cantur.

900 1811 1137 1866 QUAEsrlo
1167 1815 1248 1856 cx.

449 1941 470 1964 «
488 1923 618 1965 BAsEs
640 1917 940 1963 columnarum
960 1915 1067 1961 duas
1084 1916 1200 1972 uni3.
1220 1935 1240 1958 »
1261 1919 1388 1961 Bases
1404 1932 1494 1962 non
1508 1931 1577 1962 eas
1598 1906 1772 1962 tanturn
1808 1912 1810 1931 ³

381 1991 556 2039 videtur
578 1989 721 2035 dicere
755 1989 1000 2048 Scriptura,
1039 1987 1199 2048 quibus
1231 1986 1449 2032 columnae
1481 1988 1535 2032 ab
1568 1988 1657 2033 imo
1686 1982 1775 2033 ful..
1808 2022 1809 2033 ¹

382 2064 559 2108 ciuntur
582 2081 590 2105 :
611 2060 685 2105 sed
707 2059 835 2104 etiam
857 2058 1118 2118 superiores,
1139 2074 1238 2119 quae
1258 2057 1457 2118 capitella
1473 2074 1550 2103 nos
1568 2058 1768 2104 dicimusss

382 2133 489 2179 Ideo
521 2131 652 2175 dicit:
692 2149 712 2172 «
737 2133 850 2174 Duas
874 2129 997 2173 bases
1030 2128 1246 2173 columnae
1274 2130 1350 2173 uni
1378 2129 1423 2174 in
1458 2130 1606 2174 ambas
1628 2119 1770 2190 partes

384 2223 405 2247 >›
442 2204 548 2264 ejus.
572 2220 591 2243 »
612 2204 722 2247 Nam
744 2216 842 2262 qua:
864 2210 966 2245 sunt
988 2200 1127 2244 ambae
1148 2208 1312 2259 partes,
1337 2200 1417 2245 nisi
1437 2199 1616 2246 inferior
1633 2209 1676 2245 et
1697 2216 1770 2245 su-
1804 2203 1807 2246 ἕ

385 2274 558 2336 perior?

891 2377 1128 2428 QUAESTIO
1159 2378 1258 2419 cxi.

438 2488 564 2539 Qtzon
581 2493 679 2529 octo
696 2481 918 2528 columnas
936 2491 978 2525 et
991 2482 1112 2525 bases
1130 2496 1274 2524 earum
1291 2479 1504 2524 sexdecim
1521 2479 1764 2533 secundum
1800 2480 1804 2518 ἑ

377 2556 671 2615 supradictam
698 2554 907 2598 rationem
938 2569 958 2595 a
984 2552 1289 2611 posterioribus
1314 2551 1581 2595 tabernaculi
1614 2543 1759 2610 Scrip-⁵
1799 2580 1802 2586 .
1864 2585 1871 2612 Γ

432 2660 440 2674 ¹
462 2652 540 2684 Psal.
559 2663 646 2691 xxxi,
675 2663 700 2683 ῐ.
723 2668 763 2673 —
785 2658 796 2672 Ε
814 2650 911 2681 le.
940 2660 1024 2689 xxvi,
1055 2649 1302 2690 17,j=1xiamx,
1318 2665 1358 2670 ——-
1379 2646 1391 2669 3
1418 2648 1497 2679 Ibid.
1520 2658 1578 2679 ·.›.1.
