1872 3267
333 231 600 264 Quizs'rion'sss
634 231 676 257 m
710 231 877 258 ituicsss
896 248 906 268 ,
942 231 1020 257 Lm.
1060 232 1135 256 vii.
1340 220 1421 257 573

38 294 195 339 delicet
218 295 431 354 praeclaris
446 305 489 339 et
506 294 777 339 mirabilibus
800 295 1019 355 operibus,
1040 311 1118 355 per
1138 311 1238 356 quae
1260 294 1423 340 sactum

37 374 101 410 est
123 374 223 410 ante
245 364 341 411 illos
365 374 413 410 ut
432 365 563 410 Isra'e‘l
584 365 711 410 sciret
728 367 978 410 Dominum.

542 474 778 524 Qui-Esfrio
810 476 911 515 xvi.

98 595 118 617 «
143 578 208 620 ET
229 576 471 621 servierunt
491 575 594 620 Baal
628 585 671 621 et
692 577 935 621 Astartibus
952 579 980 620 ¹.
1009 594 1029 618 »
1063 575 1182 621 Solet
1209 574 1295 620 dici
1322 575 1426 620 Baal

34 661 197 691 nomen
226 662 316 691 esse
346 646 463 707 apud
485 656 632 705 gentes
654 646 828 692 illarum
856 648 1046 707 partium
1075 647 1193 693 Jovis
1210 682 1220 702 ‚
1254 651 1425 691 Astarte

34 726 180 762 autem
198 719 382 762 lunonis
397 753 408 773 ‚
429 717 549 778 quod
572 728 614 762 et
635 718 786 778 lingua
802 720 960 779 punica
978 728 1158 779 putatur
1178 719 1421 763 ostendere.

32 789 142 834 Nam
158 786 262 832 Baal
281 788 430 832 Punici
452 787 658 832 videntur
672 788 814 834 dicere
836 790 1095 845 Dominum3
1116 789 1235 833 unde
1251 787 1426 832 Baalsa-

33 873 135 902 men
151 893 161 913 ‚
187 859 310 918 quasi
328 859 565 903 Dominum
585 859 685 904 coeli
701 895 712 914 ‚
738 860 1044 919 intelliguntur
1061 859 1204 904 dicere
1230 879 1238 903 :
1269 863 1427 904 Samen

31 928 196 989 quippe
218 928 336 989 apud
357 945 429 974 eos
449 929 550 974 coeli
573 929 862 990 appellantur.
886 934 909 975 J
916 947 1002 975 uno
1021 940 1164 975 autem
1183 931 1274 975 sine
1295 929 1428 974 dubi-

32 999 196 1043 tatione
226 1000 283 1043 ab
311 999 395 1044 illis
423 1004 593 1045 Astarte
616 1010 812 1045 vocatur.
838 1004 895 1045 Et
917 1001 1123 1062 quoniam
1151 1002 1241 1045 istae
1266 1000 1426 1059 linguae

31 1085 122 1114 non
145 1069 337 1114 multum
368 1070 481 1114 inter
515 1086 558 1115 se
590 1070 826 1126 differunt,
860 1072 1015 1115 merito
1044 1071 1236 1115 creditur
1268 1071 1338 1115 hic
1371 1069 1427 1114 de

31 1139 130 1184 filiis
152 1140 283 1184 Isra'e'l
304 1141 388 1185 hoc
409 1140 553 1185 dicere
575 1143 796 1200 Scriptura
813 1177 823 1196 ,
854 1141 975 1202 quod
996 1141 1099 1185 Baal
1121 1141 1363 1185 servierunt
1384 1149 1428 1184 et

30 1211 302 1265 Astartibus‚
334 1211 438 1271 quia
468 1211 564 1255 Jovi
588 1220 629 1255 ct
658 1212 923 1255 Junonibus.
956 1214 1044 1256 Nec
1069 1227 1243 1255 movere
1265 1211 1424 1265 debet,

31 1280 153 1340 quod
171 1297 260 1325 non
277 1280 387 1325 dixit
405 1282 579 1336 Asiani,
597 1280 642 1324 id
657 1291 736 1337 est,
750 1285 773 1326 J
781 1282 914 1326 unoni
928 1303 938 1339 3
953 1280 1030 1325 sed
1050 1290 1254 1341 tanquam
1277 1280 1427 1325 multae

32 1351 119 1396 sint
151 1354 173 1396 J
181 1367 344 1395 unones
362 1387 372 1407 ,
412 1351 639 1411 pluraliter
669 1352 753 1396 hoc
783 1367 945 1395 nomen
973 1352 1133 1410 posuit.
1160 1351 1229 1395 Ad
1251 1349 1430 1395 simula-

33 1437 207 1466 crorum
239 1422 355 1465 enim
390 1421 722 1465 multitudinem
768 1421 919 1465 referri
952 1420 1093 1465 voluit
1126 1421 1426 1475 intellectum,

34 1492 242 1554 quoniam
264 1492 616 1553 unumquodque
639 1495 662 1536 J
670 1493 823 1536 unonis
849 1491 1129 1537 simulacrum
1159 1495 1275 1536 Juno
1296 1508 1429 1536 voca-

34 1564 165 1608 batur
192 1582 200 1607 :
226 1579 274 1607 ac
301 1579 378 1623 per
399 1563 483 1607 hoc
506 1572 571 1607 tot
600 1566 795 1607 Junones
814 1598 824 1617 ‚
853 1573 962 1622 quot
984 1562 1213 1607 simulacra
1245 1562 1431 1622 intelligi

35 1634 188 1679 voluit.
203 1634 433 1678 Varietatis
453 1643 598 1678 autem
613 1650 740 1678 causa
754 1634 951 1678 existimo
969 1637 992 1678 J
997 1650 1120 1678 ovem
1137 1633 1428 1692 singulariter,

37 1709 232 1751 Junones
259 1705 487 1765 pluraliter
524 1720 865 1750 commemorare
897 1705 1102 1750 voluisse.
1135 1708 1244 1750 Nam
1281 1705 1430 1749 eadem

38 1794 164 1823 causa
194 1776 385 1837 plurium
426 1776 757 1821 simulacrorum
781 1778 910 1821 etiam
944 1780 1071 1821 Joves
1101 1777 1326 1836 pluraliter
1349 1777 1435 1821 dici

38 1858 226 1910 possent.
251 1851 343 1893 Hoc
366 1857 511 1892 autem
529 1883 539 1903 ,
575 1847 620 1892 id
643 1858 707 1892 est
724 1884 734 1903 ‚
761 1849 936 1892 nomine
963 1848 1121 1908 plurali
1143 1852 1167 1892 J
1172 1864 1337 1893 unoncs
1352 1884 1362 1903 ‚
1388 1849 1434 1892 in

42 1919 189 1980 graecis
212 1918 452 1963 secundum
480 1920 759 1978 Septuaginta
784 1920 1036 1978 reperimus,
1064 1920 1107 1962 in
1123 1919 1265 1963 latinis
1288 1928 1435 1963 autem

42 1990 317 2049 singulariter
340 1999 446 2033 erat.
473 1992 670 2043 Quorum
693 1991 737 2033 in
760 1990 923 2050 illoqui
939 2006 1029 2034 non
1046 1990 1237 2034 habebat
1258 1993 1438 2050 Septua-

43 2062 159 2119 ginta
202 2060 604 2119 interpretationem
619 2096 629 2114 ,
669 2059 743 2104 sed
787 2076 837 2104 cx
869 2061 1046 2105 hebraeo
1075 2069 1166 2105 erat
1186 2097 1196 2114 ‚
1234 2061 1437 2104 Astaroth

43 2131 254 2190 legimus3
279 2147 360 2175 nec
384 2130 502 2185 Baal⁷
529 2130 603 2174 sed
623 2130 801 2174 Baalim.
822 2131 950 2184 Quod
972 2132 1004 2175 si
1026 2130 1135 2175 forte
1158 2130 1277 2174 aliud
1300 2131 1346 2174 in
1366 2131 1440 2175 he-

45 2202 162 2247 braea
184 2202 253 2246 vel
281 2217 377 2260 syra
399 2201 549 2260 lingua
570 2202 746 2246 nomina
772 2203 852 2246 ista
874 2203 1139 2261 significant,
1167 2202 1270 2246 deos
1292 2212 1439 2246 tamen

48 2273 152 2317 alios
181 2273 315 2318 fuisse
341 2281 511 2318 constat
544 2281 587 2316 et
614 2270 769 2326 falsos,
808 2273 969 2333 quibus
1000 2271 1129 2317 lsrael
1162 2273 1319 2317 servire
1352 2288 1443 2317 non

49 2343 217 2389 debuit.

102 2448 108 2462 ¹
134 2441 236 2472 indic.
259 2442 363 2482 11,13.
