1872 3267
361 234 629 275 QUAESTIONES
658 238 703 264 nv
735 236 944 274 EXODIJM‚
980 237 1063 263 Lus.
1099 237 1146 262 11.
1359 223 1444 261 319

60 303 298 348 aulaeorum
320 302 376 348 de
399 304 529 362 bysso
556 312 692 358 torta,
718 311 763 347 et
789 302 1054 360 hyacintho,
1085 309 1128 344 et
1148 314 1343 360 purpura
1360 334 1371 355 ,
1402 308 1448 344 et

58 389 188 419 cocco
205 383 342 430 torto,
364 373 603 420 Cherubim
626 388 756 433 opere
778 373 995 427 textoris¹‚
1021 378 1156 415 ἀυὶαὶοις
1177 386 1284 431 quas
1306 369 1448 415 Graeci

59 444 306 504 appellant,
341 445 483 489 Latini
508 444 645 489 aulaea
673 444 929 504 perhibent,
967 442 1289 504 quaslcortinas
1316 441 1449 499 vulgo

60 526 232 561 vocant.
264 519 362 562 Non
386 531 487 575 ergo
509 515 659 560 decem
682 516 791 560 atria
820 516 912 560 fieri
935 515 1089 576 jussit,
1123 513 1236 558 sicut
1268 513 1449 574 quidam

60 587 330 646 negligenter
360 587 630 647 interpretati
653 596 754 631 sunt
781 602 792 625 t
828 602 917 631 non
939 585 1056 630 enim
1078 591 1198 639 ἄυλὰς,
1219 583 1295 628 sed
1317 591 1452 629 ἀυλαίας

60 658 184 702 dixit.
210 659 351 718 Opere
374 674 477 717 ergo
499 658 635 702 textili
657 658 894 703 Cherubim
918 657 1043 718 jussit
1069 656 1115 699 in
1137 654 1283 699 aulaeis
1305 654 1398 698 fieri
1413 655 1447 709 ²,

61 745 250 789 quorum
272 728 510 774 aulaeorum
526 728 847 788 longitudinem
869 743 958 772 esse
975 726 1182 788 praecepit
1202 725 1452 771 cubitorum

62 800 356 860 viginti-octo,
375 810 418 844 et
434 799 711 844 latitudinem
729 800 978 845 cubitorum
996 807 1199 860 quatuor.
1221 798 1452 843 Cohaerere

65 881 210 916 autem
233 872 417 916 invicem
437 871 573 916 aulaea
588 907 599 927 ⁷
627 881 669 915 et
687 871 894 932 conjungi
907 871 1020 914 inter
1041 886 1085 914 se
1101 869 1298 930 quinque
1320 868 1423 913 hinc
1439 903 1450 921 ‚

65 952 108 986 et
129 943 325 1003 quinque
342 943 460 998 inde,
476 953 526 988 ut
543 944 731 1003 spatium
747 943 867 1004 quod
886 944 946 986 eis
962 943 1224 1001 cingeretur,
1245 943 1330 986 hoc
1347 950 1456 986 esset

69 1013 333 1058 tabernaculi
352 1014 540 1073 spatium
555 1016 586 1058 3.
609 1013 841 1067 Quomodo
859 1022 1005 1057 autem
1028 1013 1141 1056 inter
1158 1027 1202 1056 se
1220 1021 1455 1056 connecte-

67 1093 218 1128 rentur
248 1085 400 1129 eadem
422 1086 555 1146 quina
584 1085 721 1129 aulaea
738 1121 748 1141 a
776 1085 833 1129 ita
856 1084 1062 1144 praecepit
1086 1103 1094 1128 z
1126 1103 1146 1125 «
1171 1083 1317 1127 Facies
1340 1082 1424 1127 illis
1442 1118 1454 1137 ‚

70 1174 90 1196 »
126 1156 293 1216 inquit,
322 1172 443 1200 ansas
466 1156 767 1214 hyacinthinas
789 1156 833 1199 in
863 1171 936 1199 ora
966 1170 1134 1198 summa
1164 1153 1290 1198 aulaei
1327 1154 1458 1198 unius

71 1245 91 1268 n
126 1242 174 1270 ex
198 1243 286 1271 una
307 1237 430 1287 parte
452 1228 496 1271 in
518 1227 845 1272 commissuram
874 1246 882 1271 ;
915 1235 958 1270 ct
987 1227 1045 1270 sic
1078 1220 1210 1270 facies
1232 1240 1361 1285 super
1383 1240 1459 1269 ora

71 1316 92 1339 >›
127 1313 294 1342 summa
331 1299 387 1342 ad
425 1298 750 1343 commissuram
786 1296 1022 1343 secundam
1039 1297 1054 1322 ⁴
1082 1317 1090 1341 2
1120 1316 1139 1337 n
1174 1296 1220 1340 id
1253 1305 1317 1340 est
1333 1332 1343 1351 ‚
1380 1295 1460 1339 ubi

68 1370 356 1415 committitur
389 1370 579 1414 aulaeum
619 1370 781 1426 aulaeo,
817 1371 995 1414 tertium
1036 1369 1200 1414 scilicet
1235 1368 1429 1413 secundo
1446 1403 1457 1423 ‚

70 1442 191 1503 quod
217 1441 458 1487 secundum
474 1444 565 1502 jam
587 1458 687 1487 cum
710 1443 851 1502 primo
875 1441 1156 1486 commissum
1179 1449 1243 1485 est
1260 1476 1270 1496 ‚
1299 1439 1343 1484 id
1368 1449 1431 1484 est
1447 1474 1458 1494 ‚

70 1514 357 1574 conjunctum
377 1522 506 1574 atque
525 1529 770 1557 connexum
784 1548 794 1567 ‚
827 1512 983 1557 faciem
1000 1521 1151 1557 contra
1173 1510 1329 1556 faciem
1357 1526 1464 1555 con-

72 1584 262 1628 sistentia
277 1599 328 1628 ex
345 1583 525 1628 adverso
543 1583 710 1642 singula
729 1603 738 1628 :
763 1583 970 1644 quoniam
992 1584 1105 1627 inter
1125 1598 1168 1627 se
1184 1582 1311 1643 jussit
1329 1582 1465 1643 quina

72 1655 303 1714 conjungi,
342 1663 390 1698 ut
419 1670 471 1698 ex
502 1653 682 1698 adverso
712 1654 1096 1699 constituerentur.
1129 1656 1287 1698 Utrum
1317 1662 1465 1697 autem

73 1724 291 1785 quadrum
311 1724 496 1784 spatium
521 1724 585 1768 his
602 1724 953 1780 concluderetur,
981 1740 1036 1768 an
1060 1723 1300 1768 rotundum
1316 1759 1326 1779 ‚
1352 1738 1466 1767 non-

73 1793 181 1838 dum
213 1805 393 1855 apparet
421 1815 429 1839 ;
457 1794 533 1839 sed
561 1795 784 1855 apparebit
817 1811 919 1840 cum
952 1794 1007 1839 de
1041 1794 1254 1839 columnis
1284 1793 1467 1854 coeperit

76 1865 247 1921 dicere,
283 1866 440 1926 quibus
469 1865 796 1925 protenduntur
824 1865 976 1909 aulaea.
1008 1868 1107 1910 Non
1145 1880 1248 1924 ergo
1280 1864 1467 1924 amplius

75 1953 207 1998 quam
225 1938 279 1982 de
296 1939 429 1982 trium
451 1939 719 1982 connexione
736 1937 879 1981 dicere
901 1936 1041 1982 voluit
1057 1973 1066 1991 ‚
1094 1953 1194 1997 quae
1214 1937 1265 1980 fit
1286 1937 1330 1980 in
1352 1936 1467 1981 dua-

76 2008 157 2052 bus
178 2009 467 2054 commissuris
484 2044 494 2063 ,
525 2007 705 2053 secundi
723 2008 776 2052 ad
802 2008 1016 2067 primum,
1042 2017 1085 2052 et
1110 2006 1225 2051 tertii
1247 2006 1303 2051 ad
1317 2022 1469 2051 secun—

79 2078 200 2135 dum,
226 2088 276 2123 ut
303 2095 353 2123 ex
384 2080 466 2124 hac
495 2078 632 2123 veluti
653 2077 801 2136 regula
820 2088 975 2123 caetera
997 2079 1302 2139 jungerentur.
1334 2081 1469 2122 Ansas

79 2166 180 2211 ergo
197 2151 404 2211 praecepit
417 2151 508 2195 fieri
522 2151 662 2210 primo
675 2150 813 2195 aulaeo
831 2150 1150 2211 quinquaginta
1164 2165 1215 2194 ex
1225 2165 1313 2194 una
1329 2159 1467 2210 parte,

81 2239 165 2283 qua
187 2222 250 2267 illi
272 2221 414 2267 fuerat
435 2221 798 2267 committendum
822 2221 1093 2279 secundum3
1126 2231 1170 2266 et
1193 2238 1313 2266 ansas
1336 2222 1470 2282 quin-

80 2295 285 2356 quaginta
298 2294 426 2339 tertio
444 2293 583 2339 aulaeo
601 2309 653 2337 ex
673 2309 722 2338 ea
739 2303 886 2354 parte,
912 2309 1000 2355 qua
1018 2293 1212 2338 secundo
1234 2293 1470 2353 conjunge-

82 2366 210 2410 batur
233 2385 242 2410 :
268 2366 412 2425 ipsum
434 2374 580 2409 autem
611 2363 852 2409 secundum
870 2400 881 2420 ,
915 2363 962 2408 id
989 2375 1078 2420 est,
1110 2364 1226 2408 inter
1261 2373 1470 2424 utrasque

84 2452 201 2481 ansas
223 2437 552 2497 quinquagenas
573 2435 783 2491 medium,
801 2433 986 2480 circulos
1003 2435 1165 2479 habere
1180 2434 1321 2480 voluit
1338 2434 1472 2495 quin-

85 2507 289 2567 quaginta
311 2522 462 2552 aureos
478 2542 490 2562 ,
514 2506 668 2566 utique
685 2521 736 2550 ex
760 2521 846 2549 una
867 2515 989 2566 parte
1005 2540 1016 2560 ‚
1047 2521 1125 2565 per
1151 2521 1262 2566 quos
1283 2506 1472 2565 conjun-

136 2599 144 2614 ¹
166 2592 264 2624 Exod.
287 2603 424 2634 xxV1,1.
454 2609 491 2614 —-
511 2591 670 2623 ²1bid.2.
697 2608 736 2614 -—
759 2589 921 2623 ³1bid.3.
944 2608 985 2613 ——
1004 2588 1019 2619 4
1034 2590 1117 2623 Ibid.
1135 2589 1167 2632 4.
