1872 3267
334 288 600 323 QcAEs‘rmNEs
632 289 677 315 ιΝ
710 286 862 325 JOSUE,
898 288 979 314 Lm.
1017 287 1076 313 vi.
1312 273 1397 313 549

515 403 752 454 QUAEsrio
785 405 887 444 xlx.

68 526 88 550 «
123 509 188 551 ET
209 521 297 552 non
316 505 508 567 perdidit
526 508 731 567 Ephraem
749 508 1046 553 Chananaeum
1072 506 1148 566 qui
1167 505 1396 552 habitabat

7 595 28 620 »
62 578 108 621 in
131 578 267 621 Gazer
294 598 302 622 ;
334 586 376 621 et
398 577 627 622 habitabat
649 579 924 623 Chananaeus
944 578 990 621 in
1028 577 1231 636 Ephraem
1255 592 1394 637 usque

4 666 25 691 »
59 648 105 691 in
128 648 242 691 diem
265 649 417 702 istum,
442 646 579 692 donec
617 648 808 694 ascendit
842 650 1008 693 Pharao
1043 662 1117 691 rex
1146 647 1328 707 AEgypti
1350 656 1393 692 et

0 737 26 778 ¹»
62 719 178 778 cepit
208 719 451 773 civitatem,
485 728 529 763 et
562 719 756 764 incendit
792 735 886 763 eam
918 719 962 762 in
997 718 1118 777 igni:
1145 727 1188 762 et
1218 718 1395 763 Chana-

0 807 22 832 n
57 805 190 845 naeos,
217 799 260 834 et
283 791 554 845 Ploerezaeos,
578 799 620 834 et
637 791 714 850 qui
741 790 1001 834 habitabant
1019 789 1065 832 in
1089 790 1224 833 Gazer
1246 798 1389 834 trans-

0 854 21 903 '»
56 862 211 921 punxit
237 882 245 906 :
273 871 316 906 et
349 860 471 906 dedit
500 877 594 906 eam
625 863 792 906 Pharao
825 863 871 906 in
904 862 1052 906 dotem
1086 860 1186 905 filiae
1209 863 1338 906 suae¹.
1370 883 1388 903 »

0 931 126 985 Quod
154 931 209 976 de
234 933 459 976 Pharaone
489 947 590 992 rege
616 932 783 977 dictum
806 941 891 986 est,
916 932 1049 976 miror
1075 932 1109 976 si
1137 931 1393 992 prophetice

0 1001 163 1048 dictum
195 1003 444 1063 intelligere
466 1003 704 1063 dcbemus3
735 1020 835 1049 cum
858 1005 953 1048 haec
975 1003 1152 1048 historia
1175 1003 1258 1047 illis
1280 1013 1394 1048 tem-

0 1074 174 1135 poribus
203 1075 452 1135 conscripta
485 1074 708 1131 credatur,
729 1076 889 1136 quibus
916 1083 1039 1118 erant
1070 1083 1188 1132 gesta
1218 1073 1290 1118 illa
1321 1090 1391 1119 re-

0 1146 149 1190 centia.
171 1145 288 1199 Quid
311 1155 458 1190 autem
477 1161 686 1205 magnum
709 1146 808 1204 eligi
827 1146 970 1206 potuit
992 1144 1113 1206 quod
1136 1145 1392 1205 prophetice

0 1214 233 1272 diceretur,
259 1233 360 1261 cum
383 1217 602 1277 praeterita
626 1226 880 1271 narrentur,
902 1225 1218 1276 taceanturque
1240 1215 1391 1261 futura

0 1288 177 1347 majora,
218 1297 261 1332 et
294 1289 479 1332 maxime
520 1288 791 1333 necessaria?
827 1286 1015 1332 Proinde
1055 1287 1201 1347 potius
1245 1287 1393 1330 existi-

0 1357 202 1402 mandam
222 1367 286 1402 cst
307 1359 589 1418 Septuaginta
612 1359 885 1418 interpretes,
911 1358 986 1418 qui
1009 1358 1266 1402 auctoritate
1283 1372 1389 1417 pro—

0 1428 163 1488 phetica
206 1444 256 1472 ex
295 1430 385 1488 ipsa
421 1428 610 1473 mirabili
653 1430 939 1473 consensione
986 1428 1259 1488 interpretati
1294 1442 1384 1472 esse

0 1499 302 1557 perhibentur,
336 1500 430 1543 haec
465 1498 704 1553 addidisse,
740 1515 830 1543 non
862 1509 1070 1560 tanquam
1098 1499 1246 1544 futura
1274 1514 1389 1559 prae-

0 1570 266 1625 nuntiantes,
287 1568 363 1613 sed
395 1570 496 1630 quia
531 1569 606 1614 illo
642 1579 838 1629 tempore
867 1571 946 1630 ipsi
980 1579 1124 1625 erant,
1151 1587 1240 1631 quo
1272 1570 1388 1618 facta

0 1655 80 1684 esse
101 1640 407 1694 meminerant,
428 1649 471 1684 et
489 1640 533 1683 in
551 1639 672 1684 libris
692 1644 942 1698 Regnorum
957 1641 1194 1700 legerant2.
1211 1643 1386 1688 Etenim

0 1725 141 1770 regum
181 1710 454 1770 temporibus
500 1709 665 1754 factum
714 1720 792 1755 est.
829 1710 959 1765 Quod
998 1711 1096 1756 ideo
1133 1711 1385 1759 credibilius

0 1781 113 1826 iobis
146 1781 289 1825 visum
322 1791 406 1836 est,
441 1783 649 1842 quoniam
685 1784 948 1843 inspeximus
980 1784 1385 1844 interpretationem

0 1868 86 1913 {uae
113 1861 177 1896 est
200 1868 250 1896 ex
278 1852 480 1907 hebraeo,
503 1862 546 1897 et
570 1853 654 1897 hoc
677 1853 738 1896 ibi
761 1869 851 1897 non
873 1855 1147 1900 invenimus:
1170 1856 1283 1901 sicut
1304 1871 1385 1902 nec

3 1922 97 1967 llud
134 1923 254 1983 quod
287 1923 456 1967 dictum
488 1932 551 1967 est
582 1923 636 1967 de
660 1924 857 1980 Jericho,
891 1926 1012 1985 quod
1049 1929 1165 1970 Hoza
1188 1928 1266 1987 qui
1289 1942 1385 1972 eam

0 2003 243 2053 reparasset,
267 1994 499 2037 incurrerit
518 1993 802 2039 maledictum
821 1996 942 2055 quod
964 1995 1130 2041 dixerat
1153 2000 1290 2041 Jesus.
1315 1999 1385 2043 Sic

0 2065 101 2109 enim
114 2065 324 2124 scriptum
344 2074 422 2119 est,
439 2084 459 2107 «
478 2068 534 2109 Et
547 2065 765 2126 adjuravit
779 2070 802 2110 J
807 2083 903 2112 esus
917 2068 961 2111 in
978 2067 1051 2112 illa
1072 2067 1156 2112 die.
1175 2068 1383 2115 Maledic-

0 2154 9 2177 ›
43 2144 113 2180 tus
132 2136 264 2179 bomo
285 2136 362 2196 qui
383 2136 655 2180 resuscitabit
673 2146 715 2181 et
735 2137 970 2182 aedificabit
990 2139 1210 2183 civitatem
1230 2139 1350 2185 illam
1370 2160 1379 2187 ι

0 2224 9 2247 )
42 2207 89 2250 in
111 2207 404 2266 primogenito
427 2223 505 2251 suo
528 2207 735 2252 fundabit
757 2224 875 2265 eam,
902 2219 945 2254 et
967 2210 1011 2253 in
1044 2211 1279 2255 novissimo
1301 2228 1381 2257 suo

0 2294 8 2317 2
43 2277 239 2336 imponet
269 2287 413 2336 portas
438 2279 553 2337 ejus3
575 2298 584 2322 :
615 2299 632 2319 »
658 2280 744 2323 huc
774 2296 911 2340 usque
934 2280 1157 2323 invenitur
1180 2281 1225 2324 in
1243 2281 1381 2326 inter-

0 2347 226 2391 )retatione
254 2363 306 2391 ex
323 2347 516 2392 hebraeo.
551 2347 668 2392 Illud
697 2359 840 2393 autem
870 2350 992 2410 quod
1020 2350 1217 2410 sequitur
1242 2371 1250 2395 2
1281 2354 1379 2396 «Et

0 2434 9 2456 ›
43 2416 100 2460 ita
125 2416 224 2461 fecit
256 2421 372 2462 Hoza
407 2419 482 2479 qui
517 2434 567 2461 ex
603 2419 776 2474 Betbel,
804 2420 849 2463 in
882 2420 1049 2464 Abiron
1087 2421 1378 2479 primogenito

0 2504 8 2526 ›
42 2486 244 2531 fundavit
266 2503 382 2543 cam,
407 2498 450 2532 et
471 2489 516 2531 in
548 2488 758 2533 resalvato
789 2490 1020 2534 novissimo
1045 2491 1250 2549 imposuit
1272 2507 1374 2551 por-

32 2587 42 2605 ¹
62 2584 157 2615 Josue
173 2594 224 2615 xvi
238 2608 247 2625 ‚
270 2595 320 2617 10.
341 2601 383 2607 ——
403 2591 415 2608 ²
432 2584 450 2616 3
475 2587 551 2625 ch.
577 2595 623 2627 iv,
649 2583 687 2626 34
705 2585 799 2626 juxta
818 2597 892 2628 Lxx,
913 2587 943 2618 in
964 2587 1096 2627 Vulgata
1112 2591 1218 2618 autem
1234 2597 1265 2620 ix
1279 2612 1287 2628 ‚
1317 2587 1367 2620 16.

0 2653 28 2660 --
48 2635 172 2672 ³Josue
188 2650 231 2681 vl,
251 2640 304 2672 26.
