1872 3267
450 230 716 267 QUAESTIONES
747 230 792 256 m
824 227 1018 268 sumens,
1054 230 1136 257 Lm.
1173 231 1249 256 vn.
1453 217 1539 258 619

152 297 261 340 Nam
277 293 419 339 facere
437 295 621 339 hoedum
650 308 878 354 caprarum
900 308 987 337 non
1011 292 1120 338 solet
1141 292 1249 349 dici,
1270 293 1351 338 nisi
1373 308 1475 339 cum
1493 294 1542 338 fit

152 366 426 411 sacrificium.
449 367 646 428 Denique
668 375 711 410 et
734 364 806 409 ille
828 366 886 409 ita
908 364 1155 425 respondit:
1181 384 1200 407 «
1223 366 1267 411 Si
1283 366 1371 410 vim
1391 364 1543 411 feceris

154 455 175 478 »
210 437 332 492 mihi,
351 453 440 482 non
462 436 741 481 manducabo
763 435 818 480 de
840 436 1026 496 panibus
1048 437 1156 481 tuis¹
1180 455 1189 482 ε
1213 453 1233 478 »
1257 437 1336 481 uhi
1355 436 1546 483 ostendit

151 523 195 552 se
228 506 360 553 fuisse
389 508 444 552 ad
477 506 627 567 epulas
659 506 910 551 invitatum.
948 506 1114 552 Deinde
1150 507 1352 554 addidit:
1382 527 1402 550 «
1426 511 1483 554 Et
1510 508 1546 553 si

154 597 175 621 »
210 578 364 624 feceris
395 579 722 634 holocaustum,
756 578 943 623 Domino
979 579 1135 624 offeres
1164 578 1291 624 illud.
1328 598 1349 621 »
1385 580 1547 640 Utique

151 649 249 695 ideo
267 649 391 705 dixit,
421 670 441 692 «
467 650 509 695 Si
533 648 684 694 feceris
712 648 1043 704 holocaustum,
1072 667 1093 690 »
1123 649 1224 710 quia
1249 648 1322 694 ille
1356 649 1544 705 dixerat,

156 739 177 762 «
210 720 438 765 Faciamus
460 720 506 764 in
533 729 771 780 conspectu
802 729 878 764 tuo
906 719 1091 764 hoedum
1119 736 1365 780 caprarum.
1393 738 1414 762 n
1449 723 1548 766 Non

152 800 299 836 autem
321 807 451 837 omne
473 792 734 836 sacrificium
755 791 1063 837 holocaustum
1085 801 1176 836 erat
1195 811 1204 837 ε
1229 807 1331 848 nam
1354 791 1409 836 de
1427 791 1549 838 holo-

151 873 302 909 causto
324 880 413 908 non
442 864 816 920 manducabatur,
841 864 943 925 quia
977 873 1121 909 totum
1144 864 1484 919 incendebatur,
1505 873 1549 909 et

151 936 249 980 ideo
289 936 528 980 vocabatur
561 935 884 980 holocaustum.
929 934 1015 981 Sed
1053 935 1245 993 Angelus
1285 935 1415 979 etiam
1459 950 1549 979 non

150 1006 516 1062 manducaturus,
541 1006 847 1051 holocaustum
878 1007 1024 1067 potius
1056 1007 1151 1050 fieri
1184 1005 1437 1062 admonuit,
1457 1021 1548 1051 non

155 1087 298 1122 tamen
326 1077 431 1133 sibi,
455 1077 531 1122 sed
560 1078 747 1123 Domino
766 1098 774 1122 :
797 1087 977 1138 propter
999 1078 1083 1122 hoc
1105 1077 1292 1122 maxime
1313 1077 1415 1138 quia
1445 1091 1548 1135 gens

154 1148 284 1194 Israel
319 1148 395 1194 illo
427 1159 625 1210 tempore
662 1159 972 1205 consueverat,
1006 1148 1280 1211 quibuslibet
1321 1148 1401 1193 diis
1433 1148 1550 1193 falsis

151 1221 414 1266 sacrificare:
439 1221 556 1266 unde
579 1231 622 1266 et
644 1230 751 1266 tunc
774 1220 1018 1266 offenderat
1041 1224 1205 1276 Deum,
1230 1230 1281 1265 ut
1302 1219 1547 1266 traderetur

150 1293 336 1338 inimicis
355 1308 433 1353 per
454 1293 743 1354 quadraginta
765 1308 917 1337 annos.

660 1391 898 1442 QUAEsTlo
929 1393 1029 1432 [Ν.

210 1497 327 1548 Qum
355 1494 435 1539 sibi
461 1493 573 1551 vult,
598 1494 719 1556 quod
741 1503 1023 1555 posteaquam
1044 1493 1346 1538 manifestatus
1368 1503 1432 1539 est
1451 1497 1546 1540 Ma-

150 1570 238 1610 nue'
255 1575 298 1610 et
320 1566 443 1611 uxori
465 1566 555 1626 ejus
576 1566 794 1626 Angelus,
815 1567 891 1627 qui
919 1581 1020 1611 cum
1048 1566 1107 1610 eis
1128 1565 1416 1627 loquebatur,
1438 1567 1546 1613 dixit

145 1637 261 1682 idem
275 1641 436 1683 Manue'
451 1639 574 1683 uxori
590 1654 696 1684 suae:
720 1657 739 1680 «
754 1641 896 1683 Morte
910 1638 1164 1694 moriemur,
1182 1637 1390 1698 quoniam
1404 1641 1543 1683 Deum

149 1727 169 1750 »
206 1707 445 1753 vidimus²z
478 1728 497 1750 »
532 1724 582 1752 ex
603 1707 677 1752 illa
701 1707 865 1752 scilicet
893 1709 1020 1767 Legis
1050 1708 1287 1763 sententia,
1308 1708 1384 1752 ubi
1412 1709 1544 1770 scrip-

146 1789 240 1824 tum
264 1789 353 1825 est:
379 1799 399 1822 «
418 1782 556 1825 Nemo
574 1788 718 1839 potest
735 1779 890 1824 faciem
912 1794 1055 1823 meam
1076 1778 1224 1823 videre
1247 1788 1290 1823 et
1310 1780 1496 1825 viveress.
1521 1801 1540 1823 »

146 1851 452 1911 Opinabantur
493 1867 597 1910 ergo
633 1860 684 1894 ut
716 1850 916 1894 homines
954 1852 1094 1894 Deum
1125 1864 1169 1893 se
1201 1849 1381 1906 vidisse,
1420 1860 1543 1896 tanto

147 1922 302 1983 utique
326 1922 539 1968 miraculo
570 1920 709 1977 facto,
739 1920 860 1983 quod
881 1922 926 1966 in
955 1921 1042 1980 igni
1073 1921 1269 1966 sacrificii
1298 1922 1440 1979 stetit,
1466 1924 1542 1984 qui

147 2010 249 2039 cum
269 1993 352 2038 illis
373 1994 493 2055 prius
512 1995 636 2055 quasi
655 1995 790 2038 homo
811 1993 1091 2054 loquebatur.
1117 1992 1202 2038 Sed
1225 1996 1363 2038 Deum
1386 1995 1433 2038 in
1454 1998 1543 2040 An-

147 2065 264 2124 gelo,
295 2082 350 2110 an
378 2069 519 2110 Deum
552 2066 695 2125 ipsum
726 2064 944 2124 Angelum
978 2064 1293 2125 appellabant?
1325 2066 1392 2111 Sic
1423 2067 1540 2111 enim

147 2137 358 2197 scriptum
373 2147 437 2182 est
456 2157 464 2182 :
491 2157 511 2179 «
534 2140 593 2181 Et
615 2137 800 2197 sumpsit
819 2140 980 2182 Manue'
1003 2136 1187 2181 hoedum
1218 2152 1470 2197 caprarum,
1496 2148 1540 2183 et

151 2227 171 2249 »
207 2209 466 2254 sacrificium
484 2245 494 2264 ,
520 2218 564 2252 et
587 2207 747 2253 obtulit
773 2225 902 2269 super
923 2218 1091 2269 petram
1113 2209 1300 2253 Domino
1323 2209 1538 2255 mirabilia

151 2297 172 2320 η
207 2278 398 2336 facienti,
420 2290 463 2324 et
484 2283 645 2324 Manu&
663 2288 705 2323 et
723 2295 831 2324 uxor
848 2281 940 2340 ejus
962 2280 1264 2339 expectabant.
1290 2282 1347 2324 Et
1368 2279 1536 2324 factum

150 2370 171 2392 n
207 2360 271 2395 est
294 2349 402 2396 dum
432 2350 684 2396 ascenderet
707 2350 883 2394 flamma
904 2341 1090 2410 desuper
1113 2349 1248 2394 altare
1271 2349 1327 2394 ad
1349 2351 1535 2407 coelum,

153 2441 172 2462 »
209 2431 252 2466 et
271 2423 465 2466 ascendit
487 2421 679 2481 Angelus
697 2422 872 2466 Domini
889 2422 935 2466 in
953 2423 1142 2466 flamma.
1159 2425 1216 2466 Et
1232 2425 1393 2467 Manue
1408 2439 1538 2468 uxor-

153 2511 173 2532 »
209 2508 295 2552 que
330 2492 444 2537 illius
483 2493 769 2552 expectabant
806 2512 814 2537 :
852 2501 895 2536 et
927 2492 1179 2536 ceciderunt
1213 2508 1342 2552 super
1380 2492 1535 2538 faciem

201 2588 328 2619 ¹-lmlic.
352 2600 425 2629 5111,
449 2589 499 2621 16.
521 2606 560 2610 —
582 2595 593 2610 ²
609 2588 690 2619 Ibid.
712 2598 765 2620 xn.
793 2605 835 2609 —
850 2586 863 2611 3
883 2588 982 2619 Exod.
1008 2599 1116 2629 xxxui,
1142 2596 1195 2621 20.
