1872 3267
402 209 486 249 602
836 219 869 248 s.
907 220 1139 249 AUGUSTINI
1171 222 1354 249 Emscom

405 307 424 329 »
459 285 604 331 adhuc
642 285 811 331 dicam?
842 287 996 331 Deficit
1023 287 1138 331 enim
1167 302 1236 331 mc
1270 296 1443 347 tempus
1479 286 1709 331 enarrandi
1736 286 1792 332 de

403 375 424 399 »
461 356 662 413 Gedeon,
689 359 843 412 Barac,
872 359 1075 413 Samson,
1101 368 1143 402 et
1170 359 1354 418 Jephte‚
1381 368 1425 403 et
1452 357 1613 414 David,
1643 367 1687 403 et
1717 361 1793 404 Sa—

403 446 423 470 »
460 428 601 484 muel,
645 438 688 473 et
725 429 979 488 Prophetis,
1021 429 1096 489 qui
1129 445 1205 489 per
1237 430 1369 474 fidem
1395 430 1594 474 vicerunt
1629 445 1788 489 regna,

404 518 424 541 »
461 509 687 559 operantes
703 499 915 560 justitiam
934 500 1154 544 consecuti
1170 511 1272 545 sunt
1292 501 1593 561 promissiones
1613 503 1643 545 ¹.
1672 519 1692 542 »
1715 498 1793 545 Al-

401 580 566 625 terum,
592 571 713 632 quod
739 571 815 615 ubi
838 570 892 615 dc
926 570 1001 615 illo
1030 572 1108 615 ista
1131 583 1383 628 narrantur,
1408 573 1528 633 quod
1549 571 1634 616 tale
1662 588 1793 618 vove-

400 643 455 687 rit
477 652 520 687 et
540 642 784 702 impleverit
804 652 978 698 votum,
1000 643 1209 703 praemisit
1233 646 1451 705 Scriptura
1479 645 1651 690 dicens:
1681 664 1701 687 «
1734 648 1793 690 Et

403 734 423 757 »
460 713 600 759 factus
611 725 674 759 est
689 731 818 775 super
831 716 990 775 Jephte
1014 715 1196 775 Spiritus
1213 717 1384 761 Domini
1399 753 1410 771 ,
1437 726 1480 761 et
1503 717 1688 776 perrexit
1705 717 1792 761 Ga-

402 804 422 827 »
458 784 554 830 laad
584 795 627 829 et
657 789 878 841 Mamsse,
913 795 956 830 et
989 786 1156 831 transiit
1187 787 1406 847 speculam
1443 786 1631 842 Galaad‚
1661 795 1703 831 et
1736 787 1792 832 de

401 875 422 899 »
457 856 632 917 specula
656 856 819 902 Galaad
839 856 893 901 ad
916 867 1032 902 trans
1050 857 1160 902 filios
1184 861 1394 914 Ammon,
1419 868 1463 902 et
1492 868 1643 903 votum
1671 859 1792 903 vovit

403 947 423 971 >›
458 930 617 989 ,Iephte
635 929 862 985 Domino&
886 948 906 970 »
926 939 968 974 et
986 939 1140 974 caetera
1161 929 1215 974 ad
1235 931 1315 974 hoc
1333 931 1475 990 ipsum
1490 939 1641 974 votum
1656 930 1791 990 perti-

399 1001 547 1044 nentia
565 1019 573 1045 :
593 1010 642 1044 ut
660 1000 822 1055 omnia,
838 1017 936 1061 quae
952 1001 1155 1060 deinceps
1175 999 1285 1045 facta
1303 1010 1421 1056 sunt,
1438 1010 1645 1062 tanquam
1660 1017 1792 1061 opera

401 1071 584 1131 Spiritus
608 1072 803 1126 Domini⁷
841 1072 917 1132 qui
949 1088 1078 1131 super
1095 1088 1194 1116 eum
1219 1071 1355 1116 factus
1378 1081 1467 1127 est,
1508 1071 1791 1131 intelligenda

397 1141 644 1186 videantur.
666 1145 751 1186 Ista
769 1143 1014 1187 testimonia
1038 1159 1116 1187 nos
1137 1143 1406 1203 compellunt
1428 1158 1622 1204 quaerere
1647 1143 1790 1203 potius

398 1229 477 1257 cur
498 1214 663 1258 factum
687 1215 741 1258 sit
757 1250 767 1269 ‚
793 1230 923 1274 quam
948 1213 1073 1258 facile
1094 1215 1342 1274 improbare
1362 1215 1482 1276 quod
1510 1215 1676 1259 factum
1707 1223 1785 1259 est.

458 1287 536 1328 lx.
561 1284 645 1329 Sed
662 1286 803 1344 primo
820 1285 931 1328 illud
954 1284 1074 1344 quod
1096 1302 1145 1328 ex
1164 1285 1356 1344 Epistola
1375 1302 1474 1346 quae
1498 1286 1553 1329 ad
1583 1285 1790 1330 Hebraeos

396 1366 477 1411 est,
504 1356 838 1400 commemoravi
856 1392 866 1411 7
893 1357 1006 1400 inter
1023 1355 1118 1400 illos
1135 1355 1373 1400 laudabiles
1392 1357 1504 1400 viros
1526 1357 1601 1416 qui
1625 1357 1789 1401 ibidem

397 1427 673 1482 recoluntur,
705 1444 794 1471 non
828 1426 968 1471 solum
992 1437 1056 1471 est
1077 1428 1235 1486 Jephte
1251 1462 1262 1478 ,
1286 1427 1570 1470 verumetiam
1591 1427 1785 1484 Gedeon,

396 1498 451 1543 de
475 1514 565 1558 quo
593 1497 787 1542 similiter
818 1499 1037 1558 Scriptura
1060 1497 1189 1541 dicit:
1220 1517 1239 1539 «
1268 1497 1450 1557 Spiritus
1474 1497 1646 1542 Domini
1683 1514 1790 1543 con-

400 1589 418 1612 »
455 1568 632 1614 fortavit
656 1569 864 1614 Gedeon3
893 1589 901 1614 :
945 1588 963 1611 ³)
991 1579 1033 1614 et
1063 1579 1211 1613 tamen
1238 1571 1328 1630 ejus
1356 1567 1546 1624 factum,
1582 1569 1703 1630 quod
1733 1570 1789 1615 de

394 1639 470 1685 illo
504 1657 610 1685 auro
643 1641 803 1700 praedae
831 1651 1034 1700 operatus
1063 1650 1126 1684 est
1154 1641 1343 1700 Ephud‚
1380 1629 1692 1685 et⁸fornicatus
1725 1651 1788 1687 est

395 1721 492 1772 post
513 1711 625 1756 illud
648 1713 788 1756 omnis
810 1712 988 1766 lsrael&
1015 1721 1057 1756 et
1080 1711 1245 1756 factum
1274 1721 1337 1756 est
1366 1711 1516 1756 domui
1539 1711 1718 1756 Gedeon
1741 1713 1787 1756 in

395 1782 649 1828 scandalum
670 1819 681 1837 ‚
719 1799 809 1827 non
844 1783 982 1827 solum
1010 1783 1187 1827 laudare
1216 1799 1304 1827 non
1327 1799 1586 1842 possumus;
1616 1798 1787 1827 verum-

396 1855 523 1899 etiam
545 1855 643 1915 quia
666 1855 886 1914 Scriptura
911 1854 980 1898 hic
1009 1854 1273 1913 apertissime
1290 1854 1524 1914 judicavit,
1553 1854 1785 1913 reprobare

393 1926 573 1969 minime
590 1924 842 1969 dubitamus
859 1961 869 1980 ‚
896 1941 974 1968 nec
992 1934 1137 1968 tamen
1160 1941 1209 1967 ex
1227 1926 1310 1967 hoc
1333 1923 1420 1967 ulla
1441 1924 1490 1967 fit
1506 1923 1664 1984 injuria
1687 1925 1785 1984 Spi-

394 1997 496 2040 ritui
519 1997 713 2050 Domini„
737 1997 930 2057 quicum
950 1994 1233 2050 confortavit‚
1266 2004 1317 2039 ut
1342 1996 1485 2039 hostes
1512 1995 1663 2055 populi
1693 1998 1784 2057 ejus

394 2077 514 2112 tanta
538 2068 741 2112 facilitate
765 2076 1002 2126 superaret.
1029 2069 1118 2111 Cur
1140 2082 1242 2126 ergo
1262 2067 1376 2110 inter
1398 2066 1494 2110 illos
1517 2082 1785 2112 commemo-

394 2149 515 2184 ratur
521 2176 536 2195 ,
562 2140 636 2200 qui
654 2155 730 2200 per
751 2140 882 2183 fidem
901 2139 1098 2183 vicerunt
1120 2155 1273 2198 regna,
1298 2146 1526 2198 operantes
1544 2139 1755 2199 justitiam
1770 2175 1780 2195 ,

394 2212 474 2255 nisi
497 2212 597 2272 quia
626 2221 772 2256 sancta
799 2212 1016 2270 Scriptura
1040 2226 1228 2271 quorum
1262 2210 1393 2254 fidem
1418 2219 1548 2271 atque
1569 2211 1784 2271 justitiam

393 2283 601 2327 veraciter
614 2282 762 2326 laudat
779 2317 789 2337 ‚
811 2298 897 2326 non
915 2282 1014 2326 hinc
1027 2281 1263 2341 impeditur
1275 2297 1427 2325 eorum
1443 2290 1569 2324 etiam
1587 2291 1778 2340 peccata,

392 2354 425 2397 si
447 2370 532 2413 qua
547 2353 669 2397 novit
690 2363 733 2397 et
754 2361 952 2413 oportere
968 2353 1158 2412 judicat,
1186 2361 1337 2396 notare
1348 2352 1556 2396 veraciter
1573 2354 1590 2396 P
1607 2355 1716 2396 Nam
1740 2361 1783 2396 et

393 2425 439 2469 in
461 2441 512 2469 eo
534 2425 653 2486 quod
670 2425 786 2469 idem
804 2424 981 2469 Gedeon
1000 2425 1170 2482 signum
1194 2434 1342 2484 petens
1360 2460 1370 2480 ,
1402 2424 1513 2468 sicut
1545 2424 1635 2484 ipse
1656 2423 1781 2468 locu-

443 2528 450 2543 ¹
474 2521 570 2552 Hebr.
597 2533 640 2560 xi,
660 2521 720 2563 32,
741 2522 792 2553 33.
814 2539 856 2543 -—
877 2528 889 2543 ²
915 2521 1154 2563 Ju‹tic.x1,29.
1175 2538 1216 2542 ——
1236 2518 1315 2553 ³1d.
1340 2531 1384 2562 Vt,
1405 2518 1455 2552 3-2.
1476 2517 1610 2551 -41d.
1634 2531 1699 2559 vui,
1715 2528 1768 2561 (27.
