1872 3267
353 215 618 252 Quaesrrmms
651 215 695 242 m
726 215 941 252 amusim,
978 215 1060 241 mn.
1097 215 1126 241 1.
1354 200 1431 239 151

53 291 236 337 aeterna,
256 282 428 327 nonnisi
455 280 511 326 ad
534 283 651 326 Isaac
673 280 910 341 pertineat,
935 281 1018 325 hoc
1039 288 1103 325 est
1124 279 1180 324 ad
1202 278 1312 324 filios
1334 293 1438 340 pro-

53 367 278 398 missmnis.

562 448 799 500 QUAESTIO
830 450 966 489 Lxxl.

123 557 238 609 Qum
270 554 353 598 sibi
385 552 482 599 vult
509 552 631 614 quod
666 552 876 613 scriptum
914 561 1001 608 est,
1036 571 1057 594 «
1089 552 1192 596 Haec
1224 557 1328 595 sunt
1359 565 1442 596 no-

59 646 78 669 »
111 626 229 669 mina
253 623 444 669 filiorum
467 622 623 668 Ismae'l
641 622 882 668 secundum
906 622 1082 668 nomina
1112 621 1443 681 generationum

58 714 78 738 »
112 711 263 740 eorum
280 697 351 739 1Ρ»
371 698 470 740 Non
492 694 608 739 enim
630 694 729 738 satis
752 694 894 739 clucet
915 709 992 738 cur
1008 691 1207 738 additum
1226 692 1301 747 sit,
1326 711 1346 734 «
1366 694 1443 737 Se-

59 786 79 809 »
114 767 308 812 cundum
340 766 517 811 nomina
547 766 876 824 generationum
906 780 1056 809 eorum
1086 784 1094 809 :
1134 783 1154 805 >›
1182 779 1283 809 cum
1314 763 1342 807 ii
1362 763 1443 809 soli

54 838 352 892 nominentur,
373 852 482 897 quos
504 835 577 880 ille
597 836 769 895 genuit,
802 851 891 881 non
914 836 1044 880 etiam
1066 835 1143 896 qui
1165 835 1220 879 ab
1241 834 1342 894 ipsis
1365 850 1443 894 ge-

54 908 133 952 niti
165 917 281 952 sunt.
324 908 414 953 Nisi
442 905 554 952 forte
592 907 694 968 quia
725 907 921 952 nationes
952 922 1004 950 ex
1038 905 1122 950 illis
1159 915 1408 965 propagatae
1428 940 1440 961 ,

55 994 203 1024 corum
226 978 477 1024 nominibus
497 976 796 1038 appellantur,
823 978 906 1022 hoc
933 977 1224 1035 significatum
1242 976 1316 1031 sit,
1342 992 1444 1021 cum

7 1043 10 1059 ⁶
54 1048 222 1094 dictum
243 1058 307 1093 est
321 1084 331 1104 ,
359 1047 649 1094 «Secundum
671 1047 848 1092 nomina
876 1047 1209 1106 generationum
1224 1062 1376 1091 eorum
1397 1065 1441 1092 z»

54 1120 251 1181 quamvis
288 1120 372 1163 hoc
401 1119 533 1164 modo
565 1118 651 1163 illae
687 1118 882 1163 nationes
915 1118 1000 1161 sint
1027 1118 1171 1177 potius
1202 1118 1446 1162 secundum

54 1191 232 1235 nomina
258 1192 437 1234 istorum
455 1225 465 1245 ,
501 1205 591 1234 non
624 1190 704 1233 ista
727 1188 904 1233 nomina
927 1188 1171 1233 secundum
1193 1187 1287 1232 illas
1310 1188 1449 1232 natio-

55 1277 153 1319 ncs3
185 1261 287 1322 quia
317 1260 403 1305 illae
424 1260 636 1320 posterius
665 1262 917 1305 extiterunt.
954 1259 1079 1304 Unde
1101 1258 1294 1303 notanda
1320 1258 1447 1303 locu-

55 1333 115 1377 tio
143 1342 230 1388 est‚
258 1333 359 1392 quia
376 1342 420 1376 et
442 1341 589 1392 postea
611 1330 667 1376 de
689 1331 772 1376 illis
805 1331 980 1388 dicitur,
1007 1351 1027 1374 «
1060 1331 1300 1377 Duodecim
1322 1332 1447 1391 prin-

59 1421 78 1445 »
113 1403 228 1464 cipes
249 1403 492 1448 secundum
515 1412 664 1463 gentes
686 1418 854 1447 eorum.
879 1422 899 1444 »

557 1500 795 1549 QUAEsrio
828 1502 981 1540 Lxxn.

114 1594 239 1645 Quoi)
262 1591 316 1636 de
337 1591 536 1636 Rebecca
558 1591 769 1651 scriptum
790 1601 880 1647 est,
914 1591 1017 1652 quia
1039 1592 1160 1636 venit
1181 1591 1449 1650 interrogare

11 1653 13 1664 ¹
54 1664 289 1707 Dominum
328 1678 428 1706 cum
451 1662 660 1720 gestirent
683 1662 912 1722 puerperia
935 1662 980 1706 in
998 1671 1123 1706 utero
1157 1663 1298 1723 ejus²‚
1324 1678 1448 1723 quee-

55 1734 164 1778 ritur
191 1749 279 1793 quo
309 1733 420 1777 ierit.
453 1735 552 1778 Non
584 1733 699 1776 enim
723 1742 846 1777 erant
876 1742 982 1778 tunc
1006 1734 1259 1793 Prophetae,
1286 1743 1362 1777 aut
1385 1749 1449 1778 sa-

12 1860 13 1864 *
55 1803 248 1849 cerdotes
280 1802 522 1847 secundum
555 1802 753 1848 ordinem
779 1804 1052 1849 tabernaculi
1074 1804 1145 1849 vel
1172 1803 1325 1864 templi
1358 1807 1448 1849 Do-

12 1882 14 1925 }
55 1875 174 1919 mini.
209 1877 306 1928 Quo
341 1889 442 1932 ergo
460 1873 577 1928 ierit,
598 1874 754 1918 merito
772 1886 939 1928 movet,
965 1876 1045 1918 nisi
1076 1875 1188 1920 forte
1215 1875 1271 1920 ad
1300 1875 1448 1921 locum

13 2193 17 2282 ι

13 2297 17 2367 Ι

14 2369 17 2396 2

14 2402 17 2433 l

15 2466 18 2576 ἲ

56 1946 131 1989 ubi
160 1961 277 1989 aram
300 1945 585 1989 constituerat
611 1943 849 1988 Abraham.
879 1943 964 1989 Sed
996 1944 1084 1989 illic
1107 1946 1331 2005 quomodo
1359 1962 1448 1990 res-

55 2031 188 2076 ponsa
218 2015 424 2070 audierit,
463 2015 642 2059 omnino
665 2024 779 2059 tacet
814 2015 1059 2075 Scriptura,
1090 2026 1237 2060 utrum
1262 2033 1339 2077 per
1368 2017 1448 2061 ali-

56 2102 185 2147 quem
226 2086 515 2141 sacerdotem,
549 2085 670 2147 quod
703 2086 958 2130 incredibile
1001 2097 1065 2131 est
1086 2123 1096 2143 ,
1133 2087 1167 2132 si
1200 2097 1316 2144 erat,
1357 2105 1448 2133 non

57 2155 185 2201 fuisse
217 2157 517 2212 nominatum,
556 2166 600 2201 et
643 2156 809 2201 nullam
852 2157 914 2201 ibi
956 2157 1134 2202 omnino
1171 2157 1446 2204 sacerdotum

59 2227 299 2288 aliquorum
335 2227 494 2272 factam
527 2244 616 2273 esse
660 2229 942 2274 mentionem.
980 2233 1047 2274 An
1094 2228 1207 2274 forte
1243 2231 1303 2274 ibi
1345 2247 1448 2275 cum

60 2299 220 2343 orando
238 2298 494 2357 allegassent
516 2298 728 2343 desideria
750 2316 824 2344 sua
843 2335 853 2355 ,
888 2299 1165 2344 dormiebant
1187 2301 1232 2344 in
1254 2300 1373 2356 loco,
1399 2311 1450 2346 ut

60 2384 134 2428 per
161 2370 378 2414 somnium
398 2373 710 2415 monerentur?
730 2375 800 2417 An
829 2371 974 2416 adhuc
1007 2372 1184 2417 vivebat
1215 2371 1448 2418 Melchise-

61 2438 188 2496 dech,
206 2442 328 2501 cujus
346 2450 463 2485 tanta
478 2440 562 2486 suit
574 2441 843 2495 excellentia,
860 2451 944 2487 uta
961 2441 1184 2487 nonnullis
1197 2441 1441 2499 dubitetur,

110 2532 115 2546 ¹
136 2527 216 2556 Gen.
233 2537 305 2565 xxv,
337 2527 384 2557 13.
405 2544 443 2548 ——
470 2533 481 2548 ²
508 2527 587 2557 ῘΙιίιΙ.
610 2536 663 2558 ἽἿ.
