1872 3267
371 266 627 296 LOCUTIONES
659 265 714 293 m:
746 265 910 304 Exono,
947 266 1031 293 Lm.
1068 266 1116 291 11.
1374 252 1429 292 43

47 355 69 379 3)
103 336 351 398 proximum
383 350 536 389 suum,
560 352 580 375 »
609 334 694 378 hoc
721 341 785 376 est
813 333 903 392 ipsa
934 332 1089 376 domus
1113 339 1302 376 assumet
1322 330 1433 375 vici-

46 423 152 453 num
179 427 186 452 :
214 406 437 452 hominem
466 404 710 465 proximum
734 419 814 464 pro
840 403 1019 447 homine
1045 401 1213 462 posuit,
1241 400 1436 461 singula-

44 494 137 524 rem
161 487 306 525 autem
328 493 408 538 pro
435 475 594 538 plurali
619 496 627 521 ;
653 492 742 520 non
759 475 875 520 enim
892 489 1032 519 unum
1048 511 1058 530 ,
1082 473 1158 519 sed
1180 483 1290 534 quot
1311 474 1435 518 suffi-

45 552 194 609 ciunt,
219 565 320 595 cum
353 549 409 593 de
446 564 526 594 ove
559 547 857 594 consumenda
894 548 1117 607 Scriptura
1153 545 1433 606 loqueretur,

49 642 70 664 «
103 619 345 667 secundum
388 635 621 664 numerum
638 655 648 674 ,
693 619 862 679 inquit,
911 618 1153 662 animarum
1195 616 1434 676 unusquis-

48 693 69 735 >5
103 708 189 754 que
222 690 343 752 quod
377 691 588 735 sufficiat:
617 709 636 731 »
671 690 834 734 animas
867 704 947 749 pro
976 687 1229 734 hominibus
1257 702 1282 731 a
1314 696 1438 747 parte

45 768 204 809 totum.

106 835 244 878 LXII.
286 850 306 875 «
350 833 534 877 Sument
568 846 590 874 a
624 830 855 890 sanguine,
882 838 926 874 et
961 838 1130 890 ponent
1162 842 1291 888 super
1329 827 1440 873 duos

48 922 68 946 »
104 912 270 964 postes,
297 911 342 947 et
363 918 493 963 super
515 901 649 946 limen
672 902 717 945 in
739 900 942 945 domibus
959 900 1005 944 in
1023 900 1186 960 quibus
1202 898 1441 943 manduca—

48 992 68 1016 »
105 974 219 1018 bunt
249 973 342 1018 illas
366 974 412 1018 in
433 974 533 1017 eis².
563 991 582 1013 »
615 974 727 1017 Cum
749 970 927 1026 dixerit,
963 989 984 1013 «
1008 971 1056 1014 in
1076 969 1257 1030 quibus,
1286 987 1307 1009 »
1333 967 1443 1013 dixit

45 1046 174 1090 etiam
203 1064 226 1104 «¹
252 1045 297 1089 in
327 1046 408 1100 eis,
437 1064 457 1086 n
484 1060 604 1089 more
626 1042 905 1088 usitatissimo
927 1061 936 1086 ε
960 1040 1038 1086 sed
1064 1060 1084 1082 κ
1108 1039 1446 1085 manducabunt

48 1134 69 1158 »
105 1115 221 1172 illas,
245 1134 266 1158 >›
295 1116 507 1177 quaeritur
527 1131 656 1176 quas,
678 1123 721 1158 et
740 1106 1002 1173 intelligitur
1019 1127 1193 1171 carnes,
1218 1113 1303 1157 hoc
1325 1112 1441 1156 enim

44 1187 267 1248 sequitur,
308 1207 327 1229 «
365 1190 422 1231 Et
463 1185 794 1230 manducabunt
827 1200 977 1229 carnes
1010 1185 1092 1229 hac
1125 1193 1254 1229 nocte
1286 1192 1443 1228 assatas

47 1275 68 1298 ι»
104 1258 195 1317 igni
213 1278 223 1315 3
242 1275 262 1298 n
283 1258 405 1318 quod
428 1257 592 1301 habent
612 1255 736 1300 latini
759 1254 929 1300 codices
942 1291 952 1310 ,
972 1273 996 1297 «
1014 1255 1092 1316 qui
1110 1253 1444 1299 manducabunt

49 1345 70 1370 »
105 1344 276 1374 carnem
292 1363 304 1385 ‚
338 1347 357 1369 η
401 1328 531 1388 graeci
554 1338 701 1372 autem
723 1328 896 1372 habent
922 1336 1032 1383 κρέας,
1057 1326 1104 1371 id
1127 1336 1213 1382 est,
1239 1341 1441 1382 carnem,

50 1401 126 1445 sed
158 1416 316 1460 genere
338 1410 523 1458 neutro,
547 1401 645 1444 ideo
671 1400 716 1443 in
747 1414 890 1458 graeco
919 1408 1004 1455 est,
1034 1418 1053 1441 ι(
1078 1399 1124 1443 in
1149 1399 1374 1454 domibus,
1400 1399 1446 1442 in

48 1488 70 1513 >›
105 1471 266 1532 quibus
289 1471 622 1515 manducabunt
642 1470 715 1514 illa
738 1470 783 1513 in
806 1470 879 1514 eis.
906 1488 925 1511 >³
947 1473 1025 1514 Est
1045 1486 1149 1515 vero
1166 1469 1240 1514 illa
1254 1469 1442 1525 locutio,

45 1550 97 1586 ut
117 1542 237 1601 prius
259 1541 422 1585 diceret
438 1540 554 1594 illas,
575 1556 707 1599 quam
720 1539 978 1598 praediceret
991 1540 1100 1598 quid
1111 1541 1156 1583 in
1171 1553 1447 1598 consequen-

47 1612 165 1656 tibus
187 1610 504 1670 intelligeretur
524 1625 631 1670 quas
654 1608 833 1663 dixerit,
854 1607 1003 1653 similis
1026 1608 1064 1652 ei
1086 1607 1297 1652 locutioni
1312 1623 1447 1669 quam

49 1682 104 1726 de
137 1681 228 1726 filio
264 1682 405 1739 Moysi
450 1680 775 1741 exposuimus1,
817 1694 920 1724 eum
952 1694 1055 1722 eum
1085 1678 1218 1723 vellet
1253 1679 1447 1739 Angelus

49 1752 267 1807 occidere,
294 1761 336 1796 et
360 1750 609 1811 exemplum
632 1750 914 1794 adhibuimus
933 1749 988 1794 de
1011 1748 1208 1808 Psalmo,
1232 1769 1251 1791 «
1269 1749 1449 1794 Funda-

50 1842 73 1865 κ»
107 1833 255 1868 menta
277 1824 369 1884 ejus
388 1824 435 1867 in
452 1823 678 1868 montibus
701 1821 883 1877 sanctis,
905 1820 1046 1879 diligit
1070 1822 1282 1866 Dominus
1305 1831 1451 1882 portas

53 1913 73 1937 »
111 1896 214 1940 Sion
226 1897 240 1922 3
255 1911 262 1936 :
279 1915 298 1936 >›
317 1896 441 1955 cujus
450 1895 567 1938 enim
581 1893 869 1938 fundamenta
883 1909 973 1938 non
990 1892 1289 1952 intelligimus,
1309 1894 1449 1938 nisiex

21 2004 29 2005 ff
51 1965 445 2026 consequentibus:
471 1965 531 2009 sic
549 1963 698 2018 ethic,
722 1981 741 2004 ι(
760 1963 805 2007 in
819 1965 981 2023 quibus
997 1962 1337 2008 manducabunt
1352 1964 1448 2009 illas

54 2055 75 2079 »
110 2037 156 2080 in
177 2037 236 2081 eis
253 2071 263 2091 ,
282 2035 362 2080 »id
383 2045 469 2091 est,
494 2036 540 2079 in
565 2034 727 2096 quibus
749 2033 954 2079 domibus
978 2034 1312 2079 manducabunt
1334 2035 1449 2091 illas,

52 2106 312 2166 intelligitur
333 2121 483 2151 carnes
500 2142 510 2161 ,
537 2105 592 2150 de
617 2105 776 2166 quibus
799 2115 1119 2167 consequenter
1141 2105 1351 2167 loquitur.

113 2181 274 2222 LXIII.
302 2198 321 2219 «
351 2178 537 2223 Sumetis
561 2187 708 2223 autem
738 2178 861 2223 vobis
890 2176 1148 2223 fasciculum
1174 2179 1378 2240 hyssopi,
1412 2189 1455 2224 et

57 2266 77 2290 >›
112 2248 318 2307 tinguetis
347 2265 398 2292 ex
421 2249 632 2308 sanguine
660 2249 736 2309 qui
768 2258 832 2294 est
849 2250 973 2310 juxta
996 2251 1152 2294 ostium
1173 2286 1183 2304 ,
1221 2259 1263 2294 et
1285 2249 1454 2295 lenietis

59 2337 78 2362 »
113 2335 241 2379 super
274 2319 406 2363 limen
440 2329 483 2364 et
517 2335 647 2379 super
684 2320 833 2364 ambos
863 2329 1008 2380 postes
1042 2319 1096 2364 (le
1134 2321 1394 2380 sanguinet
1430 2340 1449 2362 n

57 2389 198 2434 Etiam
220 2391 290 2434 hic
308 2390 541 2435 fasciculus
564 2390 743 2450 hyssopi
763 2390 910 2450 plures
933 2391 1087 2451 utique
1110 2390 1339 2436 fasciculos
1363 2392 1452 2451 sig-

58 2460 226 2517 nificat,
258 2461 369 2506 sicut
406 2478 509 2506 rana
542 2462 688 2521 plures
717 2478 865 2518 ranas,
898 2472 940 2506 ct
974 2462 1162 2517 locusta,
1197 2463 1344 2523 plures
1379 2463 1448 2507 lo-

110 2563 117 2578 ·
147 2557 245 2588 Exod.
280 2569 339 2596 xii,
361 2568 390 2599 7.
414 2575 454 2579 ——
476 2565 488 2579 2
514 2558 583 2589 Lib.
604 2570 646 2599 11,
673 2560 886 2596 Ouaestionurn
911 2559 951 2589 <lc
977 2559 1083 2590 Exodo
1101 2563 1211 2601 qamt.
1229 2570 1269 2590 xi.
1286 2557 1352 2581 ——3
1370 2558 1450 2591 Psal.

61 2623 190 2653 Lxxxvi,
209 2624 234 2644 1.
264 2630 303 2633 —
323 2612 336 2642 4
359 2613 458 2645 Exod.
481 2625 537 2655 x11,
564 2623 618 2645 22.
