1872 3267
760 124 770 143 0

369 253 636 291 QUAESTIONES
668 255 713 282 m
746 254 952 292 Exomm,
987 255 1070 281 Lm.
1105 256 1153 281 ιι.
1372 239 1458 280 343

73 318 308 374 columnis,
333 319 410 363 sed
431 317 531 364 solis
563 317 725 363 aulaeis.
750 320 860 371 Quae
891 316 1027 363 aulaea
1049 317 1200 363 decem
1228 317 1457 376 erigeban-

73 399 145 434 tur
158 390 204 434 in
220 389 378 434 cubitis
394 398 599 450 quatuor,
611 397 653 434 et
666 403 744 449 per
754 397 897 433 totum
913 388 1144 434 circuitum
1162 387 1457 432 tendebantur

73 462 119 505 in
137 461 296 506 cubitis
317 458 791 520 ducentis-octoginta:
816 475 1007 521 quorum
1028 456 1211 505 centena
1238 459 1284 503 in
1312 458 1458 503 lateri-

72 531 155 576 bus
187 540 312 576 erant
342 530 613 592 longioribus
651 529 801 576 Austri
837 540 882 576 et
914 530 1142 592 Aquilonis
1172 544 1250 590 per
1286 530 1460 575 vicenas

73 601 327 660 columna53
360 601 639 663 quadragena
673 616 776 647 vero
813 601 963 646 cubita
998 601 1044 646 in
1075 599 1252 661 reliquis
1282 599 1459 646 duobus

71 672 280 718 lateribus
300 672 597 731 brevioribus,
615 687 707 718 uno
727 671 975 718 Occidentis
996 686 1075 732 per
1090 670 1315 718 columnas
1332 679 1456 729 octo3

71 745 207 790 altero
236 745 441 800 Orientis,
461 745 539 789 ubi
560 743 777 790 columnae
797 759 889 790 non
912 752 1051 799 erant,
1074 743 1151 788 sed
1181 742 1272 788 sola
1300 741 1459 787 tende-

72 817 233 861 bantur
254 814 391 862 aulaea
412 815 468 861 de
490 815 589 861 solis
611 815 784 861 duabus
806 815 1088 875 angularibus
1108 813 1338 870 columnis,
1362 829 1461 859 me·-

71 886 151 932 diis
173 897 320 932 autem
343 886 500 932 nullis:
526 896 569 932 et
591 896 714 932 erant
740 888 834 932 haec
863 886 1000 932 aulaea
1021 885 1173 932 decem
1194 885 1250 931 de
1270 894 1461 946 quatuor

70 958 288 1003 coloribus
315 967 447 1003 texta.
472 960 565 1003 Hoc
587 974 690 1017 ergo
712 957 893 1002 interius
915 956 1248 1002 tabernaculum
1269 957 1459 1001 circum-

22 1072 25 1075 .
69 1029 254 1074 dabatur
275 1030 386 1075 atrio
408 1029 464 1074 ab
492 1033 654 1075 Austro
675 1030 828 1089 viginti
850 1028 1087 1084 columnis,
1112 1037 1156 1072 et
1177 1028 1232 1072 ab
1255 1026 1460 1088 aquilone

69 1101 238 1159 viginti.
265 1103 374 1155 Quae
399 1101 488 1146 duo
511 1102 607 1146 atrii
626 1100 763 1146 latera
784 1099 997 1161 aequalem
1019 1099 1245 1144 habebant
1265 1098 1460 1157 longitu-

69 1171 217 1216 dinem
243 1187 344 1216 cum
372 1171 580 1217 lateribus
613 1172 828 1216 interioris
856 1168 1154 1228 tabernaculi3
1185 1169 1286 1230 quia
1304 1179 1348 1214 et
1369 1170 1461 1229 ipsa

68 1244 226 1288 vicenis
249 1243 464 1288 columnis
486 1244 825 1304 porrigebantur
842 1244 886 1287 in
909 1242 1066 1287 cubitis
1088 1241 1288 1296 totidem,
1308 1240 1354 1285 id
1376 1250 1457 1297 est,

0 1360 1 1364 ,
69 1315 277 1360 centenis.
312 1318 350 1359 A
376 1314 511 1359 latere
534 1324 682 1359 autem
713 1315 900 1359 Orientis
923 1314 1082 1358 atrium
1113 1312 1460 1359 concludebatur

0 1374 1 1423 3
69 1384 280 1430 columnis
302 1384 470 1441 decem,
495 1385 652 1430 cubitis
680 1386 1020 1446 quinquaginta:
1053 1385 1127 1445 qui
1155 1383 1263 1429 ordo
1285 1383 1458 1428 colum-

65 1471 224 1509 narum
253 1464 395 1500 rectus
417 1465 530 1511 erat,
556 1466 600 1500 et
629 1456 881 1501 incurrebat
907 1456 953 1499 in
974 1454 1069 1501 illas
1091 1454 1199 1500 duas
1230 1455 1459 1514 angulares

67 1527 280 1572 interioris
301 1527 590 1582 tabernaculi,
614 1543 722 1587 quas
754 1527 864 1571 solas
897 1527 1086 1571 Orientis
1115 1542 1212 1586 pars
1238 1526 1457 1586 habebat3

68 1596 251 1656 proinde
279 1612 380 1641 cum
410 1597 509 1657 ipsis
532 1596 869 1657 complebantur
896 1597 1063 1642 decem.
1089 1600 1127 1642 Α
1155 1597 1290 1641 latere
1313 1605 1460 1642 autem

66 1666 314 1723 Occidentis
335 1667 525 1711 habebat
546 1666 723 1727 quidem
748 1668 908 1712 atrium
931 1667 1082 1712 decem
1101 1667 1341 1723 columnas,
1366 1683 1459 1713 non

0 1794 1 1800 ἵ
68 1747 214 1782 tamen
236 1747 352 1782 recto
379 1737 553 1794 ordine,
578 1737 655 1782 sed
681 1738 794 1782 sicut
821 1739 913 1798 jam
936 1739 1222 1793 ostendimus,
1247 1748 1459 1799 tanquam

69 1809 355 1869 triporticum,
376 1818 567 1869 quatuor
584 1824 607 1853 a
624 1818 765 1869 porta,
791 1818 835 1853 et
858 1818 997 1853 ternas
1021 1825 1044 1853 a
1065 1809 1290 1854 lateribus.

124 1882 268 1925 XXIL
295 1881 555 1925 Universum
577 1889 724 1924 autem
746 1880 905 1924 atrium
922 1880 968 1924 in
984 1880 1170 1925 circuitu
1186 1880 1458 1925 tabernaculi

68 1952 262 1998 tentoriis
305 1951 490 2009 byssinis
534 1951 814 2011 cingebatur,
849 1968 948 2013 quae
990 1952 1265 2011 erigebantur
1301 1953 1458 1998 cubitis

68 2025 286 2086 quinque:
311 2023 377 2067 his
401 2023 769 2083 superveniebant
789 2022 886 2068 vela
910 2022 1133 2084 capillacia
1154 2023 1381 2079 undecim,
1405 2040 1456 2069 ex

68 2110 154 2140 una
180 2104 303 2154 parte
323 2095 521 2155 quinque
551 2094 724 2139 sibimet
743 2109 955 2150 connexa,
980 2110 1032 2138 ex
1052 2093 1136 2139 alia
1162 2110 1248 2140 sex.
1275 2099 1328 2140 In
1349 2111 1457 2140 con-

68 2166 252 2211 nexione
292 2180 395 2224 ergo
434 2165 631 2226 quinque
668 2165 888 2221 velorum,
923 2165 1072 2212 cubita
1111 2175 1236 2211 erant
1277 2176 1456 2212 centum

68 2237 411 2298 quinquaginta,
430 2252 481 2281 ex
506 2235 588 2281 alia
611 2252 713 2282 vero
736 2246 858 2297 parte
880 2237 927 2282 in
943 2238 1215 2283 connexione
1238 2254 1309 2282 sex
1330 2238 1455 2284 velo-

68 2323 179 2363 rum,
205 2307 351 2352 cubita
378 2317 502 2352 erant
528 2308 981 2366 centum-octoginta:
1007 2310 1218 2370 quoniam
1245 2309 1341 2355 vela
1367 2310 1457 2354 sin-

69 2378 169 2437 gula
184 2379 450 2424 tricenorum
468 2378 648 2424 fuerunt
661 2379 929 2424 cubitorum.
948 2380 1033 2425 Sed
1050 2389 1100 2425 ut
1118 2380 1200 2425 alia
1216 2396 1313 2441 pars
1330 2381 1456 2426 alteri

69 2460 390 2510 coaequaretur,
415 2450 688 2510 duplicatum
711 2461 775 2495 est
793 2466 933 2495 unum
954 2451 1102 2497 velum
1131 2468 1154 2496 a
1178 2451 1286 2497 facie
1309 2452 1456 2496 taber-

70 2519 233 2573 naculi,
258 2521 303 2565 id
336 2531 420 2575 est,
447 2521 500 2565 ab
531 2522 736 2577 Oriente,
767 2530 809 2565 et
843 2522 1090 2568 subtectum
1126 2532 1190 2566 cst
1223 2522 1454 2568 dimidium

69 2590 212 2634 volum
232 2608 255 2635 a
277 2601 397 2650 parte
425 2593 679 2650 posteriorc,
704 2590 747 2634 id
768 2601 845 2645 est,
870 2592 925 2635 ab
951 2593 1212 2637 Occidente:
1243 2603 1374 2653 atque
1393 2595 1451 2638 ita
