1872 3267
342 203 609 245 Quffisnorms
639 207 685 234 nv
717 205 934 243 αΕΝΕεῙΜ,
970 206 1052 233 Lm.
1089 207 1119 233 1.
1263 235 1269 243 ,
1343 194 1425 232 155

485 323 722 375 QUAESTIO
752 324 944 364 LXXVII.

93 446 113 470 «
139 429 248 472 Fur
269 428 480 473 execratio
500 427 614 471 inter
630 441 709 470 nos
730 434 773 469 et
793 425 906 469 inter
924 427 1014 470 te¹:
1037 441 1058 466 »
1082 423 1129 469 id
1149 433 1228 479 est,
1239 424 1419 483 juratio,

29 514 129 559 quae
143 498 385 543 maledictis
403 498 649 556 obstringit,
666 513 765 557 quae
780 496 977 541 accidant
991 496 1029 540 ei
1043 495 1120 556 qui
1136 496 1392 555 pejeraverit
1410 515 1418 541 :

28 569 269 613 secundum
283 585 415 630 quam
432 567 795 614 considerandum
809 566 1005 627 estquod
1019 575 1061 610 et
1074 581 1221 610 servus
1235 566 1424 610 Abrahae

27 641 384 685 commemorant
398 675 409 695 ,
429 654 614 684 narrans
631 638 690 683 eis
712 654 736 682 a
758 638 919 698 quibus
939 637 1107 697 accepit
1128 651 1308 681 uxorem
1335 635 1419 681 do-

25 709 147 754 mino
167 725 246 755 suo
266 714 399 755 Isaac.

492 817 730 868 QUAESTIO
763 818 971 857 Lxxvnl.

86 921 203 972 Qum
225 928 289 964 est
305 920 427 980 quod
445 920 655 980 scriptum
673 928 758 974 est,
784 918 905 979 quod
929 933 1031 963 cum
1051 918 1271 963 venissent
1297 918 1423 977 pueri

23 993 143 1035 Isaac
170 1000 213 1035 et
245 991 476 1047 dixissent,
508 1011 528 1034 «
549 991 758 1036 Fodimus
776 999 978 1050 puteum,
1005 999 1049 1034 et
1068 1005 1158 1034 non
1174 988 1422 1033 invenimus

25 1079 47 1102 »
82 1065 283 1122 aquam23
311 1080 331 1103 n
357 1061 593 1122 appellavit
619 1061 824 1106 eumdem
840 1069 1025 1120 puteum
1047 1063 1166 1104 Isaac
1189 1062 1422 1103 Juramen-

22 1134 146 1176 tum?
167 1136 236 1176 An
264 1133 461 1193 quamvis
482 1132 647 1177 factum
676 1132 731 1177 sit
745 1167 756 1186 ,
777 1132 823 1175 in
841 1130 1033 1191 aliquam
1054 1130 1418 1188 significationem

21 1203 112 1246 sine
137 1203 273 1247 dubio
294 1203 532 1248 dicendum
550 1212 613 1247 est
640 1201 899 1262 spiritalem·⁷
921 1200 1129 1261 quoniam
1150 1200 1261 1244 nihil
1283 1200 1418 1245 habet

21 1273 336 1317 convenientiae
370 1272 612 1317 secundum
651 1272 865 1326 litteram,
894 1280 944 1315 ut
979 1271 1077 1316 ideo
1112 1274 1420 1315 Juramentum

21 1343 302 1403 appellaverit
337 1353 544 1402 puteum,
587 1344 708 1404 quod
741 1343 803 1386 ibi
837 1358 950 1403 aqua
984 1358 1074 1387 non
1109 1343 1161 1386 sit
1203 1343 1419 1386 inventa?

19 1417 283 1475 Quanquam
310 1414 382 1458 alii
413 1415 670 1474 interpretes
695 1430 854 1474 pueros
875 1417 994 1458 Isaac
1023 1414 1248 1459 inventam
1273 1414 1419 1473 potius

19 1502 177 1547 aquam
200 1487 421 1531 nuntiasse
443 1486 650 1531 dixerunt
668 1506 675 1531 :
702 1486 778 1530 sed
801 1486 929 1530 etiam
949 1487 1007 1531 sie
1027 1501 1162 1547 quare
1184 1488 1419 1530 Juramen-

21 1565 118 1600 tum
146 1556 416 1617 appellatum
439 1567 502 1601 est
517 1593 527 1612 ‚
561 1557 639 1601 ubi
661 1556 784 1601 nulla
806 1555 950 1600 fuerat
982 1555 1095 1601 facta
1113 1556 1294 1617 juratio.

497 1669 532 1718 Q
538 1667 734 1708 UAESTIO
767 1668 922 1706 LXXIX
930 1697 938 1706 .

76 1775 287 1825 QuomAM
320 1780 468 1816 tantus
491 1771 739 1815 Patriarcha
765 1774 899 1825 Isaac,
921 1779 1157 1830 antequam
1179 1770 1415 1825 moriatur,

16 1842 172 1903 quaerit
195 1858 218 1885 a
239 1840 328 1885 filio
348 1857 426 1885 suo
444 1842 719 1885 venationem
743 1851 786 1883 et
804 1857 962 1895 escam,
982 1841 1158 1901 qualem
1177 1850 1316 1896 amat,
1337 1857 1417 1900 pro

17 1928 175 1970 magno
194 1911 422 1965 beneficio,
438 1920 481 1954 et
493 1910 709 1969 promittit
727 1908 1122 1964 t›enedieti0nem³‚
1139 1911 1263 1956 nullo
1281 1911 1414 1956 modo

17 1999 168 2028 vacare
206 1983 468 2026 arbitramur
501 1998 523 2025 a
553 1980 868 2039 significatione
902 1980 1157 2039 prophetica
1189 2000 1197 2024 :
1229 1982 1415 2025 maxime

17 2053 224 2113 quoniam
247 2053 422 2097 festinat
444 2067 551 2096 uxor
568 2053 658 2112 ejus
681 2060 730 2095 ut
750 2049 869 2095 illam
898 2051 1252 2095 benedictionem
1270 2051 1414 2095 minor

19 2124 218 2183 accipiat,
245 2139 377 2184 quem
400 2124 491 2182 ipsa
518 2122 743 2181 diligebat,
765 2131 808 2165 et
829 2131 985 2166 caetera
1007 2122 1053 2165 in
1075 2121 1229 2166 eadem
1261 2138 1414 2167 narra-

16 2194 132 2238 tione
153 2193 341 2239 multum
372 2203 550 2239 movent
582 2193 636 2238 ad
669 2194 830 2253 majora
857 2192 1143 2251 intelligenda
1164 2192 1234 2238 vel
1258 2193 1406 2254 requi-

19 2265 165 2308 renda.

64 2366 73 2382 ¹
94 2362 172 2392 Gen.
192 2370 280 2401 xxw,
299 2359 354 2391 28.
371 2376 413 2382 —
433 2365 446 2381 ²
465 2359 536 2391 Ibid
576 2358 630 2391 32.
651 2376 692 2381 -——
713 2357 726 2382 3
743 2359 790 2391 Id.
816 2358 916 2400 xxvii,
934 2370 946 2391 1
970 2363 1003 2391 et
1025 2369 1117 2401 seqq.
