1872 3267
367 234 450 273 916
796 241 829 269 s.
865 242 1093 272 Aucusrtm
1125 244 1305 271 Emscom

367 319 475 363 tate,
493 307 773 351 verumetiam
797 317 974 367 propter
996 323 1133 353 unum
1155 308 1392 352 hominem.
1415 308 1575 352 Mirum
1595 309 1627 352 si
1652 316 1740 352 tam

364 379 528 438 gracilis
542 380 657 423 vocis
670 378 755 422 fuit
769 414 780 433 ,
798 388 846 423 ut
866 394 945 423 nec
960 379 1014 423 ab
1030 395 1118 424 uno
1142 380 1317 424 homine
1333 388 1475 438 posset
1497 379 1635 423 audiri
1654 398 1662 424 ε
1688 395 1743 422 an

365 451 477 495 forte
499 450 641 509 regius
658 448 791 494 fastus
809 465 899 494 non
920 465 992 494 eos
1015 450 1292 509 permittebat
1313 448 1367 493 de
1383 450 1578 509 proximo
1598 449 1744 510 loqui?

365 522 531 566 Dicitur
545 530 690 565 autem
703 519 779 575 illi,
799 539 819 561 «
841 523 952 564 Ecce
970 519 1070 564 dedi
1083 530 1126 564 te
1139 520 1270 564 deum
1284 521 1513 575 Pharaoni,
1539 530 1583 565 et
1599 521 1744 565 Aaron

370 611 390 634 »
416 592 547 637 frater
567 602 665 636 tuus
680 592 760 636 erit
775 600 874 636 tuus
897 592 1107 651 propheta
1123 595 1151 635 ¹.
1177 609 1196 633 »

861 690 1095 738 QUAEs'rlo
1126 691 1246 729 xvn.

425 796 672 838 NOTANDUM
705 793 824 852 quod
854 808 954 837 cum
984 792 1040 836 ad
1063 793 1276 852 populum
1302 792 1566 848 mitteretur,
1597 807 1688 836 non
1709 792 1744 835 ei

372 864 538 907 dictum
557 872 640 907 est:
660 882 679 904 «
701 865 812 907 Ecce
834 862 935 906 dedi
952 872 994 906 te
1013 862 1143 907 deum
1154 863 1318 923 populo
1330 899 1340 918 ,
1357 872 1400 906 et
1412 861 1542 906 frater
1555 872 1654 906 tuus
1668 863 1749 906 erit

368 944 467 978 tuus
489 934 722 993 propheta,
753 933 828 977 sed
856 932 988 977 frater
1009 944 1131 989 tuus,
1167 935 1333 995 inquit,
1355 934 1559 994 loquetur
1583 933 1661 977 tibi
1694 932 1750 976 ad
1833 936 1843 978 ss

366 1004 594 1065 populum.
625 1023 644 1045 »
669 1005 843 1048 Dictum
882 1005 1009 1048 etiam
1028 1014 1121 1049 est:
1154 1024 1174 1046 «
1204 1006 1298 1048 Erit
1315 1020 1360 1049 os
1383 1013 1531 1059 tuum,
1554 1013 1597 1048 et
1618 1013 1666 1047 tu
1687 1002 1749 1047 illi
1810 1002 1811 1034 l
1841 1015 1844 1048 ἱ

370 1093 390 1116 »
417 1092 515 1136 quae
529 1074 584 1119 ad
598 1078 759 1119 Deum2
777 1094 786 1119 ε
806 1093 825 1115 »
844 1090 933 1118 non
955 1075 1122 1119 dictum
1136 1084 1200 1119 est
1222 1095 1230 1120 :
1256 1094 1272 1115 «
1295 1074 1435 1118 Tuilli
1457 1077 1585 1119 Deus.
1607 1093 1625 1115 »
1641 1074 1751 1118 Pha-

369 1147 509 1191 raonis
529 1155 674 1190 autem
688 1145 846 1190 dicitur
860 1149 1029 1203 Moyses
1044 1146 1170 1190 datus
1190 1145 1312 1200 deus,
1330 1155 1372 1189 et
1390 1144 1630 1190 secundum
1649 1161 1751 1189 ana-

370 1218 527 1276 logiam
542 1217 753 1276 propheta
766 1217 906 1273 Moysi
928 1219 1087 1271 Aaron,
1108 1215 1182 1260 sed
1206 1216 1260 1260 ad
1278 1217 1561 1261 Pharaonem.
1581 1215 1661 1259 Hic
1682 1216 1750 1259 in-

370 1289 567 1332 sinuatur
594 1287 719 1331 nobis
759 1303 807 1331 ca
835 1286 956 1346 loqui
992 1288 1227 1346 Prophetas
1244 1287 1340 1342 Dei,
1376 1302 1474 1347 quse
1492 1285 1676 1330 audiunt
1697 1286 1752 1330 ab
1809 1283 1811 1312 ³

371 1376 443 1414 eo,
465 1359 661 1419 nihilque
676 1358 795 1402 aliud
817 1373 906 1402 esse
928 1359 1191 1418 Prophetam
1210 1359 1310 1413 Dei,
1331 1358 1413 1401 nisi
1436 1358 1752 1402 enuntiatorem
1810 1360 1811 1367 ’

368 1429 605 1474 verborum
627 1429 702 1472 Dei
724 1428 989 1482 hominibus,
1015 1428 1091 1488 qui
1120 1431 1258 1472 Deum
1279 1427 1349 1472 vel
1372 1424 1462 1473 non
1483 1437 1664 1487 possunt
1684 1427 1753 1473 vel

371 1517 459 1546 non
480 1509 702 1545 merentur
724 1499 889 1543 audire.

865 1608 1098 1658 QUAESTIO
1131 1609 1267 1648 xvffl.

429 1715 611 1756 Assmui:
633 1712 747 1754 Deus
779 1710 909 1763 dicit,
948 1729 968 1752 κ
1006 1709 1231 1754 Indurabo
1266 1724 1340 1754 cor
1370 1709 1637 1753 Pharaonis:
1666 1727 1686 1749 n
1717 1719 1759 1754 et
1808 1713 1810 1747 Ῑ

371 1783 492 1828 velut
514 1798 685 1827 causam
706 1782 837 1825 infert
861 1797 938 1825 cur
971 1781 1054 1824 hoc
1078 1780 1232 1836 faciat,
1273 1800 1292 1822 «
1325 1780 1570 1836 Indurabo,
1617 1781 1758 1840 inquit
1808 1792 1809 1831 ξ

375 1874 394 1895 »
421 1870 495 1899 cor
531 1852 785 1906 Pharaonis,
823 1860 866 1895 ct
888 1850 1081 1910 implebo
1104 1851 1224 1909 signa
1263 1866 1358 1894 mea
1381 1860 1424 1895 ct
1445 1860 1644 1910 portenta
1663 1866 1757 1895 mea
1808 1852 1809 1866 ¹

376 1943 395 1965 »
422 1925 467 1966 in
482 1924 699 1981 AEgypto³
724 1941 732 1966 ε
752 1940 771 1962 »
790 1930 999 1981 tanquam
1022 1921 1258 1964 neccssaria
1275 1919 1405 1964 suerit
1426 1920 1655 1964 obduratio
1668 1936 1759 1964 cor·

371 1993 436 2037 dis
459 1992 716 2046 Pharaonis,
743 2000 793 2035 ut
825 1991 945 2050 signa
981 1991 1059 2035 Dei
1089 1990 1483 2049 multiplicarentur
1511 1990 1579 2034 vel
1601 1990 1757 2050 imple·
1847 2019 1849 2022 -

372 2072 522 2107 rentur
543 2063 586 2105 in
605 2065 811 2120 AEgypto.
840 2061 985 2105 Utitur
1006 2076 1107 2119 ergo
1131 2064 1243 2104 Deus
1266 2061 1378 2104 bene
1391 2061 1595 2105 cordibus
1617 2060 1754 2116 malis,
1808 2058 1809 2070 ¹

374 2133 430 2177 ad
454 2133 497 2176 id
520 2133 639 2191 quod
672 2131 765 2175 vult
802 2130 1029 2175 ostendere
1051 2132 1197 2186 bonis,
1230 2131 1298 2175 vel
1331 2131 1451 2191 quod
1482 2131 1674 2175 facturus
1696 2140 1758 2175 est
1808 2124 1809 2149 ³

370 2204 509 2248 bonis.
537 2206 594 2246 Et
624 2202 819 2262 quamvis
849 2202 1186 2262 uniuscujusque
1220 2202 1360 2246 cordis
1390 2201 1435 2245 in
1457 2200 1618 2245 malitia
1646 2218 1756 2262 qua·
1807 2223 1809 2254 3
1864 2213 1872 2238 23

372 2275 490 2328 litas,
527 2273 570 2316 id
600 2283 683 2327 est,
709 2272 836 2332 quale.
858 2288 931 2316 cor
951 2273 1110 2316 habeat
1131 2272 1185 2316 ad
1208 2271 1370 2316 malum
1386 2308 1396 2326 ,
1429 2288 1506 2316 suo
1528 2273 1604 2316 fiat
1628 2273 1753 2327 vitio,
1807 2271 1809 2312 Ϊ
1865 2284 1872 2309 ἐ

372 2345 493 2406 quod
519 2344 696 2388 inolevit
718 2361 766 2387 cx
790 2344 967 2388 arbitrio
1003 2343 1239 2387 voluntatis
1265 2363 1272 2387 :
1300 2358 1347 2387 ea
1380 2352 1525 2387 tamen
1549 2343 1756 2403 qualitate

371 2416 484 2460 mala
501 2425 550 2459 ut
581 2416 667 2458 huc
689 2414 758 2459 vel
774 2414 878 2458 illuc
908 2424 1153 2470 moveatur,
1185 2429 1285 2458 cum
1315 2414 1402 2458 sive
1426 2415 1513 2461 huc
1536 2414 1623 2458 sive
1647 2412 1753 2458 illuc
1806 2417 1807 2425 ¹

370 2486 481 2530 male
497 2495 737 2539 moveatur,
761 2485 898 2529 causis
912 2485 961 2528 fit
980 2485 1138 2544 quibus
1157 2485 1325 2528 animus
1347 2484 1630 2543 propellitur:
1650 2499 1749 2544 quae
1806 2479 1807 2498 ³

1247 2582 1263 2594 ἢ

418 2590 426 2605 ¹
445 2583 541 2615 Exod.
559 2594 612 2623 vu,
643 2594 670 2614 ι.
691 2600 730 2605 -
749 2589 761 2603 ²
781 2583 826 2613 1ι1.
849 2593 889 2621 ιν,
914 2583 963 2612 ιίὶ.
991 2598 1032 2603 --
1053 2580 1065 2603 3
1095 2582 1138 2613 m.
1165 2592 1222 2621 vn,
1246 2595 1276 2612 ,›.
