1872 3267
351 282 618 318 Quaes'rlouns
651 282 695 308 ῐΝ
728 281 932 318 nxomJM,
969 280 1049 306 Lm.
1087 280 1134 306 11.
1356 267 1435 307 261

53 349 230 394 hebraeo
252 364 346 394 eam
377 348 672 410 copulaverit,
699 348 783 393 hoe
821 348 975 409 utique
1007 346 1285 405 intelligitur,
1320 343 1444 408 quod

56 435 157 466 cum
181 435 232 466 eo
253 421 383 481 gratis
405 419 562 476 exibit,
587 434 867 482 nequaquam
889 436 913 463 a
938 417 1089 463 marito
1111 426 1322 478 separata.

539 531 776 583 QUAESTIO
808 532 978 571 Lxxlx.

113 656 134 679 «
163 639 207 681 S1
226 638 324 698 quis
342 638 603 698 percusserit
626 636 834 698 aliquem,
856 645 899 680 et
919 643 1118 679 mortuus
1132 632 1279 688 fuerit,
1304 642 1446 678 morte

53 725 73 749 υ
97 708 322 753 moriatur.
342 709 429 762 Qui
446 718 591 753 autem
612 707 763 753 nolens
778 744 788 764 ,
809 707 885 752 sed
902 710 1015 751 Deus
1033 704 1213 751 tradidit
1226 705 1272 748 in
1288 719 1444 748 manus

53 798 72 821 υ
98 781 189 840 ejus
205 816 215 835 ,
242 779 358 825 daho
371 780 451 824 tibi
473 780 619 826 locum
642 780 687 824 in
709 796 840 840 quem
865 778 1001 837 fugiat
1015 781 1045 823 ¹.
1076 797 1095 819 »
1117 777 1338 831 Quaeritur
1359 777 1443 821 hoc

48 851 270 913 quomodo
295 851 461 897 dictum
478 849 558 907 sit,
585 872 603 894 «
633 853 675 897 Si
699 862 844 896 autem
871 851 1023 896 nolens
1038 886 1048 906 ,
1070 850 1146 894 sed
1166 853 1280 894 Deus
1303 848 1442 894 tradi-

50 941 70 963 »
96 921 161 967 dit
181 922 226 966 in
248 938 403 967 manus
426 925 517 983 ejus
545 943 553 968 :
583 942 601 964 »
629 923 752 983 quasi
774 923 852 967 etsi
869 921 1020 967 volens
1042 920 1272 976 occiderit,
1298 929 1442 980 posset

8 981 13 1074 j
47 991 267 1048 occidere,
306 993 385 1037 nisi
409 997 523 1038 Deus
556 994 746 1038 traderet
770 994 816 1037 in
852 1009 1007 1037 manus
1035 995 1142 1053 ejus.
1180 990 1445 1049 Intelligitur

0 1080 3 1108 t
46 1078 146 1121 ergo
176 1063 483 1109 tantummodo
507 1067 647 1108 Deum
676 1064 848 1119 fecisse,
882 1079 982 1108 cum
1013 1064 1200 1124 quisque
1229 1061 1444 1107 occiditur

0 1155 1 1158 ¹
47 1151 69 1179 a
90 1133 269 1178 nolente
295 1155 303 1179 :
332 1144 374 1179 et
391 1151 473 1195 pro
496 1136 581 1180 hoc
603 1134 726 1196 quod
764 1134 1074 1179 tantummodo
1102 1138 1216 1179 Deus
1236 1133 1282 1177 id
1313 1132 1440 1189 fecit,

46 1205 211 1249 dietum
234 1215 313 1262 est,
343 1225 362 1247 «
390 1207 473 1251 Sed
487 1209 601 1250 Deus
625 1205 806 1249 tradidit
825 1206 869 1249 in
888 1220 1043 1249 manus
1060 1206 1195 1265 ejus.»
1213 1206 1326 1249 Cum
1338 1220 1443 1250 vero

45 1275 191 1321 volens
212 1277 392 1332 occidit,
418 1287 461 1321 et
483 1278 573 1337 ipse
596 1276 754 1322 occidit
770 1313 779 1331 ,
802 1287 844 1321 et
867 1280 982 1321 Deus
1001 1276 1181 1320 tradidit
1210 1276 1255 1319 in
1284 1291 1441 1321 manus

45 1349 147 1407 ejus.
178 1351 270 1393 Hoc
293 1365 396 1408 ergo
418 1350 613 1403 interest,
640 1348 761 1409 quod
772 1348 860 1392 illic
880 1358 1052 1392 tantum
1076 1351 1191 1392 Deus
1213 1347 1318 1392 fecit
1340 1367 1348 1392 :
1368 1348 1441 1393 hic

9 1423 11 1464 l
45 1428 188 1463 autem
216 1422 331 1464 Deus
358 1429 401 1463 et
422 1420 577 1475 homo,
608 1429 787 1479 propter
810 1420 1084 1464 voluntatem
1107 1418 1331 1476 facientis,
1365 1417 1441 1462 sed

8 1471 11 1521 i
43 1504 130 1533 non
152 1489 263 1535 sicut
300 1493 413 1534 Deus
448 1491 596 1535 homo.
631 1493 745 1534 Deus
778 1491 895 1534 enim
918 1490 1090 1534 nonnisi
1122 1492 1262 1550 juste,
1304 1490 1439 1534 homo

8 1526 11 1630 l
43 1570 186 1605 autem
204 1577 335 1622 poena
361 1561 516 1620 dignus
540 1582 547 1606 :
569 1578 659 1606 non
683 1562 785 1622 quia
816 1561 939 1606 illum
975 1561 1133 1606 occidit
1167 1576 1299 1622 quem
1325 1564 1439 1605 Deus

41 1631 177 1676 nollet
196 1632 354 1687 occidi,
389 1633 463 1676 sed
485 1632 585 1693 quia
610 1648 686 1692 per
709 1633 1001 1693 iniquitatem.
1028 1635 1125 1677 Non
1144 1632 1260 1675 enim
1283 1632 1436 1676 minis-

44 1702 199 1746 terium
219 1707 309 1746 Deo
321 1703 496 1763 jubenti
525 1703 735 1763 praebuit,
762 1703 836 1747 sed
861 1719 949 1747 suae
982 1702 1182 1760 malignae
1205 1702 1435 1762 cupiditati

8 1756 11 1810 l
41 1773 225 1818 servivit.
255 1777 305 1817 In
328 1790 417 1818 uno
440 1774 573 1833 igitur
588 1774 831 1834 eodemque
850 1773 965 1819 sacto
984 1783 1027 1818 et
1050 1777 1164 1817 Deus
1182 1773 1236 1817 de
1263 1773 1434 1818 occulta

9 1847 11 1860 ⁵
40 1844 243 1904 aequitate
266 1843 493 1898 laudatur,
512 1853 554 1888 et
571 1845 703 1888 homo
723 1844 777 1888 de
794 1845 968 1904 propria
985 1845 1217 1904 iniquitate
1231 1845 1429 1903 punitur.

7 1907 10 1963 ξ
41 1916 135 1958 Non
158 1914 271 1957 enim
296 1914 398 1973 quia
425 1919 538 1958 Deus
561 1916 737 1973 proprio
762 1916 872 1960 Filio
887 1932 975 1960 non
1000 1916 1242 1975 peperciw,
1265 1915 1340 1960 sed
1354 1931 1434 1976 pro

42 1984 163 2028 nobis
183 1985 387 2028 omnibus
424 1984 605 2028 tradidit
626 1984 774 2038 illum,
805 1984 903 2028 ideo
934 1986 1069 2028 Judas
1093 1995 1321 2031 excusatus
1344 1996 1430 2041 est,

39 2055 112 2115 qui
135 2054 338 2099 eumdem
362 2054 415 2099 ad
432 2065 616 2100 mortem
639 2054 819 2099 tradidit
836 2055 1099 2099 Christum³.

519 2163 756 2213 QUAESTIO
788 2166 925 2203 LXXX
934 2194 942 2202 .

7 2198 10 2220 l

99 2284 116 2305 «
145 2267 186 2310 Si
203 2275 349 2310 autem
364 2266 599 2324 litigabunt
616 2265 705 2310 duo
722 2266 824 2321 viri,
843 2266 1186 2325 etpercusserint
1198 2266 1428 2312 mulierem

6 2342 10 2360 ’
43 2352 62 2375 n
86 2335 130 2378 in
153 2344 275 2380 utero
293 2337 552 2391 habentem,
581 2346 623 2380 et
654 2336 804 2381 exierit
826 2335 969 2381 infans
991 2339 1084 2398 ejus
1111 2338 1312 2382 nondum
1335 2338 1428 2382 for-

42 2423 62 2446 »
85 2416 245 2462 matus,
282 2407 595 2451 detrimentum
631 2407 843 2466 patietur,
883 2418 1100 2468 quantum
1129 2407 1331 2453 indixerit
1361 2410 1427 2453 vir

43 2493 63 2516 »
86 2476 295 2533 mulieris,
332 2488 374 2523 et
403 2479 527 2523 dabit
554 2493 655 2522 cum
684 2478 1018 2538 postulatione&
1060 2497 1079 2519 »
1114 2478 1224 2523 Mihi
1252 2479 1425 2524 videtur

84 2578 93 2594 ¹
117 2574 215 2607 Exod.
236 2585 276 2615 u,
308 2583 356 2607 12.
386 2592 426 2598 —-
452 2581 464 2597 ³
492 2576 583 2607 Rom.
614 2585 666 2607 vni
682 2599 692 2616 ,
718 2573 770 2607 32.
794 2592 835 2597 —
863 2573 876 2598 ³
895 2575 1009 2609 Matth.
1038 2574 1211 2618 xxv1‚48.
1231 2593 1272 2600 --
1289 2574 1306 2606 4
1325 2577 1424 2610 Exod.

40 2636 106 2670 xxi,
128 2636 182 2662 22.
