1872 3267
389 256 656 294 Qum-snmus
689 257 734 283 m
769 255 973 293 EXODUM,
1009 256 1091 282 un.
1128 256 1176 281 11.
1395 242 1480 281 263

94 321 291 366 nondum
312 321 493 366 formata
516 331 559 365 et
575 319 674 364 ideo
699 318 895 364 nondum
915 320 1108 363 sensibus
1129 317 1327 378 praedita.
1354 319 1484 372 Quod

94 403 239 437 autem
264 392 385 448 dixit,
421 413 440 434 «
461 398 511 435 Et
532 391 653 436 dabit
674 406 773 435 cum
799 389 1091 450 postulatione
1117 408 1134 430 n
1154 396 1258 442 (μετὰ
1280 396 1488 442 ἀξιώματος.)

93 464 214 524 quod
236 464 416 508 maritus
433 462 625 510 mulieris
648 460 822 506 informi
843 461 1017 506 excluso
1047 459 1244 506 dandum
1269 460 1486 505 constitue

94 536 164 590 rit,
179 549 268 580 non
285 535 406 579 estin
422 542 629 594 promptu
642 532 897 591 intelligere.
914 542 1039 586 &fia-‚yn
1051 532 1231 592 quippe,
1247 530 1369 592 quod
1381 546 1487 590 grae-

94 620 168 650 cus
181 605 329 659 habet,
344 604 542 664 pluribus
560 603 699 648 modis
721 602 994 663 intelligitur,
1011 612 1054 647 et
1068 600 1332 647 tolerabilius
1350 621 1370 644 c(
1387 618 1488 647 cum

97 695 117 717 »
153 676 445 735 postulatione
484 694 503 716 »
540 674 707 718 dictum
736 684 799 719 est
815 710 825 730 ‚
863 689 996 736 quam
1033 673 1066 717 si
1102 673 1219 717 aliud
1252 672 1483 717 diceretur.

95 748 304 792 Fortassis
328 747 444 790 enim
461 743 702 805 postulabit
722 754 772 790 ut
786 744 860 790 det
875 781 885 801 ,
910 754 962 790 ut
984 759 1035 790 eo
1049 743 1181 789 modo
1202 744 1301 789 satis
1318 746 1408 789 Deo
1427 741 1489 789 fa-

92 819 203 875 ciat,
227 819 394 864 etiamsi
404 817 584 862 maritus
603 816 814 864 mulierve
836 833 927 863 non
947 823 1138 877 expetat.

579 927 819 977 QUAEsrlo
850 929 1022 968 Lxxxi.

160 1051 181 1074 «
210 1032 255 1076 S1
275 1039 422 1078 autem
449 1046 588 1077 cornu
617 1030 875 1090 percusserit
895 1040 1046 1075 taurus
1066 1030 1211 1075 virum
1237 1039 1312 1074 aut
1332 1029 1491 1074 mulie-

97 1121 118 1146 »
153 1118 261 1158 rem,
281 1112 326 1147 et
346 1113 546 1149 mortuus
569 1104 720 1160 fuerit,
741 1102 960 1164 lapidibus
977 1100 1247 1162 lapidabitur
1264 1110 1431 1157 taurus,
1449 1110 1492 1146 et

97 1192 118 1217 >i
153 1189 242 1220 non
260 1173 649 1222 manducabuntur
669 1189 819 1221 carnes
840 1175 954 1234 ejus,
975 1172 1179 1218 dominus
1207 1181 1355 1217 autem
1377 1173 1491 1217 tauri

98 1263 118 1286 »
151 1245 360 1290 innocens
382 1246 505 1290 erit¹.
536 1266 555 1287 »
582 1249 652 1292 Ad
667 1246 885 1306 justitiam
908 1245 1126 1304 pertinet,
1157 1243 1386 1288 utanimal
1407 1244 1491 1289 ho-

94 1316 284 1361 minibus
301 1316 479 1361 noxium
495 1318 753 1377 perimatur,
772 1326 816 1361 et
832 1314 953 1377 quod
970 1315 1026 1359 de
1051 1325 1174 1360 tauro
1196 1315 1386 1375 positum
1409 1324 1486 1370 est,

96 1403 120 1432 a
140 1397 263 1447 parte
286 1397 431 1435 totum
463 1388 803 1448 intelligendum
830 1397 894 1432 est
909 1424 920 1444 ‚
945 1386 1164 1448 quidquid
1192 1388 1237 1431 in
1259 1387 1491 1447 pecoribus

94 1459 202 1506 usui‘
216 1460 410 1504 humano
432 1460 617 1505 subditis
639 1461 849 1506 infestum
871 1469 935 1504 est
956 1459 1222 1504 hominibus.
1248 1458 1335 1504 Sed
1357 1460 1391 1504 si
1413 1475 1492 1504 ne-

94 1545 208 1574 cesse
237 1539 301 1575 est
330 1531 497 1586 occidi,
529 1532 748 1592 numquid
779 1530 985 1591 lapidari?
1014 1529 1133 1584 Quid
1163 1531 1343 1574 interest
1374 1530 1491 1575 enim

95 1600 256 1644 animal
270 1601 389 1661 quod
403 1601 691 1646 auferendum
704 1612 783 1658 est,
803 1619 891 1663 qua
907 1611 1048 1646 morte
1061 1600 1312 1646 auferatur?
1326 1601 1492 1646 Deinde

94 1671 216 1732 quod
239 1671 407 1716 addidit
428 1674 632 1719 carnibus
648 1676 738 1735 ejus
758 1690 848 1719 non
865 1689 954 1719 esse
972 1672 1259 1728 vescendum,
1280 1689 1369 1733 quo
1390 1689 1490 1733 per-

94 1743 225 1798 tinet,
256 1743 336 1788 nisi
361 1745 505 1788 omnia
535 1745 614 1789 ista
642 1745 887 1803 significent
905 1743 1093 1804 aliquid,
1121 1742 1242 1805 quod
1269 1744 1489 1804 Scriptura

93 1814 280 1860 maxime
297 1814 407 1860 solet
423 1815 598 1860 intueri.

577 1923 815 1972 QUAESTIO
849 1925 1038 1964 LXXXII.

157 2046 177 2068 «
210 2028 255 2070 S1
288 2034 433 2070 autem
456 2028 602 2086 {cornu
630 2025 889 2085 percusserit
919 2025 1102 2085 alicujus
1135 2035 1285 2070 taurus
1315 2036 1489 2072 taurum

99 2114 119 2138 »
152 2097 331 2156 proximi
351 2133 362 2152 ,
383 2106 426 2141 et
447 2107 647 2142 mortuus
666 2096 817 2152 fuerit,
834 2096 1028 2141 vendent
1050 2106 1226 2141 taurum
1252 2098 1403 2143 vivum
1418 2134 1428 2154 ,
1447 2109 1490 2143 et

97 2185 118 2211 >1
153 2168 398 2227 partientur
419 2169 610 2228 pretium
638 2170 754 2229 ejus,
777 2177 820 2213 et
837 2177 1012 2212 taurum
1031 2168 1110 2229 qui
1137 2178 1337 2213 mortuus
1361 2168 1492 2215 fuerit

98 2255 120 2280 υ
149 2237 500 2298 dispertientur'2.
522 2258 541 2281 »
562 2238 789 2300 Numquid
808 2240 853 2283 iu
870 2238 963 2283 solo
977 2249 1103 2283 tauro
1122 2240 1217 2285 haec
1234 2241 1489 2301 justificatio

96 2310 303 2355 servanda
321 2319 384 2354 est
399 2346 410 2366 ,
436 2319 479 2354 et
501 2326 590 2355 non
608 2310 663 2354 de
682 2311 801 2355 omni
818 2326 975 2371 pecore
992 2311 1038 2354 in
1060 2311 1136 2356 tali
1154 2314 1281 2356 casu?
1300 2312 1488 2357 Proinde

98 2396 121 2425 a
137 2390 257 2441 parte
279 2391 423 2427 totum
440 2391 484 2426 et
502 2383 584 2426 hoc
606 2382 941 2442 intelligendum
964 2393 1027 2428 est
1048 2403 1057 2428 ε
1075 2382 1151 2428 sed
1172 2384 1256 2428 hoc
1271 2382 1326 2427 de
1349 2384 1490 2428 carni-

98 2451 179 2496 bus
201 2453 328 2497 occisi
349 2453 516 2513 pecoris
538 2452 631 2497 fieri
653 2469 742 2498 non
762 2463 930 2514 potest,
956 2470 1057 2515 quae
1078 2470 1168 2500 non
1187 2464 1440 2500 vescuntur.

146 2556 154 2572 ¹
173 2552 272 2583 Exod.
300 2562 367 2592 xxv,
385 2552 439 2584 28.
458 2569 498 2574 κ-
520 2559 533 2574 ²
556 2552 638 2584 lbid.
663 2552 716 2583 35.
