1872 3267
372 248 456 287 296
806 256 839 286 s.
876 258 1105 289 Aucusnm
1137 259 1317 287 muscom

370 322 635 368 abolendum
649 357 659 377 ,
685 330 728 366 et
751 322 1105 368 constituendum
1127 325 1333 369 Novum1.
1347 322 1599 368 Notandum
1621 338 1744 379 sane,

370 402 533 453 quanta
561 408 641 452 pro
664 392 828 452 populo
857 392 912 437 ad
937 397 1076 438 Deum
1109 392 1423 453 supplicatione
1458 393 1746 448 laboraverit,

369 464 445 524 qui
473 473 562 507 tam
583 477 755 507 severus
791 463 838 506 in
867 478 938 508 eos
965 463 1229 509 vindicando
1265 464 1418 508 extitit.
1454 462 1583 518 Quod
1604 472 1749 507 autem

370 536 415 579 in
437 535 583 593 ignem
603 533 779 577 missum
802 532 989 578 vitulum
1009 533 1182 578 fusilem
1216 534 1441 590 contrivit,
1466 543 1509 579 et
1529 535 1574 578 in
1592 544 1751 594 aquam

370 606 548 665 sparsit,
573 620 705 665 quam
737 604 901 665 populo
922 613 1076 665 potum
1103 603 1245 657 dedit,
1265 605 1375 665 quid
1401 604 1526 649 nobis
1552 602 1751 649 videatur

369 676 606 733 significare
622 711 632 731 ‚
649 677 741 736 jam
759 674 862 720 alibi
883 675 1129 735 scripsimus
1150 675 1196 720 in
1216 690 1345 736 opere
1361 684 1512 721 contra
1541 677 1751 719 Faustum

370 747 701 792 Maniehaeum2.

852 853 1087 903 QUAESTIO
1118 853 1265 893 CXLV.

436 976 456 999 «
474 959 539 1000 ΕΤ
561 956 778 1000 dederunt
796 955 939 1018 mihi,
964 965 1008 999 et
1023 955 1119 999 misi
1146 955 1192 999 in
1209 956 1376 1014 ignem,
1402 963 1445 998 et
1466 954 1570 998 exiit
1589 951 1754 998 vitulus

375 1047 396 1070 »
421 1028 534 1072 hicss.
563 1047 582 1069 »
610 1026 881 1087 Compendio
912 1026 1084 1071 loeutus
1107 1036 1194 1082 est,
1219 1042 1309 1070 non
1344 1025 1491 1070 dicens
1525 1023 1645 1085 quod
1665 1025 1756 1083 ipse

374 1097 623 1142 formaverit
638 1133 648 1152 ,
673 1107 723 1141 ut
739 1097 872 1141 exiret
887 1095 1051 1141 vitulus
1068 1095 1229 1141 fusilis?
1241 1099 1310 1140 An
1328 1095 1607 1140 excusationis
1629 1109 1755 1138 eausa

375 1167 568 1212 timendo
590 1168 797 1211 mentitus
814 1175 900 1222 est,
927 1175 1138 1227 tanquam
1158 1167 1248 1226 ipse
1270 1167 1316 1209 in
1343 1166 1487 1224 ignem
1513 1164 1754 1224 periturum

373 1254 528 1283 aurum
559 1238 808 1298 projecerit,
834 1246 964 1297 atque
991 1237 1083 1296 ipso
1107 1253 1198 1281 non
1229 1236 1274 1281 id
1297 1246 1450 1295 agente
1472 1234 1611 1280 forma
1631 1233 1757 1279 vituli

375 1308 552 1352 exierit?
570 1305 699 1361 Quod
726 1307 825 1351 ideo
856 1322 947 1351 non
983 1315 1047 1350 est
1078 1305 1345 1351 credendum
1366 1307 1451 1350 hoc
1484 1320 1586 1348 eum
1612 1303 1758 1348 animo
1868 1308 1872 1349 J

376 1379 530 1424 dixisse
545 1414 556 1433 ‚
583 1378 684 1439 quia
706 1393 787 1422 nec
804 1377 938 1422 latere
958 1380 1141 1435 Moysen
1157 1385 1301 1436 posset
1322 1375 1431 1437 quid
1451 1384 1560 1420 esset
1579 1376 1625 1419 in
1645 1375 1756 1429 vim,

377 1465 478 1493 eum
498 1465 586 1509 quo
614 1452 728 1494 Deus
749 1448 1013 1508 loquebatur
1029 1482 1040 1500 ‚
1072 1456 1116 1492 et
1137 1445 1313 1492 fratrem
1336 1446 1391 1491 de
1422 1446 1651 1491 mendacio
1671 1460 1758 1490 non

378 1519 608 1580 redarguit.

859 1627 1094 1677 QUAEs'rlo
1126 1627 1291 1668 exul.

442 1750 462 1772 «
483 1733 548 1775 ET
570 1744 671 1774 cum
688 1728 862 1773 vidisset
876 1731 1047 1785 Moyses
1062 1727 1294 1787 populum,
1310 1727 1412 1787 quia
1430 1726 1658 1786 dissipatus
1679 1735 1758 1780 est,
1814 1780 1815 1787 ἵ

383 1820 402 1843 n
428 1800 650 1860 dissipavit
668 1800 782 1843 enim
801 1814 872 1843 eos
894 1802 1039 1843 Aaron
1053 1833 1064 1853 ‚
1089 1807 1139 1842 ut
1171 1798 1216 1841 in
1238 1796 1442 1854 gaudium
1469 1796 1666 1840 venirent
1683 1796 1762 1840 ad-
1814 1790 1815 1816 ³
1853 1816 1858 1822 ·

381 1892 400 1913 »
428 1871 622 1916 versariis
658 1870 784 1914 suis4.
815 1888 833 1910 »
864 1867 1118 1914 Notandum
1146 1876 1209 1911 est
1244 1866 1616 1927 quemadmodum
1653 1865 1762 1911 illud

378 1951 520 1986 totum
552 1939 680 1994 mali,
705 1938 826 1999 quod
859 1937 1047 1998 populus
1075 1937 1204 1992 fecit,
1228 1937 1309 1995 ipsi
1338 1940 1484 1980 Aaron
1518 1936 1759 1992 tribuatur,
1815 1956 1823 1986 i
1857 1969 1861 1979 .

377 2011 498 2072 quod
519 2011 577 2054 eis
599 2009 863 2054 consenserit
885 2008 941 2051 ad
964 2007 1213 2051 faciendum
1237 2006 1358 2067 quod
1388 2007 1500 2051 male
1527 2008 1758 2067 petierant.

378 2082 512 2140 Magis
535 2080 649 2124 eiiim
672 2079 836 2123 dictum
859 2088 943 2132 est,
968 2096 987 2119 α
1014 2078 1241 2137 Dissipavit
1266 2093 1337 2121 eos
1359 2081 1503 2121 Aaron
1520 2112 1530 2132 ,
1555 2078 1763 2138 quoniam
1816 2070 1824 2122 ff
1864 2134 1867 2141 k

376 2153 500 2198 cessit
517 2152 600 2206 eis,
634 2166 766 2211 quam
790 2150 1105 2209 dissipaverunt
1127 2165 1170 2192 se
1192 2149 1273 2208 ipsi
1299 2148 1375 2209 qui
1399 2157 1568 2192 tantum
1600 2147 1762 2193 malum
1816 2156 1823 2203 *j
1858 2156 1870 2197 ζ,

382 2223 700 2281 flagitaverunt.
1776 2204 1796 2215 ⁸
1816 2215 1818 2230 ²

427 2325 434 2340 ¹
457 2318 555 2349 Exod.
573 2327 670 2357 xxxu,
695 2326 742 2357 ¹9-
764 2332 804 2337 —-
820 2322 832 2337 ²
851 2316 928 2347 Vide
941 2326 1019 2357 opus
1037 2319 1147 2347 contra
1162 2317 1268 2347 Faust.
1291 2313 1427 2346 Manich.
1443 2314 1499 2346 lib.
1516 2324 1595 2352 xxn,
1613 2324 1684 2356 cap.
1699 2313 1757 2356 93.
1816 2303 1818 2340 ἷ
1859 2310 1872 2339 ὐἱ

382 2393 422 2397 -
445 2373 458 2397 3
477 2374 573 2406 Exod.
588 2384 686 2415 xxxn,
705 2371 759 2413 24
782 2370 849 2401 -4
866 2372 945 2403 Ibid.
968 2372 1022 2402 525.
