1872 3267
307 245 573 283 Quffisnomzs
606 247 649 273 liv
685 247 894 283 Exon0M‚
931 246 1012 272 Lm.
1050 247 1097 272 11.
1317 232 1400 271 223

8 329 80 358 eos
93 315 153 358 ire
176 328 265 374 quo
286 313 518 369 dicebant,
544 312 622 358 sed
643 322 692 357 ut
706 312 794 357 illic
818 313 862 357 in
885 316 1076 372 AEgypto
1092 309 1396 365 immolarent,

8 384 199 429 volebat.
227 387 320 429 Hoc
337 383 577 430 ostendunt
598 384 730 428 verba
750 384 890 441 Moysi
920 399 1020 444 quae
1038 390 1297 443 sequuntur,
1321 381 1399 426 ubi

9 453 115 499 dicit
134 470 224 500 non
245 452 369 516 posse
389 455 482 499 sieri
510 464 689 516 propter
711 453 1058 499 abominationes
1071 452 1396 512 AEgyptiorum.

487 563 723 614 QUAESTIO
755 565 821 603 XX
828 565 931 603 wll.

71 668 198 720 Quon
219 666 279 709 ait
293 668 465 723 Moyses
483 684 492 711 ε
521 685 542 708 «
559 668 657 711 Non
674 675 817 725 potest
838 666 931 710 fieri
953 665 1033 710 sic:
1059 663 1404 712 abominationes

16 754 36 777 »
71 736 505 795 enimAEgyptiorum
522 735 696 780 immola
704 736 845 780 bimus
859 735 1046 781 Domino
1058 737 1148 779 Deo
1163 736 1334 779 nostro¹
1354 751 1362 777 z
1378 749 1399 774 »

0 805 60 862 1icl
81 815 166 861 est,
190 806 285 850 haec
307 805 574 850 immolaturi
596 822 744 851 sumus
761 842 771 862 ,
787 823 886 868 quae
909 806 1218 851 abominantur
1240 807 1405 863 AEgyp-

14 877 83 932 tii,
108 885 151 920 et
174 886 404 936 propterea
421 877 466 921 in
489 879 681 937 AEgypto
698 893 786 922 non
808 893 1036 938 possumus
1052 912 1062 932 ‚
1088 877 1173 921 hoc
1194 873 1400 919 manifes-

15 956 109 992 tant
124 947 257 991 verba
271 963 371 1008 quae
384 948 583 1008 adjungit
595 958 638 993 et
654 948 779 994 dicit:
805 968 826 991 «
844 949 887 994 Si
903 949 1019 993 enim
1037 946 1404 991 immolaverimus

19 1036 40 1060 »
76 1018 734 1079 abominationesAEgyptiorum
748 1020 890 1080 palam
904 1020 1018 1079 ipsis,
1030 1017 1364 1078 lapidabimur2.
1381 1033 1401 1057 n

18 1091 112 1133 Hoc
140 1104 229 1133 non
251 1088 538 1147 intelligentes
570 1090 747 1150 quidam
779 1090 1035 1149 interpretes
1068 1088 1231 1143 nostri,
1257 1087 1316 1131 sic
1338 1086 1407 1130 in-

17 1159 241 1219 terpretati
264 1169 365 1203 sunt
386 1169 435 1203 ut
459 1159 652 1204 dicerent
673 1181 680 1204 :
711 1180 731 1202 «
759 1163 856 1205 Non
879 1168 1021 1219 potest
1042 1159 1135 1202 fieri
1162 1159 1220 1202 sic
1243 1178 1251 1202 :
1274 1173 1408 1201 num-

0 1236 2 1244 '
21 1247 42 1271 n
77 1229 183 1289 quid
201 1230 544 1274 abominationes
556 1231 863 1290 AEgyptiorum
879 1228 1203 1273 immolabimus
1222 1228 1409 1274 Domino

22 1319 43 1343 n
77 1304 168 1345 Deo
192 1303 371 1345 nostro?
396 1320 415 1342 η
442 1303 555 1346 Cum
582 1302 716 1362 magis
738 1303 822 1347 hoc
854 1301 1075 1361 Scriptura
1105 1301 1282 1355 dixerit,
1309 1300 1410 1360 quia

20 1371 330 1431 AEgyptiorum
368 1371 709 1417 abominationes
742 1372 1007 1417 immolaturi
1041 1382 1157 1416 sunt.
1190 1372 1276 1416 Alii
1306 1385 1411 1415 vero

19 1441 142 1486 latini
164 1441 223 1485 sic
244 1441 411 1485 habent
432 1460 440 1485 ε
470 1460 490 1483 «
506 1444 603 1487 Non
626 1452 768 1502 potest
789 1444 882 1487 fieri
900 1444 958 1488 sic
976 1479 986 1499 ,
1011 1443 1219 1504 quoniam
1242 1441 1413 1486 abomi-

24 1527 46 1555 5)
80 1512 277 1556 nationes
298 1513 606 1571 AEgyptiorum
635 1529 724 1558 non
757 1514 1080 1558 immolabimus
1103 1513 1290 1558 Domino
1322 1515 1413 1556 Deo

7 1608 11 1637 3,
27 1602 47 1626 ¹>
79 1592 243 1627 nostro.
263 1600 283 1623 »
309 1584 588 1627 Contrarium
610 1599 782 1628 sensum
802 1583 906 1628 facit
923 1583 1071 1628 addita
1095 1582 1308 1643 particula
1330 1597 1412 1626 ne-

12 1653 163 1712 'gativa
180 1688 191 1708 ,
214 1669 315 1697 cum
332 1656 503 1710 Moyses
525 1653 705 1698 dixerit:
736 1674 756 1696 (ι
777 1657 874 1699 Non
902 1663 1045 1714 potest
1073 1655 1166 1698 fieri
1194 1654 1281 1698 sic:
1309 1654 1416 1698 abo-

28 1741 49 1766 »
83 1724 340 1768 minationes
374 1724 489 1767 enim
521 1726 831 1783 AEgyptiorum
863 1724 1188 1769 immolabimus
1228 1724 1416 1768 Domino

7 1831 9 1834 .
32 1815 50 1838 »
85 1799 174 1840 Deo
196 1805 344 1840 nostro
366 1815 373 1839 ;
404 1814 424 1836 «
447 1804 489 1838 et
506 1795 604 1839 ideo
622 1796 667 1839 in
685 1811 879 1839 eremum
903 1795 1109 1841 dicebant
1131 1811 1174 1840 se
1196 1796 1258 1839 ire
1275 1794 1389 1840 velle
1403 1830 1414 1850 ‚

29 1865 103 1910 ubi
126 1866 319 1925 AEgyptii
337 1881 426 1910 non
441 1865 638 1909 viderent
660 1866 1005 1910 abominationes
1023 1882 1133 1910 suas.
1157 1869 1251 1910 Hoc
1273 1874 1419 1910 autem

30 1935 364 1994 intelligendum
382 1944 444 1979 est
467 1936 647 1993 mystice
669 1936 902 1994 significari
916 1971 926 1991 ‚
952 1936 1074 1997 quod
1096 1936 1226 1980 etiam
1249 1936 1304 1980 de
1328 1952 1422 1995 pas-

33 2007 199 2051 toribus
223 2006 426 2061 diximus,
447 2007 659 2067 quierant
669 2007 885 2066 AEgyptiis
905 2007 1245 2064 abominabiles3
1266 2015 1309 2050 et
1322 2005 1421 2050 ideo

34 2086 272 2137 separatam
295 2086 454 2120 terram
485 2075 688 2121 Israelitae
712 2086 975 2136 acceperunt
989 2113 999 2133 ,
1020 2093 1122 2121 cum
1138 2085 1355 2122 venerunt
1378 2077 1425 2120 in

36 2150 317 2208 AEgyptum³.
350 2148 416 2193 Sic
439 2148 554 2191 enim
578 2156 622 2191 et
643 2148 849 2192 sacrificia
881 2148 1174 2192 Israelitarum
1195 2147 1425 2193 abomina-

4 2225 14 2271 ι
41 2218 174 2264 tiones
192 2227 294 2263 sunt
315 2218 532 2278 AEgyptiis
546 2253 557 2273 ,
583 2218 695 2263 sicut
714 2219 875 2279 iniquis
893 2219 982 2264 vita
994 2220 1230 2280 justorum.

6 2274 12 2327 l
527 2318 763 2367 QUAEsTlo
794 2320 934 2359 xxm.

99 2421 201 2465 CUM
224 2419 368 2464 ablata
391 2429 502 2464 esset
520 2419 709 2475 locusta,
730 2419 896 2465 dictum
911 2430 974 2465 est
990 2421 1044 2465 de
1063 2421 1311 2466 Pharaone:
1335 2422 1432 2465 «Et

55 2507 76 2531 »
96 2489 347 2548 ingravavit
375 2490 542 2535 Pharao
564 2506 638 2536 cor
661 2506 789 2536 suum
811 2493 942 2536 etiam
964 2492 1012 2537 in
1032 2492 1118 2538 hoc
1139 2500 1334 2552 tempore
1348 2525 1361 2546 ‚
1385 2500 1432 2535 et

93 2590 102 2607 ¹
126 2584 226 2618 Exod.
246 2595 312 2626 vui,
330 2585 385 2617 26.
409 2602 451 2608 —
478 2592 491 2608 ²
513 2585 594 2619 Ibid.
613 2603 656 2610 -
675 2585 688 2610 3
701 2588 780 2620 Gen.
807 2597 889 2630 κινι,
909 2585 962 2629 34.
