1872 3267
345 210 611 248 QUAESTIONES
641 211 689 238 m
719 210 984 250 mvi-rmum,
1019 212 1103 240 un.
1139 212 1206 240 111.
1381 198 1467 240 34⁷

79 275 217 331 cium,
236 274 313 320 sed
333 276 464 320 etiam
485 290 607 320 orare
628 290 708 335 pro
729 274 805 320 illo
828 284 986 335 potest,
1014 274 1188 321 videtur
1212 275 1322 320 mihi
1343 275 1466 336 quod

78 360 123 390 sc.
145 346 277 390 homo
301 345 439 391 solvat
460 346 589 390 etiam
611 362 634 390 a
657 346 822 405 peccati
838 346 1031 402 vinculo,
1048 346 1082 390 si
1103 344 1267 391 indicet
1286 345 1464 403 talibus,

79 417 156 477 qui
180 418 316 477 magis
338 426 520 478 possunt
540 416 744 477 prodesse
765 433 898 478 quam
914 418 1063 463 obesse
1089 418 1282 478 perjuro,
1303 417 1393 463 sive
1411 417 1468 464 ad

78 487 385 548 corrigendum
407 504 530 545 eum,
555 489 644 534 sive
665 488 722 534 ad
742 492 884 534 Deum
903 505 984 550 pro
1011 489 1088 535 illo
1113 487 1407 550 placandum:
1430 490 1466 535 si

78 568 122 604 et
134 559 226 620 ipse
245 558 526 606 confessionis
540 559 746 606 adhibeat
760 560 1037 606 medicinam.

615 657 853 715 QUAEsrio
883 659 934 698 11.

136 763 244 806 Posi*
259 761 343 806 hoc
365 770 512 805 autem
532 761 699 821 peccati
720 775 872 819 genus,
891 759 1013 822 quod
1034 759 1089 805 de
1110 759 1303 821 perjurio
1324 759 1465 805 alicu-

2 827 8 843 ⁷
71 832 142 892 jus
174 847 266 877 non
296 831 487 877 indicato
513 832 885 887 commemoravit,
911 831 1084 876 nullum
1113 847 1193 891 pro
1225 847 1278 876 eo
1302 831 1466 876 sacrifi-

74 904 191 949 cium
205 904 334 964 jussit
354 904 530 950 offerri:
555 903 632 948 sed
653 903 812 948 deinde
835 903 1083 964 subjunxit:
1113 922 1134 946 «
1163 903 1321 948 Anima
1341 919 1466 964 quae-

77 992 97 1015 »
132 989 323 1034 cumque
337 975 525 1033 tetigerit
536 989 712 1019 omnem
726 989 817 1018 rem
829 973 1122 1030 immundam,
1137 982 1213 1018 aut
1225 974 1462 1030 morticini,

77 1063 97 1087 »
133 1054 208 1089 aut
224 1062 248 1089 a
260 1044 352 1090 fera
371 1046 486 1105 capti
498 1044 731 1102 immundi,
747 1054 824 1090 aut
835 1061 988 1089 eorum
1004 1061 1106 1106 quae
1120 1054 1222 1089 sunt
1234 1045 1465 1090 morticina

77 1135 97 1159 »
132 1117 509 1162 abominationum
545 1116 894 1172 immundarum,
927 1117 1210 1162 morticinum
1235 1118 1465 1178 jumento-

76 1206 96 1229 »
132 1204 229 1233 rum
250 1188 601 1233 immundorum:
623 1197 698 1232 aut
723 1189 915 1248 tetigerit
936 1188 992 1233 ab
1018 1188 1297 1233 immunditia
1318 1189 1464 1234 homi-

76 1277 97 1301 »
132 1259 214 1314 nis,
233 1259 290 1303 ab
308 1259 442 1304 ommi
464 1258 738 1303 immunditia
761 1260 869 1320 ejus,
889 1275 1023 1320 quam
1039 1259 1074 1302 si
1092 1259 1298 1318 tetigerit,
1317 1259 1465 1320 inqui-

76 1347 97 1371 »
131 1330 332 1376 nabitur:
360 1340 405 1374 et
425 1330 602 1375 latuerit
622 1345 746 1386 eum,
771 1340 870 1390 post
898 1331 982 1375 hoc
1009 1339 1156 1374 autem
1184 1331 1462 1389 cognoverit,

75 1419 96 1442 »
130 1411 175 1445 et
201 1401 475 1463 deliquerit1.
504 1420 525 1444 »
546 1405 698 1462 Neque
716 1400 787 1446 hic
814 1402 1074 1446 sacrificium
1095 1418 1175 1462 pro
1196 1402 1278 1446 isto
1307 1417 1465 1461 genere

0 1472 5 1535 ’ἐ
71 1473 237 1533 peccati
251 1472 373 1533 quod
391 1472 626 1518 offerretur
642 1474 1013 1528 commemoravit,
1029 1473 1105 1517 sed
1123 1472 1267 1518 adhuc
1286 1474 1460 1534 adjecit,

71 1552 114 1588 et
139 1545 222 1588 ait:
257 1564 277 1586 «
309 1545 467 1589 Anima
489 1559 782 1605 quaecumque
798 1544 1008 1604 juraverit
1037 1543 1308 1603 distinguens
1336 1544 1463 1590 labiis

73 1633 93 1656 »
128 1613 406 1670 malefacere,
441 1624 517 1659 aut
555 1613 834 1669 benefacere,
873 1613 1113 1659 secundum
1153 1615 1297 1659 omnia
1336 1632 1461 1676 quae-

73 1702 92 1725 »
128 1700 319 1745 cumque
355 1684 597 1728 distinxerit
625 1684 760 1728 homo
795 1699 896 1728 cum
924 1683 1178 1745 jejurando,
1207 1693 1250 1728 et
1284 1685 1461 1731 latuerit

70 1773 90 1796 »
125 1769 249 1810 eum,
272 1764 315 1799 ct
335 1754 382 1798 id
404 1754 681 1814 cognoverit,
707 1763 753 1798 et
781 1755 1025 1814 peccaverit
1056 1770 1197 1799 unum
1228 1770 1282 1799 ex
1302 1756 1391 1812 his,
1417 1766 1461 1801 et

70 1843 91 1866 »
125 1823 345 1869 confessus
371 1824 503 1870 fuerit
523 1834 776 1884 peccatum,
802 1841 882 1885 pro
913 1840 1002 1885 quo
1033 1825 1230 1885 peccavit
1251 1824 1460 1871 adversus

69 1914 89 1937 »
124 1896 308 1956 ipsum2.
336 1914 358 1937 »
383 1895 459 1940 His
481 1895 686 1939 omnibus
708 1895 800 1940 sine
820 1894 965 1956 aliqua
983 1896 1312 1956 interpositione
1329 1898 1459 1942 sacri-

66 1966 152 2010 ficii
170 1966 374 2012 connexis
395 1975 439 2010 et
460 1964 696 2025 explicatis,
717 1964 933 2026 adjungit,
956 1975 999 2010 et
1020 1965 1147 2011 dicit:
1178 1985 1199 2009 «
1225 1969 1282 2011 Et
1302 1967 1459 2012 offeret

68 2057 89 2080 »
124 2053 204 2098 pro
218 2038 268 2083 iis
287 2054 387 2098 quae
409 2036 596 2098 deliquit
617 2037 820 2094 Domino,
837 2054 916 2099 pro
938 2047 1118 2098 peccato
1135 2054 1225 2099 quo
1241 2040 1453 2099 peccavit,

68 2128 89 2151 »
122 2107 352 2154 foeminam
379 2109 433 2154 ab
462 2108 618 2154 ovibus
646 2124 819 2168 agnam,
840 2119 915 2154 aut
944 2125 1121 2170 capram
1143 2110 1199 2155 de
1216 2111 1355 2171 capris
1376 2127 1456 2172 pro

68 2199 88 2221 »
122 2189 319 2240 peccato,
339 2189 383 2225 et
404 2179 600 2224 exorabit
616 2195 696 2240 pro
719 2196 770 2225 eo
785 2180 984 2226 sacerdos
1000 2197 1081 2242 pro
1102 2191 1299 2241 peccato,
1320 2191 1364 2226 et
1384 2198 1455 2226 re-

68 2270 88 2292 »
122 2252 320 2296 mittetur
349 2250 412 2295 illi
435 2252 705 2310 peccatum3.
734 2269 755 2293 »
781 2252 899 2305 Quid
921 2261 986 2298 est
1006 2269 1126 2312 ergo,
1152 2252 1273 2314 quod
1293 2268 1373 2313 pro
1391 2262 1456 2297 ta-

63 2322 150 2367 cito
173 2323 430 2383 cujusquam
452 2322 667 2382 perjurio,
693 2332 736 2367 et
760 2338 840 2382 pro
868 2338 919 2368 eo
941 2323 1064 2384 quod
1084 2324 1279 2382 tangitur
1301 2324 1455 2370 morti-

62 2393 211 2436 cinum
230 2392 301 2436 vel
330 2391 495 2452 aliquid
524 2392 823 2448 immundum,
849 2393 1022 2438 nullum
1045 2395 1302 2439 sacrificium
1326 2409 1451 2439 com—

64 2463 340 2521 memoravit3
370 2479 449 2522 pro
481 2478 532 2508 co
568 2479 670 2507 vero
702 2473 881 2522 peccato
912 2465 990 2508 ubi
1020 2464 1179 2510 falsum
1218 2466 1452 2526 quisquam

114 2565 122 2581 ¹
144 2561 220 2592 Lev.
246 2570 279 2601 v,
298 2568 332 2600 2,
354 2559 383 2591 3.
406 2576 447 2582 —-
470 2566 482 2583 ²
501 2559 584 2593 Ibib.
606 2558 639 2600 4,
660 2558 691 2591 5.
709 2576 750 2582 —-
769 2558 935 2601 31bid.7,
957 2560 989 2592 8.
