1872 3267
420 281 502 318 :368
854 292 886 315 s.
924 289 1150 318 AUGUsTIM
1183 291 1363 317 Ex‘tSCOPt

416 363 510 414 post
536 354 625 412 ejus
660 362 843 396 mortem
870 356 1039 411 Moyses
1071 354 1210 398 filium
1244 354 1387 398 fratris
1419 355 1510 398 sui?
1535 354 1578 400 Si
1609 369 1710 413 ergo
1738 355 1794 398 ab

416 424 499 468 alio
524 423 809 477 vestiebatur,
842 423 1058 484 numquid
1088 440 1177 468 non
1206 433 1376 483 poterat
1402 440 1426 468 a
1454 424 1645 469 seeundo
1675 440 1795 469 sum-

416 496 538 538 mus?
562 493 799 553 praesertim
822 493 923 553 quia
945 493 1040 538 talis
1061 504 1151 539 erat
1173 495 1314 550 vestis,
1341 503 1391 538 ut
1419 510 1518 538 eum
1546 495 1601 538 ab
1624 493 1707 538 alio
1728 494 1797 539 in-

415 564 491 609 dui
523 579 695 608 necesse
726 561 892 607 fuerit:
930 580 985 607 an
1014 565 1072 609 sic
1105 564 1370 608 induebatur
1402 564 1547 624 prius,
1584 574 1634 609 ut
1666 565 1795 610 etiam

418 637 588 694 postea?
615 637 712 679 Non
739 633 854 677 enim
882 634 1013 678 semel
1035 634 1213 679 indutus
1243 651 1332 679 non
1354 650 1449 679 eam
1479 635 1697 695 ponebat3
1722 643 1797 679 aut

415 722 514 751 cum
546 705 782 765 posuisset,
819 721 907 749 non
938 721 1032 749 eam
1054 707 1313 750 resumebat.
1344 706 1459 751 Fieri
1485 720 1585 764 ergo
1617 704 1797 751 fortasse

418 786 608 836 poterat,
635 785 685 819 ut
706 775 886 819 secundi
907 776 1115 820 vestirent
1134 777 1348 837 primum,
1379 776 1683 836 obsequendo,
1710 792 1798 821 non

416 845 681 891 excellendo.
707 845 831 890 Unde
848 855 993 890 autem
1012 847 1247 906 apparebat
1263 848 1463 907 quisnam
1479 846 1668 891 filiorum
1685 863 1799 892 sum-

416 933 488 962 mo
501 916 713 961 sacerdoti
729 915 959 960 succedere
977 916 1186 961 deberet?
1200 933 1289 962 non
1307 918 1421 961 enim
1436 917 1795 977 primogenitum,

417 997 493 1032 aut
509 989 713 1048 majorem
741 988 959 1047 Scriptura
981 987 1177 1032 definivit
1199 1008 1207 1032 :
1233 989 1313 1032 nisi
1337 987 1628 1047 intelligamus
1651 986 1798 1049 aliquo

421 1059 567 1104 divino
585 1058 745 1102 indicio
763 1058 853 1102 fieri
879 1058 1029 1112 solere,
1055 1058 1142 1103 sive
1156 1074 1233 1118 per
1255 1059 1538 1117 Prophetam‚
1562 1059 1647 1102 sive
1660 1058 1800 1118 quoli-

420 1130 490 1173 bet
521 1128 603 1173 alio
639 1128 769 1172 modo
802 1145 890 1188 quo
929 1128 1095 1173 consuli
1128 1132 1241 1173 Deus
1270 1128 1379 1173 solet
1412 1148 1420 1173 z
1460 1144 1712 1189 quanquam
1747 1145 1799 1179 ex

417 1199 695 1244 contentione
721 1214 785 1242 res
813 1199 1059 1257 provenisse
1087 1198 1302 1254 videatur,
1326 1208 1375 1243 ut
1397 1209 1545 1259 postea
1572 1208 1799 1259 propterea

418 1270 581 1314 fuerint
603 1270 745 1328 plures
763 1269 920 1312 summi
937 1269 1199 1324 sacerdotes,
1221 1270 1322 1329 quia
1345 1268 1709 1314 contendentibus
1732 1285 1800 1313 ex-

417 1339 762 1393 cellentioribus,
790 1338 875 1383 litis
916 1338 1117 1383 finiendae
1148 1355 1275 1384 causa
1310 1339 1508 1398 pluribus
1538 1341 1680 1385 honor
1710 1339 1801 1399 ipse

421 1412 709 1456 tribuebatur.

904 1542 1138 1592 orcifls'rlo
1170 1543 1308 1581 xxiv.
1356 1520 1366 1525 '

479 1672 594 1722 Qum
617 1676 680 1711 est
698 1666 818 1727 quod
841 1665 1128 1722 dieitMoyses
1147 1664 1201 1707 ad
1217 1667 1360 1708 Aaron
1377 1672 1420 1707 et
1436 1663 1546 1707 filios
1568 1665 1678 1723 ejuS,
1700 1678 1800 1708 eum

420 1739 744 1783 sanctificantur
758 1736 811 1779 ad
830 1735 1070 1778 ineundum
1090 1733 1395 1788 sacerdotium,
1422 1753 1441 1774 «
1466 1733 1534 1777 Ad
1551 1733 1710 1778 ostiuni
1734 1742 1800 1777 ta-

424 1829 442 1850 »
473 1807 692 1852 bernaculi
712 1805 941 1850 testimonii
955 1804 1156 1849 sedebitis
1178 1814 1342 1863 septem
1364 1804 1477 1859 dies,
1497 1804 1566 1847 die
1580 1813 1622 1847 et
1644 1812 1771 1848 nocte
1786 1838 1797 1858 ,

425 1900 442 1920 »
469 1896 522 1923 ne
545 1877 787 1922 moriamini
810 1878 817 1901 ¹
837 1878 854 1919 Ξ)
885 1894 904 1916 »
936 1873 1263 1935 Numquidnam
1278 1873 1484 1918 credibile
1511 1884 1575 1918 est
1597 1874 1680 1918 situ
1701 1889 1800 1918 cor-

423 1950 534 2009 poris
561 1964 649 1992 uno
671 1947 768 1991 loco
801 1944 948 1990 sedere
976 1953 1215 2004 praeceptos
1244 1960 1320 2003 per
1349 1944 1438 1987 dies
1467 1953 1631 2003 septem
1661 1943 1730 1987 die
1759 1952 1819 2016 et!
1858 1960 1863 1978 ὰ

421 2030 570 2076 nocte,
601 2019 717 2062 unde
744 2033 787 2061 se
823 2016 1001 2060 omnino
1032 2031 1121 2059 non
1151 2016 1502 2059 commoverent?
1533 2017 1621 2059 Nec
1659 2018 1819 2186 tamen!
1862 2033 1863 2047 π

422 2092 522 2135 hine
556 2100 761 2148 tanquam
794 2085 1019 2143 allegorice
1041 2084 1206 2145 aliquid
1227 2084 1538 2144 significatum,
1564 2083 1684 2144 quod
1712 2100 1801 2128 non
1822 2112 1823 2117 =
1858 2100 1863 2117 ³

421 2163 558 2215 tieret,
584 2159 659 2203 sed
674 2157 1004 2215 intelligeretur,
1032 2156 1213 2215 eogendi
1232 2172 1377 2201 sumus
1395 2156 1612 2215 acciperc3
1637 2155 1713 2200 sed
1727 2171 1802 2215 po-

423 2233 504 2276 tius
533 2243 763 2289 agnoscere
794 2226 1059 2271 locutionem
1091 2227 1432 2286 Scripturarum‚
1464 2227 1542 2270 ubi
1571 2226 1802 2270 sessionem

422 2317 499 2363 pro
540 2299 806 2344 habitatione
848 2306 891 2340 et
928 2298 1335 2341 commemoratione
1371 2297 1508 2357 ponit.
1549 2299 1646 2341 Non
1684 2296 1819 2340 enim*

421 2372 522 2432 quia
550 2370 715 2415 dictum
746 2377 809 2412 est
835 2367 888 2411 de
917 2369 1056 2411 Seme'i'
1077 2364 1196 2427 quod
1215 2367 1374 2411 sederit
1394 2367 1439 2410 in
1459 2365 1695 2410 Jerusalem
1720 2383 1817 2411 ειη--1

422 2458 500 2486 nos
521 2451 605 2485 tres
628 2444 666 2494 2,
692 2438 790 2482 ideo
809 2436 1054 2497 putandum
1077 2446 1140 2481 est
1161 2453 1236 2497 per
1259 2446 1399 2482 totum
1421 2436 1531 2480 illud
1562 2446 1727 2496 tempus
1755 2437 1817 2482 in.

422 2511 525 2557 sella
549 2510 726 2564 sedisse,
757 2518 799 2552 et
828 2523 916 2551 non
942 2507 1182 2551 surrexisse.
1211 2507 1321 2551 Hinc
1345 2516 1387 2551 et
1415 2506 1533 2551 sedes
1561 2507 1817 2571 dicuntur„

471 2615 479 2631 ¹
503 2608 605 2640 Levit.
627 2618 697 2647 vin,
728 2606 770 2637 ³5.
794 2623 833 2627 —
850 2611 861 2626 ²
884 2605 900 2635 53
925 2606 1000 2645 ch.
1018 2615 1051 2644 ιι,
1072 2604 1123 2634 38
