1872 3267
343 194 607 229 ortwinum
641 196 681 220 m
718 195 930 229 auxesim,
972 196 1048 219 mu.
1089 195 1115 219 1.
1347 182 1426 221 145

47 259 319 320 prophetiam
339 258 449 302 illud
471 267 534 302 est
556 258 599 301 in
623 257 796 302 Psalmo
818 277 826 302 ε
857 277 876 299 «
903 259 1113 302 Dominus
1136 258 1243 302 dixit
1272 257 1397 302 adme
1417 274 1425 298 :

50 349 70 371 η
106 329 241 374 Filius
264 345 385 374 meus
419 345 463 374 es
496 338 542 374 [u
565 331 595 374 ¹.
639 349 658 369 »
689 333 798 374 Nam
831 346 973 390 neque
1008 330 1054 373 in
1076 330 1169 389 ipso
1194 329 1431 389 Evangelio

47 400 172 447 facile
198 400 443 455 invenimus
470 417 492 445 a
525 400 698 446 Christo
730 404 868 458 Deum
896 404 1067 445 Patrem
1093 401 1325 445 Dominum
1355 417 1433 461 ap-

49 470 280 532 pellatum,
310 470 430 532 quod
463 471 670 516 Dominus
700 472 792 531 ejus
815 481 948 529 esset3
973 471 1168 532 quamvis
1202 475 1342 515 Deum
1366 473 1434 516 in-

50 542 272 587 veniamus
294 542 338 586 in
362 540 438 587 illo
462 541 581 597 loco,
610 542 687 586 ubi
710 543 794 587 ait:
824 562 843 584 «
866 543 989 587 Vado
1012 541 1067 586 ad
1090 546 1260 587 Patrem
1288 559 1432 587 meum

52 631 72 654 »
106 622 149 657 et
167 616 337 658 Patrem
358 622 549 657 vestrum
563 649 573 668 ‚
590 617 729 658 Deum
743 629 889 658 meum
912 623 954 658 et
975 617 1113 658 Deum
1141 623 1333 658 vestrum
1349 618 1381 658 ².
1412 633 1431 655 n

48 684 176 739 Quod
187 694 331 729 autem
344 685 552 745 scriptum
566 695 653 730 est:
675 705 691 725 «
708 687 822 731 Dixit
834 686 1043 731 Dominus
1056 686 1239 730 Domino
1254 689 1368 730 meo‘⁵
1382 722 1392 742 ,
1412 705 1431 727 n

50 759 175 802 Pater
197 755 358 801 seilicet
376 755 502 801 Filio.
527 759 606 812 Et,
631 776 651 798 «
672 756 791 801 Pluit
812 757 1021 801 Dominus
1039 773 1062 801 a
1085 757 1293 811 Domino,
1319 776 1338 798 >›
1360 758 1436 818 qui

49 827 264 872 scribebat
293 826 425 885 dixit3
447 836 498 872 ut
521 827 732 872 Dominus
760 828 852 888 ejus
876 844 898 872 a
927 828 1110 872 Domino
1139 828 1230 888 ejus
1246 863 1256 883 ‚
1281 827 1327 872 id
1350 838 1434 882 est,

50 897 258 944 Dominus
290 907 436 943 noster
474 914 498 943 a
538 898 723 943 Domino
759 907 908 944 nostro
947 897 1107 958 pluisse
1144 897 1435 957 intelligatur,

51 968 186 1014 Filius
208 985 231 1013 a
254 971 394 1013 Patre.

571 1079 806 1130 ‹21222135'1‘10
840 1081 919 1118 Lx.

111 1186 236 1236 Qcon
257 1183 302 1226 in
321 1181 407 1237 his,
431 1197 541 1243 quos
565 1182 881 1226 nuntiaverunt
898 1182 1086 1226 Abrahae
1104 1192 1228 1227 natos
1245 1198 1334 1228 esse
1353 1184 1442 1228 filio

52 1251 258 1307 Melchae,
295 1252 546 1297 nominatur
574 1263 614 1295 et
641 1251 856 1297 Chamu'el
895 1261 1018 1312 pater
1056 1255 1264 1311 Syrorum
1280 1255 1289 1279 ⁶
1306 1290 1317 1310 ,
1354 1271 1443 1299 non

54 1323 206 1384 utique
246 1322 310 1366 illi
342 1323 419 1383 qui
453 1324 786 1378 nuntiaverunt,
821 1324 1024 1368 nuntiare
1041 1334 1206 1384 patrem
1234 1329 1443 1383 Syrorum

54 1402 291 1454 potuerunt
311 1413 319 1438 ;
344 1409 393 1437 ex
411 1393 576 1452 origine
602 1394 765 1454 quippe
789 1392 905 1438 illius
925 1397 1134 1452 Syrorum
1159 1412 1293 1455 genus
1314 1396 1444 1456 longe

55 1475 202 1526 postea
224 1474 512 1526 propagatum
535 1474 612 1509 est.
643 1468 727 1510 Sed
745 1465 912 1510 dietum
927 1475 990 1510 est
1006 1483 1028 1510 a
1046 1483 1227 1526 persona
1251 1469 1445 1513 scriben-

56 1537 130 1592 tis,
156 1536 232 1597 qui
251 1545 349 1596 post
370 1536 514 1580 onmia
537 1535 610 1580 illa
632 1545 828 1595 tempora
854 1538 948 1582 haec
971 1538 1202 1583 scribendo
1225 1540 1440 1595 narravit,

55 1607 429 1670 quemadmodum
449 1623 578 1668 supra
597 1607 784 1652 diximus
798 1608 853 1652 de
871 1619 1004 1668 puteo
1011 1609 1278 1669 ju1·ati0nis⁵.

565 1718 802 1767 QUAESTIO
834 1721 933 1758 in.

135 1841 155 1864 «
182 1824 416 1866 Exuimi-:Ns
450 1827 596 1863 autem
631 1819 851 1863 Abraham
885 1819 1080 1865 adoravit
1117 1821 1329 1882 populum
1361 1831 1448 1867 ter-

62 1911 84 1935 »
118 1907 176 1937 1·ae
195 1893 227 1935 ⁶.
262 1910 281 1932 »
308 1889 528 1944 Quaeritur
556 1887 779 1949 quomodo
801 1889 1008 1948 scriptum
1046 1891 1100 1934 sit
1127 1911 1134 1934 :
1171 1911 1189 1933 «
1212 1893 1447 1937 Dominum

66 1983 86 2006 »
119 1967 258 2009 Deum
279 1971 405 2006 tuum
427 1960 641 2016 adorabis,
668 1970 710 2004 et
731 1958 793 2003 illi
816 1960 894 2004 soli
918 1961 1099 2006 servies⁷
1119 1981 1127 2006 :
1149 1980 1168 2002 »
1184 1978 1284 2007 eum
1307 1964 1448 2008 Abra-

61 2034 162 2079 ham
196 2033 254 2078 sic
290 2031 570 2077 honoraverit
601 2029 814 2090 populum
852 2030 1089 2092 quemdam
1131 2033 1327 2091 gentium
1350 2070 1360 2089 ‚
1400 2045 1449 2080 ut

63 2105 190 2150 etiam
207 2102 419 2148 adoraret.
449 2101 533 2147 Sed
550 2101 987 2146 animadvertendum
1011 2111 1074 2147 est
1097 2102 1143 2147 in
1168 2104 1321 2149 eodem
1340 2122 1449 2166 prae-

64 2183 188 2235 cepto
202 2209 214 2230 ,
239 2190 328 2218 non
350 2173 516 2217 dictum
531 2207 542 2227 ‚
568 2191 588 2214 «
609 2172 843 2216 Dominum
874 2175 1013 2217 Deum
1031 2182 1158 2218 tuum
1176 2175 1317 2220 solum
1343 2176 1449 2223 ado-

66 2245 203 2300 rabis,
236 2263 255 2286 »
284 2245 395 2289 sieut
427 2242 594 2288 dictum
620 2251 698 2286 est.
741 2262 760 2284 ι(
786 2245 843 2286 Et
874 2242 938 2286 illi
968 2243 1048 2288 soli
1069 2245 1251 2301 servies,
1282 2266 1300 2288 »
1327 2248 1448 2308 quod

67 2325 129 2360 est
158 2331 296 2374 graece
323 2324 510 2368 >.2‡;2·302v.;.
547 2312 659 2356 Talis
684 2313 800 2356 enim
832 2314 1013 2359 servitus
1041 2316 1215 2360 nonnisi
1250 2321 1339 2362 Deo
1371 2319 1449 2362 de-

69 2386 208 2431 betur.
240 2385 364 2431 Unde
379 2385 643 2429 damnantur
662 2383 986 2440 idololatrae,id
1008 2396 1100 2443 est,
1130 2388 1447 2448 ejusmodiser-

115 2491 124 2507 ¹
146 2484 223 2516 Psal.
240 2495 276 2525 ιι,
296 2494 326 2526 7.
347 2501 388 2506 -—
404 2489 416 2505 ²
439 2485 531 2514 Joan.
552 2493 609 2522 xx,
633 2493 682 2524 ¹7-
710 2500 751 2505 —
773 2481 785 2505 ³
805 2483 887 2515 Psal.
902 2495 964 2524 mx,
989 2495 1017 2516 1.
1038 2501 1079 2507 —-
1098 2482 1113 2509 -4
1136 2487 1214 2517 Gen.
1242 2497 1318 2528 xxii,
1339 2497 1449 2519 21.-

73 2537 86 2562 ”
103 2540 179 2573 ride
193 2551 262 2583 sup.
282 2543 393 2582 quaest.
411 2538 464 2571 55.
489 2555 530 2560 —
549 2536 564 2560 6
587 2540 666 2571 Gen.
689 2550 779 2580 xxiii,
800 2551 831 2582 7.
850 2557 890 2562 -
908 2547 921 2572 7
943 2542 1038 2572 Dent.
1059 2552 1113 2582 vi,
1138 2542 1194 2582 13,
1222 2546 1256 2574 et
1274 2555 1304 2583 x,
1326 2553 1380 2576 20.

254 2603 379 2634 exui.
1241 2598 1291 2635 10
