1872 3267
4 838 9 960 ἶ

355 300 697 335 Quaes'monnsiu
729 299 998 338 LEVITICUM,
1034 301 1116 327 Lm.
1154 302 1219 327 111.
1396 287 1479 325 357

90 364 234 422 ignem
250 398 261 419 ‚
290 363 366 410 sed
394 364 495 411 inde
519 365 677 411 iterum
707 366 932 422 renovari,
960 380 1050 425 quo
1068 362 1249 410 ardeant
1276 364 1358 410 alia
1379 379 1481 425 quae

88 435 389 496 imponuntur.

589 547 825 599 QUAEsrlo
857 550 960 588 xm.

144 651 270 703 Qnon
294 658 440 694 autem
462 650 658 710 sequitur
679 659 722 693 et
744 649 874 695 dicit:
912 670 931 693 α
959 654 1016 695 Et
1041 658 1192 694 exuret
1213 664 1343 709 super
1363 646 1476 692 illud

88 737 108 761 »
143 720 337 764 sacerdos
361 719 478 777 ligna
498 735 625 764 mane
648 736 774 765 mane
789 756 800 776 ,
827 730 870 765 et
897 720 1075 780 stipabit
1107 735 1238 780 super
1259 717 1372 762 illud
1393 719 1476 762 ho-

86 807 106 831 »
143 789 385 834 locaustum
400 826 410 845 ,
433 800 476 835 et
498 800 761 850 superponet
785 807 913 851 super
930 791 1040 835 illud
1063 790 1235 850 adipem
1253 788 1473 841 salutaris,

85 880 106 902 i>
141 862 304 920 etignis
321 877 488 921 semper
501 861 669 906 ardebit
687 862 976 921 superaltare,
994 877 1084 906 non
1102 861 1403 919 extinguetur¹
1424 879 1432 903 :
1453 879 1473 900 >›

16 931 19 946 ¹
81 930 319 976 videndum
355 942 418 976 est
445 941 593 976 utrum
627 953 646 973 α
672 935 800 976 Mane
823 947 973 987 mane,
1003 950 1022 972 »
1059 931 1257 992 quotidie
1286 928 1475 975 voluerit

83 1002 284 1061 intelligi,
318 1013 366 1047 ut
390 1003 538 1048 nullus
562 1003 652 1047 dies
675 1004 1097 1063 prsetermitteretur,
1123 1018 1212 1063 quo
1235 1017 1326 1046 non
1347 1001 1473 1045 inve-

80 1074 246 1117 niretur
262 1074 583 1129 holocaustum,
602 1084 645 1117 et
662 1074 792 1134 adeps
810 1074 1018 1118 salutare:
1037 1090 1090 1117 an
1111 1077 1272 1119 «Mane
1290 1087 1432 1126 manc,
1449 1089 1470 1111 »

79 1155 128 1189 ut
145 1161 425 1206 quocumque
448 1145 517 1190 die
538 1147 852 1206 imponeretur,
880 1146 1052 1190 nonnisi
1074 1160 1201 1189 mane
1224 1145 1472 1204 imponere-

80 1227 163 1262 tur.
194 1219 235 1262 Si
258 1219 373 1261 enim
396 1217 591 1278 quotidie
611 1218 969 1273 intellexerimus,
995 1217 1104 1278 quid
1125 1218 1157 1260 si
1180 1215 1327 1260 nullus
1344 1215 1472 1260 affer-

79 1290 173 1332 ret?
199 1289 241 1333 Si
263 1299 409 1333 autem
442 1299 649 1349 tanquam
671 1288 725 1332 de
749 1288 928 1348 publico
948 1287 1014 1333 vel
1040 1287 1095 1331 de
1122 1303 1200 1331 suo
1229 1285 1472 1332 sacerdotes

15 1369 17 1406 Ξ
78 1359 330 1420 quotidiana
363 1359 615 1403 holocausta
646 1359 968 1418 procurabant3
997 1373 1126 1417 super
1148 1358 1239 1417 ipsa
1272 1358 1472 1417 impone-

14 1458 16 1471 1
81 1430 237 1473 bantur
259 1445 307 1473 ea
323 1465 334 1486 ‚
359 1447 459 1490 quae
475 1430 602 1490 jussit
629 1446 651 1473 a
675 1429 839 1489 populo
865 1429 1010 1474 oblata
1037 1445 1115 1488 pro
1133 1429 1320 1488 peccatis
1342 1444 1472 1488 super

81 1499 328 1544 holocausta
347 1501 541 1560 imponi3
562 1510 605 1544 et
627 1516 715 1544 non
739 1509 830 1544 erat
852 1514 1025 1544 neccsse
1043 1499 1246 1543 offerenti
1263 1499 1470 1543 sacrificia

77 1586 155 1630 pro
171 1582 350 1630 peccato
367 1606 377 1625 ,
403 1571 532 1614 etiam
559 1569 866 1614 holocaustum
889 1570 1048 1613 offerre
1070 1585 1198 1629 super
1221 1568 1342 1629 quod
1358 1568 1467 1614 illud

78 1642 390 1700 imponeretur,
420 1640 500 1684 nisi
523 1641 702 1700 quando
735 1657 812 1700 par
835 1650 1057 1684 turturum
1085 1640 1368 1696 offerebatur,
1396 1651 1470 1685 aut

76 1712 164 1756 duo
179 1711 288 1771 pulli
307 1711 546 1755 columbini
564 1731 572 1755 ε
594 1727 694 1755 nam
708 1712 767 1754 ibi
786 1711 965 1755 omnino
981 1710 1212 1754 definitum
1229 1720 1308 1766 est,
1328 1726 1468 1755 unum

12 1769 15 1843 s
78 1798 155 1842 pro
177 1791 378 1842 peccato,
404 1781 590 1826 alterum
623 1782 667 1825 in
700 1781 1005 1826 holocaustum
1034 1782 1181 1825 offerri
1213 1786 1466 1841 oporterc‘23

77 1862 119 1896 et
152 1853 271 1912 prius
312 1868 391 1912 pro
429 1861 608 1911 peccato
626 1887 636 1907 ,
673 1851 831 1895 deinde
865 1852 908 1895 in
940 1852 1259 1896 holocaustum.
1306 1851 1472 1895 Deinde

75 1924 212 1984 quaeri
228 1932 391 1983 potest,
413 1932 561 1966 utrum
582 1921 891 1966 holocaustum
911 1922 1033 1982 quod
1050 1938 1177 1966 mane
1201 1923 1468 1982 nianejussit

76 1994 265 2054 imponi,
286 1995 428 2053 ipsum
455 1994 584 2037 etiam
601 2008 678 2052 per
705 2002 841 2037 totam
864 2003 1036 2037 noctem
1060 1994 1232 2038 arderet
1252 2010 1391 2054 usquc
1413 1994 1466 2037 ad

77 2064 259 2108 alterum
274 2079 423 2120 mane3
442 2079 497 2107 an
510 2062 619 2107 illud
638 2064 758 2122 quod
774 2064 848 2119 ait,
864 2073 954 2108 tota
975 2074 1103 2108 nocte
1120 2064 1271 2108 ardere
1285 2064 1465 2119 debere,

77 2134 379 2180 holocaustum
395 2134 527 2178 fuerit
538 2134 850 2193 vespertinum,
869 2144 912 2178 et
927 2135 1087 2179 deinde
1102 2136 1283 2195 coeperit
1301 2136 1355 2180 de
1372 2135 1469 2194 lege

77 2203 315 2249 holocausti
343 2204 507 2258 dicere,
540 2213 589 2248 ut
618 2219 640 2247 a
670 2205 917 2263 vespertino
939 2204 1195 2249 holocausto
1220 2206 1431 2265 inciperet
1454 2226 1461 2250 :

78 2275 196 2335 quod
223 2275 382 2319 mirum
404 2284 467 2319 est
490 2275 524 2318 si
546 2284 733 2329 taceret,
770 2291 850 2319 nec
880 2276 1134 2321 admoneret
1168 2276 1267 2321 talia
1290 2292 1468 2336 vespere

79 2347 223 2391 offerri
245 2356 460 2406 oportere.

125 2451 132 2466 ¹
154 2446 252 2477 Levit.
274 2457 317 2486 νι,
343 2454 393 2485 12,
421 2446 469 2476 13.
490 2461 531 2467 --
551 2444 628 2476 2111.
651 2455 684 2479 v,
701 2456 732 2486 7*
