1872 3267
1815 0 1838 219 4

417 157 501 197 446
641 177 643 180 ⁴
835 169 868 198 s.
904 170 1133 199 Aueusnm
1166 172 1346 199 EPlseom

413 251 434 275 »
462 233 570 277 bum
592 233 764 277 Domini
787 235 1072 294 contempsit,
1099 244 1141 280 et
1162 234 1366 280 mandata
1394 235 1483 295 ejus
1506 235 1763 295 disperdidit
1782 256 1792 282 ι

413 322 434 345 »
455 303 714 348 contritione
729 313 978 349 conteretur
989 306 1133 350 anima
1147 305 1236 361 illa,
1253 315 1482 365 peccatum
1494 307 1584 366 ejus
1597 312 1642 350 in
1653 306 1762 352 illa1.
1772 325 1792 349 »

412 376 521 428 Quae
544 374 628 418 sint
648 383 824 434 peccata
841 391 939 435 quae
955 375 1070 420 fiunt
1090 376 1136 420 in
1154 392 1289 421 manu
1306 376 1536 437 superbiae,
1551 375 1598 420 id
1619 385 1698 433 est,
1723 393 1797 421 su-

412 445 563 505 perbia
585 446 942 502 committuntur,
981 447 1199 506 Scriptura
1231 448 1322 507 ipsa
1351 446 1397 490 in
1435 446 1796 507 consequentibus

412 515 512 560 satis
533 517 749 576 exposuit,
772 516 850 559 ubi
874 516 932 560 ait
957 536 965 561 :
991 536 1010 558 «
1036 518 1252 570 Quoniam
1273 517 1457 562 verbum
1486 517 1661 561 Domini
1688 534 1797 563 con·-

414 604 436 629 >›
462 587 651 647 tempsit.
682 606 701 628 »
733 586 865 631 Aliud
892 597 955 631 est
983 603 1085 647 ergo
1115 598 1329 648 praecepta
1351 597 1652 644 contemnere,
1679 587 1797 634 aliud

412 658 558 717 magni
585 657 763 718 quidem
782 656 995 717 pendere,
1025 657 1100 702 sed
1122 668 1197 702 aut
1223 658 1422 717 ignarum
1456 668 1607 703 contra
1629 657 1793 715 facere,

412 738 488 773 aut
504 729 683 773 victum.
706 731 814 781 Quae
836 728 925 772 duo
947 728 1126 773 tortasse
1153 729 1398 788 pertineant
1423 728 1479 773 ad
1499 728 1572 773 illa
1594 739 1792 788 peccata,

411 815 511 860 quae
534 815 557 843 a
578 799 829 843 nolentibus
854 800 987 854 fiunt,
1013 798 1067 842 de
1098 799 1258 859 quibus
1286 800 1480 859 superius
1508 799 1796 859 quemadmo-

410 869 518 914 dum
536 873 624 913 Deo
637 869 871 929 propitiato
887 869 1162 928 expiarentur
1175 868 1424 926 admonuit,
1440 885 1488 913 ac
1500 868 1601 913 inde
1615 869 1799 930 subjecit

409 949 587 1001 peccata
608 940 837 1000 superbiae,
863 955 963 983 cum
985 940 1169 1000 quisquc
1191 939 1497 999 superbiendo,
1520 939 1565 984 id
1588 950 1666 993 est,
1689 957 1798 1001 prae-

411 1021 589 1072 ceptum
606 1011 944 1066 contemnendo,
960 1027 1187 1071 perperam
1198 1012 1314 1056 facit.
1332 1010 1460 1064 Quod
1482 1027 1616 1070 genus
1632 1013 1797 1072 peccati

410 1101 500 1130 non
522 1082 628 1128 dixit
648 1083 740 1128 ullo
764 1099 918 1142 genere
933 1083 1126 1127 sacrificii
1147 1083 1320 1143 purgari
1343 1093 1563 1143 oportere,
1589 1093 1796 1144 tanquam

409 1156 650 1201 insanabile
665 1155 887 1216 judicans,
908 1153 981 1198 illa
1007 1153 1220 1198 duntaxat
1239 1155 1485 1209 curatione,
1505 1171 1604 1214 quae
1628 1170 1704 1214 per
1725 1171 1794 1199 sa·
1827 1174 1830 1215 ς

407 1228 566 1274 crificia
587 1228 873 1287 gerebantur,
899 1225 1044 1287 qualia
1066 1224 1262 1270 facienda
1282 1226 1326 1270 in
1345 1226 1425 1271 hac
1446 1227 1666 1285 Scriptura
1688 1243 1797 1287 prae-
1827 1217 1830 1241 ¹

408 1299 632 1359 cipiuntur
658 1318 666 1343 :
692 1313 791 1358 quae
813 1298 847 1341 si
864 1312 941 1357 per
963 1312 1006 1340 se
1027 1297 1116 1356 ipsa
1147 1297 1450 1353 attendantur,
1483 1295 1594 1341 nulli
1615 1307 1793 1357 peccato

408 1379 590 1430 possunt
606 1368 771 1414 mederi
784 1389 795 1426 3
815 1368 849 1412 si
863 1376 1009 1412 autem
1022 1382 1087 1411 res
1104 1368 1207 1427 ipsae
1220 1383 1407 1428 quarum
1420 1368 1512 1412 haec
1527 1377 1794 1413 sacramenta

407 1449 513 1485 sunt
532 1440 810 1501 inquirantur
825 1473 836 1494 ,
862 1438 907 1482 in
935 1436 993 1481 eis
1015 1436 1199 1481 inveniri
1222 1437 1382 1497 poterit
1411 1437 1614 1497 purgatio
1637 1453 1793 1498 pecca-

408 1521 569 1557 torum.
596 1509 726 1565 Quod
747 1526 850 1570 ergo
873 1509 1082 1569 scriptum
1099 1518 1163 1553 est
1188 1529 1196 1553 :
1218 1528 1237 1551 «
1263 1512 1490 1565 Peccator,
1509 1524 1610 1553 cum
1627 1509 1795 1554 venerit

410 1600 431 1624 »
455 1583 501 1627 in
522 1580 795 1642 profundum
812 1580 1050 1637 malorum,
1075 1579 1342 1625 contemnit²
1356 1614 1367 1635 ,
1388 1597 1408 1621 »
1431 1579 1511 1623 iste
1529 1578 1793 1638 significatus

407 1663 497 1708 est,
521 1668 651 1714 quem
677 1651 898 1712 Scriptura
918 1652 1116 1696 hocloco
1143 1649 1272 1706 dicit,
1307 1669 1328 1692 «
1355 1649 1401 1694 in
1418 1665 1552 1694 manu
1577 1650 1792 1710 superbiae

406 1723 705 1785 delinquere.»
724 1726 817 1768 Hoc
839 1723 971 1781 igitur
987 1722 1077 1766 sine
1089 1737 1219 1782 poena
1236 1722 1326 1782 ejus
1339 1721 1414 1782 qui
1434 1720 1667 1766 committit
1678 1756 1688 1776 ,
1702 1737 1793 1766 non

407 1805 550 1856 potest
571 1795 758 1853 aboleri,
782 1804 912 1855 atque
934 1794 1033 1838 ideo
1057 1809 1147 1838 non
1160 1802 1302 1853 potest
1324 1807 1413 1836 esse
1434 1792 1723 1852 impunitum,
1748 1801 1792 1837 et

406 1882 508 1912 cum
535 1866 793 1926 poenitendo
830 1873 1004 1909 sanatur
1030 1883 1038 1909 :
1071 1863 1161 1923 ipsa
1181 1863 1297 1907 enim
1328 1863 1505 1907 afflictio
1537 1862 1791 1923 poenitentis

407 1955 540 2000 poena
562 1937 727 1998 peccati
749 1946 832 1992 est,
853 1936 1050 1997 quamvis
1068 1934 1333 1979 medicinalis
1348 1944 1390 1979 et
1411 1935 1608 1980 salubris.
1633 1935 1790 1980 Merito

405 2009 569 2070 quippe
590 2023 796 2066 magnum
812 2007 1032 2067 judicatur
1052 2015 1281 2066 peccatum
1300 2041 1311 2060 ,
1337 2021 1436 2050 cum
1459 2005 1661 2066 superbia
1678 2020 1790 2066 prae-
1821 2018 1824 2028 ·

406 2090 582 2140 ceptum
602 2079 865 2124 contemnit:
887 2078 962 2122 scd
976 2094 999 2122 e
1020 2078 1252 2133 contrario,
1273 2087 1322 2121 ut
1336 2079 1473 2122 sanari
1492 2077 1644 2137 possit,
1666 2096 1686 2119 «
1703 2079 1789 2122 Cor

409 2169 431 2193 »
457 2151 692 2196 contritum
714 2160 757 2194 et
774 2149 1050 2193 humiliatum
1073 2153 1186 2193 Deus
1209 2165 1298 2193 non
1326 2149 1530 2208 spe1·nit³.
1556 2167 1576 2190 »
1602 2151 1788 2192 Verum-
1820 2185 1823 2197 ,

406 2209 673 2282 Ῑᾶηιεη’(μιί3
695 2220 784 2264 sine
808 2235 1037 2279 poenanon
1059 2219 1133 2274 fit,
1160 2217 1258 2263 idco
1279 2219 1381 2263 hinc
1398 2217 1498 2262 talia
1515 2218 1628 2263 dicta
1647 2227 1749 2262 sunt
1773 2237 1782 2262 ε
1820 2206 1823 2217 ’

410 2312 432 2335 «
452 2296 607 2348 Deum,
638 2290 801 2352 inquit,
826 2290 896 2334 hic
914 2290 1140 2334 exacerbat
1165 2309 1174 2335 ε
1198 2308 1217 2331 n
1241 2290 1342 2350 quia
1366 2293 1477 2334 Deus
1498 2289 1696 2349 superbis
1718 2305 1786 2333 re-

404 2364 545 2409 sistit4.
576 2365 672 2408 «Et
702 2361 1060 2407 exterminabitur
1092 2361 1236 2405 anima
1255 2360 1326 2405 illa
1357 2360 1411 2405 de
1443 2359 1609 2420 populo
1631 2375 1736 2418 suo3
1759 2378 1778 2400 υ

1860 1920 1872 2366 zzz-avam*

453 2467 461 2484 ¹
482 2463 575 2494 Num.
595 2471 655 2502 xv,
676 2459 742 2502 30,
761 2459 816 2492 31.
835 2475 876 2481 ——
907 2466 920 2482 ²
947 2461 1041 2492 Prov.
1064 2469 1164 2501 xvm,
1195 2459 1225 2491 3.
1253 2475 1294 2481 —-
1320 2455 1334 2482 3
1357 2458 1436 2490 Psal.
1465 2469 1503 2500 ι,
1533 2461 1583 2491 ι9.
1608 2473 1649 2480 --
1672 2455 1688 2487 so
1710 2459 1779 2490 Jac.
1818 2459 1820 2498 ξ

404 2527 434 2550 iv
450 2541 459 2559 ,
483 2517 515 2549 6.

1860 2464 1872 2508 Ξ».-
