1872 3267
456 215 725 252 Qtfflsaiomss
758 216 801 241 nv
836 214 1025 251 acincus,
1064 216 1144 241 mn.
1181 217 1194 240 x
1209 216 1255 240 ιι.
1470 201 1548 240 611

164 279 365 323 »Domini
379 281 480 324 Jcsu
493 278 669 333 Christi,
685 287 727 322 et
738 277 1144 321 remittenturvobis
1157 284 1333 337 peccata
1341 278 1497 321 vcstra²
1512 294 1551 320 :»

158 348 246 394 sive
271 349 344 395 illa
368 351 512 410 potius
540 349 808 409 significetur
829 364 929 410 quae
964 349 1009 392 in
1042 348 1129 392 fine
1161 356 1359 408 speratur
1383 346 1555 393 vocatio

158 419 297 477 gentis
325 419 472 464 Israel.
508 419 646 478 Magis
674 418 838 478 quippe
861 418 952 478 ipsa
979 417 1154 463 videtur
1178 433 1384 478 apparere
1412 418 1458 462 in
1475 432 1553 473 eo,

155 489 490 550 quodbdicitur,
519 509 539 532 «
560 492 617 533 Et
638 488 804 533 facturn
827 498 891 533 est
917 498 1015 549 post
1043 488 1134 533 dies
1162 508 1171 534 ε
1199 507 1219 530 >›
1251 488 1372 550 quod
1401 488 1554 549 utique

156 570 254 620 post
275 569 447 622 tempus
480 560 722 621 significat3
748 570 791 605 et
816 575 893 620 per
916 561 999 605 hoc
1022 560 1215 604 insinuat
1242 575 1333 605 non
1350 558 1462 604 illud
1489 560 1557 603 in-

156 630 443 690 telligendum
464 632 586 694 quod
607 632 769 676 recenti
799 631 972 676 Domini
995 632 1192 692 passione
1214 640 1302 687 est,
1335 630 1413 675 sed
1433 628 1556 691 quod

156 712 305 762 postea
326 701 528 748 futurum
551 712 628 748 est.
654 706 752 756 Quo
765 702 938 747 videtur
956 703 1086 746 etiam
1104 701 1151 746 id
1163 702 1404 762 pertinere,
1429 699 1553 762 quod

155 775 343 820 seniores
357 776 521 821 Gaalad
533 774 817 821 veneruntad
829 776 1004 835 Jephte,
1020 784 1072 819 ut
1083 790 1160 835 per
1172 783 1347 820 aetatem
1366 773 1553 818 senilem

156 848 395 907 posteriora
416 858 460 893 et
473 849 703 894 novissima
725 857 924 907 tempora
941 846 1193 908 accipienda
1214 847 1313 892 sint.
1334 849 1555 905 Interpre-

156 928 273 964 tatur
303 929 451 965 autem
478 919 658 975 Galam,
688 919 909 980 Abjiciens
951 919 1039 964 sive
1083 917 1304 964 revelatio.
1350 921 1552 971 Quorum

155 1001 392 1054 utrumque
405 993 504 1038 satis
518 1002 617 1053 apte
624 993 728 1036 huic
738 993 796 1036 rei
808 993 1026 1052 congruit,
1041 993 1143 1053 quia
1156 992 1298 1052 primo
1307 992 1498 1037 Dominu
1508 1006 1553 1036 m

155 1065 376 1109 Christum
392 1066 661 1126 abjecerunt,
688 1066 836 1127 cisque
849 1074 999 1126 postea
1016 1064 1298 1110 revelabitur.

213 1139 313 1180 XX.
335 1137 466 1190 Quod
488 1153 592 1182 vero
616 1146 768 1182 contra
798 1136 908 1181 filios
930 1139 1122 1181 Ammon
1153 1133 1244 1179 dux
1274 1134 1555 1197 quaerebatur

153 1209 337 1267 Jephte,
362 1209 523 1269 quibus
543 1209 666 1253 victis
687 1208 1000 1263 liberarentur,
1029 1209 1105 1269 qui
1127 1224 1179 1253 eo
1204 1208 1316 1252 duce
1339 1207 1546 1252 adversus

153 1277 249 1324 illos
282 1278 444 1323 bellare
471 1280 729 1339 cupiebant,
752 1279 963 1340 quoniam
993 1279 1305 1340 interpretatur
1334 1281 1543 1334 Ammon,

95 1356 100 1357 ⁷
154 1352 187 1394 F
192 1349 274 1395 lius
288 1350 440 1411 populi
457 1351 542 1395 mei
555 1350 644 1396 sive
654 1349 844 1411 populus
858 1349 1074 1406 moeroris,
1090 1348 1289 1410 profecto
1303 1359 1380 1394 aut
1392 1348 1457 1393 illi
1469 1348 1553 1408 sig·-

153 1424 389 1469 nificantur
401 1424 581 1479 inimici,
597 1423 673 1484 qui
686 1439 739 1467 ex
750 1423 842 1483 ipsa
861 1432 990 1482 gente
1001 1431 1324 1482 perseverantes
1338 1423 1384 1467 in
1396 1420 1552 1466 infide-

152 1494 275 1541 litate
295 1495 494 1556 praedicti
515 1504 618 1540 sunt
636 1515 644 1540 :
666 1504 742 1540 aut
763 1495 943 1539 omnino
960 1509 1110 1539 omnes
1133 1494 1346 1554 gehennae
1365 1492 1552 1554 praedes-

153 1567 280 1612 tinati
296 1604 307 1624 ,
329 1568 408 1613 ubi
435 1568 518 1612 erit
540 1568 598 1612 eis
632 1567 761 1612 fletus
789 1576 833 1612 et
857 1566 1017 1612 stridor
1053 1567 1303 1624 dentium2,
1335 1560 1549 1627 tanquam

151 1640 320 1700 populo
360 1640 574 1685 moeroris.
613 1642 877 1701 Quanquam
913 1639 1103 1700 populus
1144 1640 1345 1685 moeroris
1363 1675 1374 1695 ‚
1415 1639 1548 1685 etiam

152 1710 355 1755 diabolus
377 1719 421 1755 et
442 1709 585 1769 angeli
605 1711 697 1770 ejus
719 1725 810 1754 non
830 1710 1189 1754 inconvenienter
1211 1710 1542 1770 intelliguntur,

153 1782 242 1828 sive
255 1782 358 1844 quia
371 1790 579 1826 aeternam
589 1781 806 1826 miseriam
819 1781 893 1836 eis,
905 1797 1016 1842 quos
1028 1780 1270 1841 decipiunt,
1288 1783 1520 1844 acquirunt
1532 1804 1544 1842 3

154 1855 243 1900 sive
265 1854 368 1916 quia
391 1863 434 1899 ct
452 1853 532 1914 ipsi
547 1861 722 1898 aeternae
742 1853 924 1898 miseriae
945 1852 1146 1912 deputati
1163 1862 1280 1898 sunt.

212 1928 336 1971 XXI.
362 1924 596 1984 Eleganter
607 1940 709 1970 sane
730 1924 786 1969 ad
808 1924 1132 1985 exprimendam
1144 1925 1286 1971 multo
1303 1925 1549 1973 evidentius

154 1997 430 2058 prophetiam
451 1997 610 2056 Jephte
627 1994 851 2056 respondit
873 1996 1117 2041 senioribus
1134 1995 1321 2042 Galaad:
1346 2017 1367 2041 «
1390 2000 1547 2044 Nonne

157 2086 178 2110 n
207 2083 284 2113 vos
303 2067 405 2113 odio
430 2067 643 2112 habuistis
664 2082 736 2111 me
752 2101 763 2122 ,
789 2075 833 2111 et
855 2067 1038 2128 ejecistis
1059 2082 1131 2111 me
1166 2067 1222 2112 de
1255 2067 1390 2114 domo
1415 2070 1551 2130 patris

158 2156 178 2180 »
195 2139 304 2195 mei,
330 2147 374 2183 et
395 2138 591 2182 emisistis
612 2152 682 2181 me
704 2152 728 2181 a
747 2138 899 2182 vobis?
916 2141 974 2184 Et
993 2136 1102 2199 quid
1124 2148 1188 2183 est
1208 2139 1332 2200 quod
1352 2141 1545 2197 venistis,

156 2228 177 2251 »
204 2209 384 2271 quando
406 2208 604 2254 tribulati
625 2208 776 2253 estisss?
798 2227 820 2251 »
843 2209 946 2254 Tale
977 2209 1144 2271 aliquid
1157 2211 1395 2270 figuratum
1417 2222 1482 2258 est
1503 2213 1550 2259 in

155 2282 337 2342 Joseph,
364 2296 497 2342 quem
514 2279 666 2325 fratres
687 2279 926 2326 vendentes
943 2281 1225 2342 abjecerunt3
1250 2292 1294 2328 et
1309 2299 1412 2328 cum
1432 2283 1549 2330 fame

154 2352 492 2408 tribularentur,
525 2351 581 2396 ad
607 2352 700 2412 ejus
729 2367 859 2412 opem
886 2353 1315 2415 misericordiamque
1351 2356 1550 2402 conversi

156 2424 297 2469 sunt⁴.
322 2424 402 2469 Hic
423 2439 527 2469 vero
548 2422 689 2468 multo
719 2422 904 2483 amplius
927 2423 1069 2468 elucet
1090 2424 1349 2484 significatio
1369 2425 1547 2473 futuro-

204 2527 211 2543 ¹
234 2523 307 2554 Act.
330 2533 369 2564 11,
389 2521 442 2554 38.
469 2539 511 2545 -
535 2528 548 2544 ²
565 2520 677 2554 matth.
702 2531 758 2563 XV,
778 2519 831 2553 30.
852 2536 894 2543 —
915 2518 929 2544 3
951 2521 1056 2554 Judic.
1079 2531 1124 2564 x1,
1147 2531 1179 2564 7.
1210 2539 1252 2545 -
1268 2520 1286 2552 4
1310 2524 1389 2557 Gen,
1411 2535 1546 2568 xxxva,

157 2577 218 2617 283
239 2582 273 2610 et
294 2577 343 2610 Id.
362 2588 436 2609 xLu.

1346 2633 1411 2672 39.
