<?xml version="1.0" encoding="UTF-8"?>
<!DOCTYPE html PUBLIC "-//W3C//DTD XHTML 1.0 Transitional//EN"
    "http://www.w3.org/TR/xhtml1/DTD/xhtml1-transitional.dtd">
<html xmlns="http://www.w3.org/1999/xhtml" xml:lang="en" lang="en">
 <head>
  <title>
</title>
<meta http-equiv="Content-Type" content="text/html;charset=utf-8" />
  <meta name='ocr-system' content='tesseract 3.04.00' />
  <meta name='ocr-capabilities' content='ocr_page ocr_carea ocr_par ocr_line ocrx_word'/>
</head>
<body>
  <div class='ocr_page' id='page_1' title='image "./operaomniaaccura06auguuoft_0530.png"; bbox 0 0 1872 3267; ppageno 0'>
   <div class='ocr_carea' id='block_1_1' title="bbox 1810 0 1872 3267">
    <p class='ocr_par' dir='ltr' id='par_1_1' title="bbox 1810 0 1872 3267">
     <span class='ocr_line' id='line_1_1' title="bbox 1810 0 1837 377; baseline 0 0"><span class='ocrx_word' id='word_1_1' title='bbox 1810 0 1837 377; x_wconf 95' lang='lat' dir='ltr'>  </span> 
     </span>
     <span class='ocr_line' id='line_1_2' title="bbox 1818 377 1843 1022; baseline 0 0"><span class='ocrx_word' id='word_1_2' title='bbox 1818 377 1843 1022; x_wconf 95' lang='lat' dir='ltr'>   </span> 
     </span>
     <span class='ocr_line' id='line_1_3' title="bbox 1823 1171 1872 1914; baseline 0 -621"><span class='ocrx_word' id='word_1_3' title='bbox 1823 1171 1872 1914; x_wconf 95' lang='lat' dir='ltr'>    </span> 
     </span>
     <span class='ocr_line' id='line_1_4' title="bbox 1830 1914 1867 2475; baseline 0 0"><span class='ocrx_word' id='word_1_4' title='bbox 1830 1914 1867 2355; x_wconf 95' lang='lat' dir='ltr'>  </span> <span class='ocrx_word' id='word_1_5' title='bbox 1842 2354 1867 2475; x_wconf 95' lang='lat' dir='ltr'>  </span> 
     </span>
     <span class='ocr_line' id='line_1_5' title="bbox 1838 2475 1872 3267; baseline 0 -501"><span class='ocrx_word' id='word_1_6' title='bbox 1838 2475 1872 3267; x_wconf 95' lang='lat' dir='ltr'>  </span> 
     </span>
    </p>
   </div>
   <div class='ocr_carea' id='block_1_2' title="bbox 431 208 1392 249">
    <p class='ocr_par' dir='ltr' id='par_1_2' title="bbox 431 208 1392 249">
     <span class='ocr_line' id='line_1_6' title="bbox 431 208 1392 249; baseline -0.001 0"><span class='ocrx_word' id='word_1_7' title='bbox 431 208 513 249; x_wconf 78' lang='lat'>524</span> <span class='ocrx_word' id='word_1_8' title='bbox 881 222 914 249; x_wconf 78' lang='lat' dir='ltr'>s.</span> <span class='ocrx_word' id='word_1_9' title='bbox 950 219 1180 249; x_wconf 73' lang='lat' dir='ltr'>Aucusnm</span> <span class='ocrx_word' id='word_1_10' title='bbox 1212 221 1392 249; x_wconf 73' lang='lat' dir='ltr'>Emscom</span> 
     </span>
    </p>
   </div>
   <div class='ocr_carea' id='block_1_3' title="bbox 430 284 1827 692">
    <p class='ocr_par' dir='ltr' id='par_1_3' title="bbox 430 284 1827 693">
     <span class='ocr_line' id='line_1_7' title="bbox 432 284 1815 346; baseline 0.004 -19"><span class='ocrx_word' id='word_1_11' title='bbox 432 305 452 327; x_wconf 84' lang='lat'>»</span> <span class='ocrx_word' id='word_1_12' title='bbox 489 299 683 343; x_wconf 62' lang='lat' dir='ltr'>magnam,</span> <span class='ocrx_word' id='word_1_13' title='bbox 717 299 825 346; x_wconf 88' lang='lat' dir='ltr'>quas</span> <span class='ocrx_word' id='word_1_14' title='bbox 857 284 1062 330; x_wconf 85' lang='lat' dir='ltr'>viderunt</span> <span class='ocrx_word' id='word_1_15' title='bbox 1090 284 1207 331; x_wconf 90' lang='lat' dir='ltr'>oculi</span> <span class='ocrx_word' id='word_1_16' title='bbox 1243 285 1335 340; x_wconf 89' lang='lat' dir='ltr'>tui,</span> <span class='ocrx_word' id='word_1_17' title='bbox 1375 285 1495 344; x_wconf 85' lang='lat' dir='ltr'>signa</span> <span class='ocrx_word' id='word_1_18' title='bbox 1539 295 1582 330; x_wconf 90' lang='lat' dir='ltr'>et</span> <span class='ocrx_word' id='word_1_19' title='bbox 1621 287 1815 346; x_wconf 68' lang='lat' dir='ltr'>prodigia:</span> 
     </span>
     <span class='ocr_line' id='line_1_8' title="bbox 432 354 1814 413; baseline 0.002 -16"><span class='ocrx_word' id='word_1_20' title='bbox 432 375 452 397; x_wconf 90' lang='lat'>»</span> <span class='ocrx_word' id='word_1_21' title='bbox 487 354 561 399; x_wconf 85' lang='lat' dir='ltr'>illa</span> <span class='ocrx_word' id='word_1_22' title='bbox 599 370 777 413; x_wconf 81' lang='lat' dir='ltr'>magna,</span> <span class='ocrx_word' id='word_1_23' title='bbox 810 363 854 398; x_wconf 90' lang='lat' dir='ltr'>et</span> <span class='ocrx_word' id='word_1_24' title='bbox 885 370 1064 400; x_wconf 85' lang='lat' dir='ltr'>manum</span> <span class='ocrx_word' id='word_1_25' title='bbox 1098 354 1302 401; x_wconf 83' lang='lat' dir='ltr'>validam.</span> <span class='ocrx_word' id='word_1_26' title='bbox 1331 357 1388 400; x_wconf 91' lang='lat' dir='ltr'>Et</span> <span class='ocrx_word' id='word_1_27' title='bbox 1405 371 1494 400; x_wconf 93' lang='lat' dir='ltr'>non</span> <span class='ocrx_word' id='word_1_28' title='bbox 1511 355 1633 401; x_wconf 85' lang='lat' dir='ltr'>dedit</span> <span class='ocrx_word' id='word_1_29' title='bbox 1664 357 1814 401; x_wconf 91' lang='lat' dir='ltr'>Domi-</span> 
     </span>
     <span class='ocr_line' id='line_1_9' title="bbox 433 425 1825 482; baseline 0.004 -15"><span class='ocrx_word' id='word_1_30' title='bbox 433 445 452 467; x_wconf 91' lang='lat'>»</span> <span class='ocrx_word' id='word_1_31' title='bbox 480 441 562 470; x_wconf 90' lang='lat' dir='ltr'>nus</span> <span class='ocrx_word' id='word_1_32' title='bbox 589 428 702 470; x_wconf 91' lang='lat' dir='ltr'>Deus</span> <span class='ocrx_word' id='word_1_33' title='bbox 733 425 857 470; x_wconf 89' lang='lat' dir='ltr'>vobis</span> <span class='ocrx_word' id='word_1_34' title='bbox 890 441 965 470; x_wconf 88' lang='lat' dir='ltr'>cor</span> <span class='ocrx_word' id='word_1_35' title='bbox 993 426 1126 482; x_wconf 86' lang='lat' dir='ltr'>scire,</span> <span class='ocrx_word' id='word_1_36' title='bbox 1160 436 1204 471; x_wconf 90' lang='lat' dir='ltr'>et</span> <span class='ocrx_word' id='word_1_37' title='bbox 1232 425 1379 471; x_wconf 88' lang='lat' dir='ltr'>oculos</span> <span class='ocrx_word' id='word_1_38' title='bbox 1411 425 1584 482; x_wconf 87' lang='lat' dir='ltr'>videre,</span> <span class='ocrx_word' id='word_1_39' title='bbox 1619 436 1664 471; x_wconf 92' lang='lat' dir='ltr'>et</span> <span class='ocrx_word' id='word_1_40' title='bbox 1693 442 1825 472; x_wconf 86' lang='lat' dir='ltr'>aures</span> 
     </span>
     <span class='ocr_line' id='line_1_10' title="bbox 433 495 1825 556; baseline -0.001 -17"><span class='ocrx_word' id='word_1_41' title='bbox 433 516 452 538; x_wconf 88' lang='lat'>»</span> <span class='ocrx_word' id='word_1_42' title='bbox 486 495 635 540; x_wconf 84' lang='lat' dir='ltr'>audire</span> <span class='ocrx_word' id='word_1_43' title='bbox 665 511 804 556; x_wconf 88' lang='lat' dir='ltr'>usque</span> <span class='ocrx_word' id='word_1_44' title='bbox 837 496 881 539; x_wconf 90' lang='lat' dir='ltr'>in</span> <span class='ocrx_word' id='word_1_45' title='bbox 919 496 1034 540; x_wconf 90' lang='lat' dir='ltr'>diem</span> <span class='ocrx_word' id='word_1_46' title='bbox 1074 497 1254 541; x_wconf 80' lang='lat' dir='ltr'>istam1.</span> <span class='ocrx_word' id='word_1_47' title='bbox 1293 515 1312 538; x_wconf 86' lang='lat'>»</span> <span class='ocrx_word' id='word_1_48' title='bbox 1354 496 1585 550; x_wconf 88' lang='lat' dir='ltr'>Quomodo</span> <span class='ocrx_word' id='word_1_49' title='bbox 1618 512 1721 556; x_wconf 81' lang='lat' dir='ltr'>ergo</span> <span class='ocrx_word' id='word_1_50' title='bbox 1757 498 1825 542; x_wconf 86' lang='lat' dir='ltr'>ait</span> 
     </span>
     <span class='ocr_line' id='line_1_11' title="bbox 430 565 1814 628; baseline 0.001 -18"><span class='ocrx_word' id='word_1_51' title='bbox 430 567 654 627; x_wconf 87' lang='lat' dir='ltr'>superius:</span> <span class='ocrx_word' id='word_1_52' title='bbox 677 585 697 608; x_wconf 90' lang='lat'>«</span> <span class='ocrx_word' id='word_1_53' title='bbox 721 569 807 610; x_wconf 89' lang='lat' dir='ltr'>Vos</span> <span class='ocrx_word' id='word_1_54' title='bbox 828 565 994 611; x_wconf 87' lang='lat' dir='ltr'>vidistis</span> <span class='ocrx_word' id='word_1_55' title='bbox 1026 568 1285 611; x_wconf 81' lang='lat' dir='ltr'>tentationes</span> <span class='ocrx_word' id='word_1_56' title='bbox 1318 582 1519 626; x_wconf 81' lang='lat' dir='ltr'>magnas,</span> <span class='ocrx_word' id='word_1_57' title='bbox 1560 583 1666 628; x_wconf 87' lang='lat' dir='ltr'>quas</span> <span class='ocrx_word' id='word_1_58' title='bbox 1696 568 1814 612; x_wconf 88' lang='lat' dir='ltr'>vide-</span> 
     </span>
     <span class='ocr_line' id='line_1_12' title="bbox 434 636 1827 692; baseline 0.003 -13"><span class='ocrx_word' id='word_1_59' title='bbox 434 657 454 680; x_wconf 90' lang='lat'>»</span> <span class='ocrx_word' id='word_1_60' title='bbox 491 646 594 681; x_wconf 84' lang='lat' dir='ltr'>runt</span> <span class='ocrx_word' id='word_1_61' title='bbox 615 636 730 681; x_wconf 89' lang='lat' dir='ltr'>oculi</span> <span class='ocrx_word' id='word_1_62' title='bbox 752 637 838 692; x_wconf 80' lang='lat' dir='ltr'>tui,</span> <span class='ocrx_word' id='word_1_63' title='bbox 867 655 885 677; x_wconf 72' lang='lat' dir='ltr'>n</span> <span class='ocrx_word' id='word_1_64' title='bbox 920 637 954 681; x_wconf 91' lang='lat' dir='ltr'>si</span> <span class='ocrx_word' id='word_1_65' title='bbox 982 656 1002 679; x_wconf 89' lang='lat'>«</span> <span class='ocrx_word' id='word_1_66' title='bbox 1038 652 1128 682; x_wconf 91' lang='lat' dir='ltr'>non</span> <span class='ocrx_word' id='word_1_67' title='bbox 1159 636 1280 682; x_wconf 86' lang='lat' dir='ltr'>dedit</span> <span class='ocrx_word' id='word_1_68' title='bbox 1315 637 1526 683; x_wconf 88' lang='lat' dir='ltr'>Dominus</span> <span class='ocrx_word' id='word_1_69' title='bbox 1569 638 1627 682; x_wconf 89' lang='lat' dir='ltr'>eis</span> <span class='ocrx_word' id='word_1_70' title='bbox 1670 638 1827 683; x_wconf 90' lang='lat' dir='ltr'>oculos</span> 
     </span>
    </p>
   </div>
   <div class='ocr_carea' id='block_1_4' title="bbox 431 848 1872 1614">
    <p class='ocr_par' dir='ltr' id='par_1_4' title="bbox 431 846 1872 1623">
     <span class='ocr_line' id='line_1_13' title="bbox 431 848 1830 911; baseline 0.001 -17"><span class='ocrx_word' id='word_1_71' title='bbox 431 861 655 911; x_wconf 80' lang='lat' dir='ltr'>propterea</span> <span class='ocrx_word' id='word_1_72' title='bbox 677 849 779 894; x_wconf 90' lang='lat' dir='ltr'>inde</span> <span class='ocrx_word' id='word_1_73' title='bbox 797 851 931 910; x_wconf 87' lang='lat' dir='ltr'>coepit</span> <span class='ocrx_word' id='word_1_74' title='bbox 952 870 960 895; x_wconf 90' lang='lat'><strong>:</strong></span> <span class='ocrx_word' id='word_1_75' title='bbox 990 869 1010 892; x_wconf 91' lang='lat'>«</span> <span class='ocrx_word' id='word_1_76' title='bbox 1029 853 1085 894; x_wconf 90' lang='lat' dir='ltr'>Et</span> <span class='ocrx_word' id='word_1_77' title='bbox 1106 866 1195 894; x_wconf 92' lang='lat' dir='ltr'>non</span> <span class='ocrx_word' id='word_1_78' title='bbox 1212 849 1334 894; x_wconf 88' lang='lat' dir='ltr'>dedit</span> <span class='ocrx_word' id='word_1_79' title='bbox 1360 848 1568 894; x_wconf 91' lang='lat' dir='ltr'>Dominus</span> <span class='ocrx_word' id='word_1_80' title='bbox 1599 853 1712 895; x_wconf 89' lang='lat' dir='ltr'>Deus</span> <span class='ocrx_word' id='word_1_81' title='bbox 1738 866 1830 895; x_wconf 83' lang='lat' dir='ltr'>vo-</span> 
     </span>
     <span class='ocr_line' id='line_1_14' title="bbox 435 919 1821 981; baseline 0.001 -19"><span class='ocrx_word' id='word_1_82' title='bbox 435 940 455 962; x_wconf 89' lang='lat'>»</span> <span class='ocrx_word' id='word_1_83' title='bbox 491 921 556 964; x_wconf 90' lang='lat' dir='ltr'>bis</span> <span class='ocrx_word' id='word_1_84' title='bbox 590 936 663 964; x_wconf 90' lang='lat' dir='ltr'>cor</span> <span class='ocrx_word' id='word_1_85' title='bbox 694 920 814 964; x_wconf 86' lang='lat' dir='ltr'>scire.</span> <span class='ocrx_word' id='word_1_86' title='bbox 855 939 874 962; x_wconf 85' lang='lat'>»</span> <span class='ocrx_word' id='word_1_87' title='bbox 908 921 976 965; x_wconf 75' lang='lat' dir='ltr'>Ad</span> <span class='ocrx_word' id='word_1_88' title='bbox 996 921 1079 965; x_wconf 90' lang='lat' dir='ltr'>hoc</span> <span class='ocrx_word' id='word_1_89' title='bbox 1112 921 1331 980; x_wconf 88' lang='lat' dir='ltr'>pertinent</span> <span class='ocrx_word' id='word_1_90' title='bbox 1363 919 1452 964; x_wconf 95' lang='lat' dir='ltr'>duo</span> <span class='ocrx_word' id='word_1_91' title='bbox 1486 936 1585 980; x_wconf 86' lang='lat' dir='ltr'>quae</span> <span class='ocrx_word' id='word_1_92' title='bbox 1627 935 1821 981; x_wconf 89' lang='lat' dir='ltr'>sequun-</span> 
     </span>
     <span class='ocr_line' id='line_1_15' title="bbox 433 989 1872 1058; baseline -0.001 -23"><span class='ocrx_word' id='word_1_93' title='bbox 433 1001 526 1046; x_wconf 82' lang='lat' dir='ltr'>tur,</span> <span class='ocrx_word' id='word_1_94' title='bbox 557 993 648 1035; x_wconf 91' lang='lat' dir='ltr'>«Et</span> <span class='ocrx_word' id='word_1_95' title='bbox 666 991 812 1035; x_wconf 89' lang='lat' dir='ltr'>oculos</span> <span class='ocrx_word' id='word_1_96' title='bbox 824 990 972 1035; x_wconf 88' lang='lat' dir='ltr'>videre</span> <span class='ocrx_word' id='word_1_97' title='bbox 989 1026 999 1046; x_wconf 83' lang='lat'>‚</span> <span class='ocrx_word' id='word_1_98' title='bbox 1031 1000 1074 1035; x_wconf 89' lang='lat' dir='ltr'>et</span> <span class='ocrx_word' id='word_1_99' title='bbox 1095 1006 1218 1035; x_wconf 84' lang='lat' dir='ltr'>aures</span> <span class='ocrx_word' id='word_1_100' title='bbox 1240 989 1411 1046; x_wconf 82' lang='lat' dir='ltr'>audire,</span> <span class='ocrx_word' id='word_1_101' title='bbox 1439 1008 1460 1032; x_wconf 85' lang='lat'>»</span> <span class='ocrx_word' id='word_1_102' title='bbox 1486 989 1532 1034; x_wconf 94' lang='lat' dir='ltr'>id</span> <span class='ocrx_word' id='word_1_103' title='bbox 1553 999 1637 1046; x_wconf 83' lang='lat' dir='ltr'>est,</span> <span class='ocrx_word' id='word_1_104' title='bbox 1658 990 1832 1058; x_wconf 86' lang='lat' dir='ltr'>intelli·</span> <span class='ocrx_word' id='word_1_105' title='bbox 1847 1020 1872 1053; x_wconf 65' lang='lat' dir='ltr'>»Q</span> 
     </span>
     <span class='ocr_line' id='line_1_16' title="bbox 435 1057 1872 1134; baseline -0.001 -29"><span class='ocrx_word' id='word_1_106' title='bbox 435 1077 556 1121; x_wconf 78' lang='lat' dir='ltr'>gere,</span> <span class='ocrx_word' id='word_1_107' title='bbox 599 1070 641 1105; x_wconf 85' lang='lat' dir='ltr'>et</span> <span class='ocrx_word' id='word_1_108' title='bbox 663 1062 976 1121; x_wconf 81' lang='lat' dir='ltr'>obtemperare.</span> <span class='ocrx_word' id='word_1_109' title='bbox 999 1060 1128 1115; x_wconf 87' lang='lat' dir='ltr'>Quod</span> <span class='ocrx_word' id='word_1_110' title='bbox 1147 1077 1252 1106; x_wconf 86' lang='lat' dir='ltr'>vero</span> <span class='ocrx_word' id='word_1_111' title='bbox 1275 1060 1402 1105; x_wconf 85' lang='lat' dir='ltr'>dicit:</span> <span class='ocrx_word' id='word_1_112' title='bbox 1432 1080 1452 1103; x_wconf 89' lang='lat'>«</span> <span class='ocrx_word' id='word_1_113' title='bbox 1481 1064 1538 1105; x_wconf 88' lang='lat' dir='ltr'>Et</span> <span class='ocrx_word' id='word_1_114' title='bbox 1579 1077 1668 1106; x_wconf 93' lang='lat' dir='ltr'>non</span> <span class='ocrx_word' id='word_1_115' title='bbox 1701 1059 1823 1105; x_wconf 85' lang='lat' dir='ltr'>dedit</span> <span class='ocrx_word' id='word_1_116' title='bbox 1849 1057 1872 1134; x_wconf 46' lang='lat' dir='ltr'>,f</span> 
     </span>
     <span class='ocr_line' id='line_1_17' title="bbox 437 1130 1822 1190; baseline 0.001 -18"><span class='ocrx_word' id='word_1_117' title='bbox 437 1150 457 1172; x_wconf 88' lang='lat'>»</span> <span class='ocrx_word' id='word_1_118' title='bbox 493 1132 702 1176; x_wconf 88' lang='lat' dir='ltr'>Dominus</span> <span class='ocrx_word' id='word_1_119' title='bbox 724 1135 838 1176; x_wconf 90' lang='lat' dir='ltr'>Deus</span> <span class='ocrx_word' id='word_1_120' title='bbox 865 1132 986 1176; x_wconf 83' lang='lat' dir='ltr'>vobis</span> <span class='ocrx_word' id='word_1_121' title='bbox 1014 1151 1022 1176; x_wconf 87' lang='lat'>:</span> <span class='ocrx_word' id='word_1_122' title='bbox 1051 1151 1070 1172; x_wconf 87' lang='lat'>»</span> <span class='ocrx_word' id='word_1_123' title='bbox 1109 1130 1232 1176; x_wconf 90' lang='lat' dir='ltr'>nullo</span> <span class='ocrx_word' id='word_1_124' title='bbox 1254 1131 1387 1175; x_wconf 88' lang='lat' dir='ltr'>modo</span> <span class='ocrx_word' id='word_1_125' title='bbox 1405 1131 1632 1190; x_wconf 82' lang='lat' dir='ltr'>increpans</span> <span class='ocrx_word' id='word_1_126' title='bbox 1676 1140 1719 1175; x_wconf 93' lang='lat' dir='ltr'>et</span> <span class='ocrx_word' id='word_1_127' title='bbox 1757 1146 1822 1174; x_wconf 83' lang='lat' dir='ltr'>ai·-</span> 
     </span>
     <span class='ocr_line' id='line_1_18' title="bbox 436 1200 1833 1261; baseline -0.001 -15"><span class='ocrx_word' id='word_1_128' title='bbox 436 1218 574 1261; x_wconf 79' lang='lat' dir='ltr'>guens</span> <span class='ocrx_word' id='word_1_129' title='bbox 594 1203 677 1246; x_wconf 88' lang='lat' dir='ltr'>hoc</span> <span class='ocrx_word' id='word_1_130' title='bbox 699 1202 881 1257; x_wconf 78' lang='lat' dir='ltr'>diceret,</span> <span class='ocrx_word' id='word_1_131' title='bbox 905 1202 987 1245; x_wconf 89' lang='lat' dir='ltr'>nisi</span> <span class='ocrx_word' id='word_1_132' title='bbox 1009 1202 1065 1245; x_wconf 85' lang='lat' dir='ltr'>ad</span> <span class='ocrx_word' id='word_1_133' title='bbox 1087 1216 1238 1245; x_wconf 83' lang='lat' dir='ltr'>eorum</span> <span class='ocrx_word' id='word_1_134' title='bbox 1262 1217 1438 1261; x_wconf 89' lang='lat' dir='ltr'>quoque</span> <span class='ocrx_word' id='word_1_135' title='bbox 1472 1200 1645 1260; x_wconf 82' lang='lat' dir='ltr'>culpam</span> <span class='ocrx_word' id='word_1_136' title='bbox 1686 1201 1833 1260; x_wconf 86' lang='lat' dir='ltr'>perti-</span> 
     </span>
     <span class='ocr_line' id='line_1_19' title="bbox 435 1270 1835 1332; baseline -0.001 -16"><span class='ocrx_word' id='word_1_137' title='bbox 435 1288 537 1317; x_wconf 87' lang='lat' dir='ltr'>nere</span> <span class='ocrx_word' id='word_1_138' title='bbox 550 1272 733 1331; x_wconf 81' lang='lat' dir='ltr'>intelligi</span> <span class='ocrx_word' id='word_1_139' title='bbox 754 1272 912 1328; x_wconf 85' lang='lat' dir='ltr'>vellet,</span> <span class='ocrx_word' id='word_1_140' title='bbox 932 1288 987 1316; x_wconf 90' lang='lat' dir='ltr'>ne</span> <span class='ocrx_word' id='word_1_141' title='bbox 1005 1272 1235 1332; x_wconf 82' lang='lat' dir='ltr'>quisquam</span> <span class='ocrx_word' id='word_1_142' title='bbox 1256 1287 1300 1316; x_wconf 89' lang='lat' dir='ltr'>se</span> <span class='ocrx_word' id='word_1_143' title='bbox 1322 1287 1372 1314; x_wconf 84' lang='lat' dir='ltr'>ex</span> <span class='ocrx_word' id='word_1_144' title='bbox 1403 1272 1487 1315; x_wconf 91' lang='lat' dir='ltr'>hoc</span> <span class='ocrx_word' id='word_1_145' title='bbox 1530 1270 1835 1315; x_wconf 83' lang='lat' dir='ltr'>excusabilem</span> 
     </span>
     <span class='ocr_line' id='line_1_20' title="bbox 435 1334 1836 1416; baseline -0.002 -28"><span class='ocrx_word' id='word_1_146' title='bbox 435 1353 574 1404; x_wconf 87' lang='lat' dir='ltr'>putet.</span> <span class='ocrx_word' id='word_1_147' title='bbox 598 1343 737 1388; x_wconf 90' lang='lat' dir='ltr'>Simul</span> <span class='ocrx_word' id='word_1_148' title='bbox 755 1334 870 1387; x_wconf 76' lang='lat' dir='ltr'>enim</span> <span class='ocrx_word' id='word_1_149' title='bbox 893 1341 1085 1387; x_wconf 87' lang='lat' dir='ltr'>ostendit</span> <span class='ocrx_word' id='word_1_150' title='bbox 1106 1351 1149 1386; x_wconf 91' lang='lat' dir='ltr'>ct</span> <span class='ocrx_word' id='word_1_151' title='bbox 1170 1343 1261 1385; x_wconf 91' lang='lat' dir='ltr'>sine</span> <span class='ocrx_word' id='word_1_152' title='bbox 1289 1341 1505 1402; x_wconf 81' lang='lat' dir='ltr'>adjutorio</span> <span class='ocrx_word' id='word_1_153' title='bbox 1537 1341 1710 1386; x_wconf 86' lang='lat' dir='ltr'>Domini</span> <span class='ocrx_word' id='word_1_154' title='bbox 1745 1342 1836 1416; x_wconf 87' lang='lat' dir='ltr'>Dei</span> 
     </span>
     <span class='ocr_line' id='line_1_21' title="bbox 437 1411 1872 1472; baseline -0.002 -13"><span class='ocrx_word' id='word_1_155' title='bbox 437 1431 508 1459; x_wconf 90' lang='lat' dir='ltr'>eos</span> <span class='ocrx_word' id='word_1_156' title='bbox 531 1414 770 1472; x_wconf 83' lang='lat' dir='ltr'>intelligere</span> <span class='ocrx_word' id='word_1_157' title='bbox 792 1423 834 1458; x_wconf 89' lang='lat' dir='ltr'>et</span> <span class='ocrx_word' id='word_1_158' title='bbox 851 1413 1029 1458; x_wconf 87' lang='lat' dir='ltr'>obedire</span> <span class='ocrx_word' id='word_1_159' title='bbox 1051 1429 1141 1457; x_wconf 91' lang='lat' dir='ltr'>non</span> <span class='ocrx_word' id='word_1_160' title='bbox 1163 1428 1285 1472; x_wconf 85' lang='lat' dir='ltr'>posse</span> <span class='ocrx_word' id='word_1_161' title='bbox 1307 1412 1441 1457; x_wconf 90' lang='lat' dir='ltr'>oculis</span> <span class='ocrx_word' id='word_1_162' title='bbox 1464 1411 1625 1468; x_wconf 82' lang='lat' dir='ltr'>cordis,</span> <span class='ocrx_word' id='word_1_163' title='bbox 1650 1421 1694 1456; x_wconf 90' lang='lat' dir='ltr'>et</span> <span class='ocrx_word' id='word_1_164' title='bbox 1707 1414 1835 1456; x_wconf 79' lang='lat' dir='ltr'>auri·</span> <span class='ocrx_word' id='word_1_165' title='bbox 1870 1429 1872 1471; x_wconf 79' lang='lat' dir='ltr'>j</span> 
     </span>
     <span class='ocr_line' id='line_1_22' title="bbox 435 1482 1825 1544; baseline -0.002 -15"><span class='ocrx_word' id='word_1_166' title='bbox 435 1487 517 1530; x_wconf 85' lang='lat' dir='ltr'>bus</span> <span class='ocrx_word' id='word_1_167' title='bbox 537 1485 701 1530; x_wconf 87' lang='lat' dir='ltr'>cordis:</span> <span class='ocrx_word' id='word_1_168' title='bbox 727 1493 769 1528; x_wconf 91' lang='lat' dir='ltr'>et</span> <span class='ocrx_word' id='word_1_169' title='bbox 791 1494 936 1528; x_wconf 83' lang='lat' dir='ltr'>tamen</span> <span class='ocrx_word' id='word_1_170' title='bbox 963 1485 995 1528; x_wconf 88' lang='lat' dir='ltr'>si</span> <span class='ocrx_word' id='word_1_171' title='bbox 1019 1483 1285 1544; x_wconf 81' lang='lat' dir='ltr'>adjutorium</span> <span class='ocrx_word' id='word_1_172' title='bbox 1321 1483 1398 1528; x_wconf 90' lang='lat' dir='ltr'>Dei</span> <span class='ocrx_word' id='word_1_173' title='bbox 1426 1483 1561 1537; x_wconf 78' lang='lat' dir='ltr'>desit,</span> <span class='ocrx_word' id='word_1_174' title='bbox 1602 1498 1691 1527; x_wconf 93' lang='lat' dir='ltr'>non</span> <span class='ocrx_word' id='word_1_175' title='bbox 1726 1482 1825 1527; x_wconf 89' lang='lat' dir='ltr'>ideo</span> 
     </span>
     <span class='ocr_line' id='line_1_23' title="bbox 437 1553 1828 1614; baseline -0.001 -14"><span class='ocrx_word' id='word_1_176' title='bbox 437 1572 526 1600; x_wconf 90' lang='lat' dir='ltr'>esse</span> <span class='ocrx_word' id='word_1_177' title='bbox 565 1555 807 1600; x_wconf 80' lang='lat' dir='ltr'>excusabile</span> <span class='ocrx_word' id='word_1_178' title='bbox 848 1554 1035 1599; x_wconf 88' lang='lat' dir='ltr'>hominis</span> <span class='ocrx_word' id='word_1_179' title='bbox 1077 1554 1232 1598; x_wconf 90' lang='lat' dir='ltr'>vitium</span> <span class='ocrx_word' id='word_1_180' title='bbox 1254 1575 1265 1611; x_wconf 80' lang='lat'>3</span> <span class='ocrx_word' id='word_1_181' title='bbox 1307 1553 1513 1614; x_wconf 86' lang='lat' dir='ltr'>quoniam</span> <span class='ocrx_word' id='word_1_182' title='bbox 1552 1553 1715 1613; x_wconf 85' lang='lat' dir='ltr'>judicia</span> <span class='ocrx_word' id='word_1_183' title='bbox 1748 1553 1828 1598; x_wconf 89' lang='lat' dir='ltr'>Dei</span> 
     </span>
    </p>
   </div>
   <div class='ocr_carea' id='block_1_5' title="bbox 437 1624 1315 1769">
    <p class='ocr_par' dir='ltr' id='par_1_5' title="bbox 437 1624 1315 1769">
     <span class='ocr_line' id='line_1_24' title="bbox 437 1624 1288 1687; baseline -0.002 -18"><span class='ocrx_word' id='word_1_184' title='bbox 437 1626 635 1687; x_wconf 85' lang='lat' dir='ltr'>quamvis</span> <span class='ocrx_word' id='word_1_185' title='bbox 653 1624 822 1671; x_wconf 86' lang='lat' dir='ltr'>occulta</span> <span class='ocrx_word' id='word_1_186' title='bbox 839 1660 849 1680; x_wconf 90' lang='lat'>‚</span> <span class='ocrx_word' id='word_1_187' title='bbox 871 1634 1017 1669; x_wconf 85' lang='lat' dir='ltr'>tamen</span> <span class='ocrx_word' id='word_1_188' title='bbox 1035 1626 1151 1684; x_wconf 82' lang='lat' dir='ltr'>justa</span> <span class='ocrx_word' id='word_1_189' title='bbox 1173 1632 1288 1668; x_wconf 88' lang='lat' dir='ltr'>sunt.</span> 
     </span>
     <span class='ocr_line' id='line_1_25' title="bbox 984 1720 1315 1769; baseline 0 -10"><span class='ocrx_word' id='word_1_190' title='bbox 984 1720 1221 1769; x_wconf 74' lang='lat' dir='ltr'>QUAESTIO</span> <span class='ocrx_word' id='word_1_191' title='bbox 1252 1722 1315 1759; x_wconf 86' lang='lat' dir='ltr'>LI.</span> 
     </span>
    </p>
   </div>
   <div class='ocr_carea' id='block_1_6' title="bbox 443 1820 1872 2517">
    <p class='ocr_par' dir='ltr' id='par_1_6' title="bbox 443 1820 1872 2517">
     <span class='ocr_line' id='line_1_26' title="bbox 503 1820 1839 1883; baseline -0.001 -17"><span class='ocrx_word' id='word_1_192' title='bbox 503 1844 523 1867; x_wconf 91' lang='lat'>«</span> <span class='ocrx_word' id='word_1_193' title='bbox 541 1827 603 1868; x_wconf 76' lang='lat' dir='ltr'>ET</span> <span class='ocrx_word' id='word_1_194' title='bbox 625 1823 804 1868; x_wconf 83' lang='lat' dir='ltr'>adduxit</span> <span class='ocrx_word' id='word_1_195' title='bbox 820 1838 896 1868; x_wconf 91' lang='lat' dir='ltr'>vos</span> <span class='ocrx_word' id='word_1_196' title='bbox 917 1822 1204 1883; x_wconf 82' lang='lat' dir='ltr'>quadraginta</span> <span class='ocrx_word' id='word_1_197' title='bbox 1223 1821 1344 1865; x_wconf 82' lang='lat' dir='ltr'>annis</span> <span class='ocrx_word' id='word_1_198' title='bbox 1364 1821 1410 1864; x_wconf 92' lang='lat' dir='ltr'>in</span> <span class='ocrx_word' id='word_1_199' title='bbox 1428 1820 1598 1865; x_wconf 86' lang='lat' dir='ltr'>deserto</span> <span class='ocrx_word' id='word_1_200' title='bbox 1620 1840 1628 1866; x_wconf 90' lang='lat'>:</span> <span class='ocrx_word' id='word_1_201' title='bbox 1655 1835 1744 1865; x_wconf 88' lang='lat' dir='ltr'>non</span> <span class='ocrx_word' id='word_1_202' title='bbox 1763 1821 1839 1865; x_wconf 85' lang='lat' dir='ltr'>in·</span> 
     </span>
     <span class='ocr_line' id='line_1_27' title="bbox 444 1891 1824 1948; baseline 0 -10"><span class='ocrx_word' id='word_1_203' title='bbox 444 1915 464 1938; x_wconf 89' lang='lat'>»</span> <span class='ocrx_word' id='word_1_204' title='bbox 498 1904 802 1941; x_wconf 84' lang='lat' dir='ltr'>veteraverunt</span> <span class='ocrx_word' id='word_1_205' title='bbox 830 1895 1084 1939; x_wconf 85' lang='lat' dir='ltr'>vestimenta</span> <span class='ocrx_word' id='word_1_206' title='bbox 1112 1902 1277 1948; x_wconf 82' lang='lat' dir='ltr'>vestra,</span> <span class='ocrx_word' id='word_1_207' title='bbox 1305 1902 1346 1936; x_wconf 87' lang='lat' dir='ltr'>et</span> <span class='ocrx_word' id='word_1_208' title='bbox 1374 1891 1664 1937; x_wconf 83' lang='lat' dir='ltr'>calceamenta</span> <span class='ocrx_word' id='word_1_209' title='bbox 1687 1902 1824 1938; x_wconf 75' lang='lat' dir='ltr'>vestra</span> 
     </span>
     <span class='ocr_line' id='line_1_28' title="bbox 444 1963 1871 2023; baseline -0.001 -16"><span class='ocrx_word' id='word_1_210' title='bbox 444 1986 463 2008; x_wconf 88' lang='lat'>»</span> <span class='ocrx_word' id='word_1_211' title='bbox 500 1982 587 2010; x_wconf 86' lang='lat' dir='ltr'>non</span> <span class='ocrx_word' id='word_1_212' title='bbox 614 1974 715 2009; x_wconf 90' lang='lat' dir='ltr'>sunt</span> <span class='ocrx_word' id='word_1_213' title='bbox 739 1965 882 2009; x_wconf 80' lang='lat' dir='ltr'>attrita</span> <span class='ocrx_word' id='word_1_214' title='bbox 912 1981 933 2008; x_wconf 84' lang='lat' dir='ltr'>a</span> <span class='ocrx_word' id='word_1_215' title='bbox 962 1963 1145 2023; x_wconf 88' lang='lat' dir='ltr'>pedibus</span> <span class='ocrx_word' id='word_1_216' title='bbox 1163 1963 1514 2023; x_wconf 71' lang='lat' dir='ltr'>vestriszpanem</span> <span class='ocrx_word' id='word_1_217' title='bbox 1532 1978 1622 2007; x_wconf 89' lang='lat' dir='ltr'>non</span> <span class='ocrx_word' id='word_1_218' title='bbox 1639 1963 1826 2007; x_wconf 87' lang='lat' dir='ltr'>mandu—</span> <span class='ocrx_word' id='word_1_219' title='bbox 1864 2006 1871 2013; x_wconf 14' lang='lat' dir='ltr'>X*</span> 
     </span>
     <span class='ocr_line' id='line_1_29' title="bbox 445 2033 1842 2093; baseline -0.001 -15"><span class='ocrx_word' id='word_1_220' title='bbox 445 2057 464 2079; x_wconf 87' lang='lat'>»</span> <span class='ocrx_word' id='word_1_221' title='bbox 503 2036 812 2091; x_wconf 83' lang='lat' dir='ltr'>castis‚vinum</span> <span class='ocrx_word' id='word_1_222' title='bbox 824 2045 867 2079; x_wconf 92' lang='lat' dir='ltr'>et</span> <span class='ocrx_word' id='word_1_223' title='bbox 879 2035 1054 2078; x_wconf 78' lang='lat' dir='ltr'>siceram</span> <span class='ocrx_word' id='word_1_224' title='bbox 1067 2050 1155 2079; x_wconf 92' lang='lat' dir='ltr'>non</span> <span class='ocrx_word' id='word_1_225' title='bbox 1165 2034 1354 2089; x_wconf 86' lang='lat' dir='ltr'>bibistis,</span> <span class='ocrx_word' id='word_1_226' title='bbox 1376 2043 1426 2077; x_wconf 91' lang='lat' dir='ltr'>ut</span> <span class='ocrx_word' id='word_1_227' title='bbox 1446 2033 1606 2078; x_wconf 83' lang='lat' dir='ltr'>sciretis</span> <span class='ocrx_word' id='word_1_228' title='bbox 1625 2034 1727 2093; x_wconf 88' lang='lat' dir='ltr'>quia</span> <span class='ocrx_word' id='word_1_229' title='bbox 1748 2034 1842 2078; x_wconf 89' lang='lat' dir='ltr'>iste</span> 
     </span>
     <span class='ocr_line' id='line_1_30' title="bbox 502 2104 1827 2164; baseline -0.002 -13"><span class='ocrx_word' id='word_1_230' title='bbox 502 2107 711 2152; x_wconf 87' lang='lat' dir='ltr'>Dominus</span> <span class='ocrx_word' id='word_1_231' title='bbox 734 2110 846 2150; x_wconf 86' lang='lat' dir='ltr'>Deus</span> <span class='ocrx_word' id='word_1_232' title='bbox 874 2114 1013 2149; x_wconf 88' lang='lat' dir='ltr'>vester</span> <span class='ocrx_word' id='word_1_233' title='bbox 1029 2109 1060 2148; x_wconf 71' lang='lat'>2.</span> <span class='ocrx_word' id='word_1_234' title='bbox 1083 2124 1101 2146; x_wconf 74' lang='lat' dir='ltr'>n</span> <span class='ocrx_word' id='word_1_235' title='bbox 1133 2105 1243 2149; x_wconf 89' lang='lat' dir='ltr'>Hinc</span> <span class='ocrx_word' id='word_1_236' title='bbox 1272 2113 1451 2164; x_wconf 80' lang='lat' dir='ltr'>apparet</span> <span class='ocrx_word' id='word_1_237' title='bbox 1473 2113 1645 2148; x_wconf 79' lang='lat' dir='ltr'>tantum</span> <span class='ocrx_word' id='word_1_238' title='bbox 1668 2104 1757 2148; x_wconf 87' lang='lat' dir='ltr'>vini</span> <span class='ocrx_word' id='word_1_239' title='bbox 1781 2104 1827 2148; x_wconf 90' lang='lat' dir='ltr'>in</span> 
     </span>
     <span class='ocr_line' id='line_1_31' title="bbox 443 2174 1825 2237; baseline -0.003 -15"><span class='ocrx_word' id='word_1_240' title='bbox 443 2179 527 2223; x_wconf 87' lang='lat' dir='ltr'>suis</span> <span class='ocrx_word' id='word_1_241' title='bbox 568 2176 885 2237; x_wconf 87' lang='lat' dir='ltr'>impedimentis</span> <span class='ocrx_word' id='word_1_242' title='bbox 927 2176 1116 2235; x_wconf 83' lang='lat' dir='ltr'>potuisse</span> <span class='ocrx_word' id='word_1_243' title='bbox 1144 2185 1316 2235; x_wconf 84' lang='lat' dir='ltr'>portare</span> <span class='ocrx_word' id='word_1_244' title='bbox 1360 2174 1591 2230; x_wconf 53' lang='lat' dir='ltr'>Israiilstas,</span> <span class='ocrx_word' id='word_1_245' title='bbox 1648 2174 1825 2235; x_wconf 81' lang='lat' dir='ltr'>quando</span> 
     </span>
     <span class='ocr_line' id='line_1_32' title="bbox 445 2245 1872 2307; baseline -0.003 -15"><span class='ocrx_word' id='word_1_246' title='bbox 445 2251 641 2293; x_wconf 80' lang='lat' dir='ltr'>exierunt</span> <span class='ocrx_word' id='word_1_247' title='bbox 658 2248 712 2292; x_wconf 93' lang='lat' dir='ltr'>de</span> <span class='ocrx_word' id='word_1_248' title='bbox 730 2250 941 2307; x_wconf 81' lang='lat' dir='ltr'>AEgypto,</span> <span class='ocrx_word' id='word_1_249' title='bbox 967 2245 1087 2306; x_wconf 87' lang='lat' dir='ltr'>quod</span> <span class='ocrx_word' id='word_1_250' title='bbox 1110 2255 1283 2306; x_wconf 89' lang='lat' dir='ltr'>possent</span> <span class='ocrx_word' id='word_1_251' title='bbox 1305 2245 1391 2290; x_wconf 88' lang='lat' dir='ltr'>cito</span> <span class='ocrx_word' id='word_1_252' title='bbox 1423 2260 1691 2290; x_wconf 81' lang='lat' dir='ltr'>consumere.</span> <span class='ocrx_word' id='word_1_253' title='bbox 1719 2248 1826 2290; x_wconf 82' lang='lat' dir='ltr'>Nam</span> <span class='ocrx_word' id='word_1_254' title='bbox 1869 2250 1872 2292; x_wconf 72' lang='lat' dir='ltr'><em>J</em></span> 
     </span>
     <span class='ocr_line' id='line_1_33' title="bbox 444 2307 1872 2376; baseline -0.001 -12"><span class='ocrx_word' id='word_1_255' title='bbox 444 2322 477 2364; x_wconf 86' lang='lat' dir='ltr'>si</span> <span class='ocrx_word' id='word_1_256' title='bbox 500 2321 678 2364; x_wconf 89' lang='lat' dir='ltr'>omnino</span> <span class='ocrx_word' id='word_1_257' title='bbox 696 2318 802 2364; x_wconf 87' lang='lat' dir='ltr'>nihil</span> <span class='ocrx_word' id='word_1_258' title='bbox 819 2333 964 2363; x_wconf 90' lang='lat' dir='ltr'>secum</span> <span class='ocrx_word' id='word_1_259' title='bbox 987 2317 1209 2373; x_wconf 81' lang='lat' dir='ltr'>tulissent,</span> <span class='ocrx_word' id='word_1_260' title='bbox 1235 2316 1354 2361; x_wconf 92' lang='lat' dir='ltr'>unde</span> <span class='ocrx_word' id='word_1_261' title='bbox 1370 2326 1479 2361; x_wconf 89' lang='lat' dir='ltr'>esset</span> <span class='ocrx_word' id='word_1_262' title='bbox 1510 2315 1620 2360; x_wconf 90' lang='lat' dir='ltr'>illud</span> <span class='ocrx_word' id='word_1_263' title='bbox 1654 2315 1708 2360; x_wconf 88' lang='lat' dir='ltr'>de</span> <span class='ocrx_word' id='word_1_264' title='bbox 1735 2331 1823 2376; x_wconf 89' lang='lat' dir='ltr'>quo</span> <span class='ocrx_word' id='word_1_265' title='bbox 1869 2307 1872 2362; x_wconf 67' lang='lat' dir='ltr'>ss</span> 
     </span>
     <span class='ocr_line' id='line_1_34' title="bbox 445 2379 1872 2449; baseline -0.004 -13"><span class='ocrx_word' id='word_1_266' title='bbox 445 2392 610 2436; x_wconf 88' lang='lat' dir='ltr'>dictum</span> <span class='ocrx_word' id='word_1_267' title='bbox 633 2400 720 2435; x_wconf 85' lang='lat' dir='ltr'>est:</span> <span class='ocrx_word' id='word_1_268' title='bbox 751 2410 770 2432; x_wconf 88' lang='lat'>«</span> <span class='ocrx_word' id='word_1_269' title='bbox 799 2390 916 2435; x_wconf 86' lang='lat' dir='ltr'>Sedit</span> <span class='ocrx_word' id='word_1_270' title='bbox 937 2388 1125 2449; x_wconf 83' lang='lat' dir='ltr'>populus</span> <span class='ocrx_word' id='word_1_271' title='bbox 1145 2404 1266 2433; x_wconf 91' lang='lat' dir='ltr'>meus</span> <span class='ocrx_word' id='word_1_272' title='bbox 1287 2387 1551 2432; x_wconf 81' lang='lat' dir='ltr'>manducare</span> <span class='ocrx_word' id='word_1_273' title='bbox 1583 2396 1626 2431; x_wconf 83' lang='lat' dir='ltr'>et</span> <span class='ocrx_word' id='word_1_274' title='bbox 1648 2386 1824 2442; x_wconf 75' lang='lat' dir='ltr'>bibere,</span> <span class='ocrx_word' id='word_1_275' title='bbox 1843 2430 1847 2445; x_wconf 51' lang='lat'><em>‚</em></span> <span class='ocrx_word' id='word_1_276' title='bbox 1870 2379 1872 2425; x_wconf 57' lang='lat' dir='ltr'>J</span> 
     </span>
     <span class='ocr_line' id='line_1_35' title="bbox 449 2451 1872 2517; baseline -0.001 -15"><span class='ocrx_word' id='word_1_277' title='bbox 449 2481 469 2503; x_wconf 66' lang='lat' dir='ltr'>n</span> <span class='ocrx_word' id='word_1_278' title='bbox 505 2472 548 2506; x_wconf 86' lang='lat' dir='ltr'>et</span> <span class='ocrx_word' id='word_1_279' title='bbox 574 2469 851 2505; x_wconf 75' lang='lat' dir='ltr'>surrexerunt</span> <span class='ocrx_word' id='word_1_280' title='bbox 878 2459 1087 2504; x_wconf 63' lang='lat' dir='ltr'>luderess?</span> <span class='ocrx_word' id='word_1_281' title='bbox 1107 2477 1127 2500; x_wconf 89' lang='lat'>»</span> <span class='ocrx_word' id='word_1_282' title='bbox 1147 2461 1243 2504; x_wconf 91' lang='lat' dir='ltr'>Non</span> <span class='ocrx_word' id='word_1_283' title='bbox 1266 2457 1381 2501; x_wconf 89' lang='lat' dir='ltr'>enim</span> <span class='ocrx_word' id='word_1_284' title='bbox 1406 2458 1491 2502; x_wconf 12' lang='lat' dir='ltr'>thoe</span> <span class='ocrx_word' id='word_1_285' title='bbox 1522 2457 1577 2501; x_wconf 89' lang='lat' dir='ltr'>de</span> <span class='ocrx_word' id='word_1_286' title='bbox 1605 2472 1717 2517; x_wconf 84' lang='lat' dir='ltr'>aqua</span> <span class='ocrx_word' id='word_1_287' title='bbox 1758 2456 1846 2500; x_wconf 69' lang='lat' dir='ltr'>di·v</span> <span class='ocrx_word' id='word_1_288' title='bbox 1871 2451 1872 2454; x_wconf 28' lang='lat'>¹</span> 
     </span>
    </p>
   </div>
   <div class='ocr_carea' id='block_1_7' title="bbox 1838 2457 1842 2643">
    <p class='ocr_par' dir='ltr' id='par_1_7' title="bbox 1838 2457 1842 2643">
     <span class='ocr_line' id='line_1_36' title="bbox 1838 2457 1842 2559; baseline 0 0"><span class='ocrx_word' id='word_1_289' title='bbox 1838 2457 1842 2559; x_wconf 71' lang='grc' dir='ltr'>ἰ</span> 
     </span>
     <span class='ocr_line' id='line_1_37' title="bbox 1839 2561 1842 2643; baseline 0 0"><span class='ocrx_word' id='word_1_290' title='bbox 1839 2561 1842 2643; x_wconf 58' lang='lat' dir='ltr'>l</span> 
     </span>
    </p>
   </div>
   <div class='ocr_carea' id='block_1_8' title="bbox 445 2127 454 2149">
    <p class='ocr_par' dir='ltr' id='par_1_8' title="bbox 445 2127 454 2149">
     <span class='ocr_line' id='line_1_38' title="bbox 445 2127 454 2149; baseline 0 0"><span class='ocrx_word' id='word_1_291' title='bbox 445 2127 454 2149; x_wconf 85' lang='lat'><em>)</em></span> 
     </span>
    </p>
   </div>
   <div class='ocr_carea' id='block_1_9' title="bbox 456 2127 464 2149">
    <p class='ocr_par' dir='ltr' id='par_1_9' title="bbox 456 2127 464 2149">
     <span class='ocr_line' id='line_1_39' title="bbox 456 2127 464 2149; textangle 90"><span class='ocrx_word' id='word_1_292' title='bbox 456 2127 464 2149; x_wconf 63' lang='grc' dir='ltr'>ν</span> 
     </span>
    </p>
   </div>
   <div class='ocr_carea' id='block_1_10' title="bbox 1830 2355 1843 2475">
    <p class='ocr_par' dir='ltr' id='par_1_10' title="bbox 1830 2355 1843 2475">
     <span class='ocr_line' id='line_1_40' title="bbox 1830 2355 1843 2475; baseline 0 0"><span class='ocrx_word' id='word_1_293' title='bbox 1830 2355 1838 2475; x_wconf 95' lang='lat' dir='ltr'> </span> <span class='ocrx_word' id='word_1_294' title='bbox 1842 2355 1843 2475; x_wconf 95' lang='lat' dir='ltr'> </span> 
     </span>
    </p>
   </div>
   <div class='ocr_carea' id='block_1_11' title="bbox 497 2554 1480 2601">
    <p class='ocr_par' dir='ltr' id='par_1_11' title="bbox 497 2554 1480 2601">
     <span class='ocr_line' id='line_1_41' title="bbox 497 2554 1480 2601; baseline -0.004 -11"><span class='ocrx_word' id='word_1_295' title='bbox 497 2568 503 2582; x_wconf 89' lang='lat'><em>¹</em></span> <span class='ocrx_word' id='word_1_296' title='bbox 523 2561 614 2591; x_wconf 74' lang='lat' dir='ltr'>Dent.</span> <span class='ocrx_word' id='word_1_297' title='bbox 635 2557 865 2601; x_wconf 62' lang='lat' dir='ltr'>xx1‹,‘)-4.—-</span> <span class='ocrx_word' id='word_1_298' title='bbox 885 2564 897 2581; x_wconf 79' lang='lat'><strong>²</strong></span> <span class='ocrx_word' id='word_1_299' title='bbox 913 2557 993 2590; x_wconf 70' lang='lat' dir='ltr'>ibid.</span> <span class='ocrx_word' id='word_1_300' title='bbox 1010 2557 1043 2598; x_wconf 89' lang='lat'>5,</span> <span class='ocrx_word' id='word_1_301' title='bbox 1062 2556 1095 2590; x_wconf 70' lang='lat' dir='ltr'>G,</span> <span class='ocrx_word' id='word_1_302' title='bbox 1120 2572 1161 2580; x_wconf 90' lang='lat'>--</span> <span class='ocrx_word' id='word_1_303' title='bbox 1178 2554 1191 2580; x_wconf 77' lang='lat'>3</span> <span class='ocrx_word' id='word_1_304' title='bbox 1210 2556 1307 2589; x_wconf 83' lang='lat' dir='ltr'>Exod.</span> <span class='ocrx_word' id='word_1_305' title='bbox 1332 2566 1429 2597; x_wconf 77' lang='lat' dir='ltr'>xxxii,</span> <span class='ocrx_word' id='word_1_306' title='bbox 1449 2555 1480 2587; x_wconf 84' lang='lat'>6.</span> 
     </span>
    </p>
   </div>
  </div>
 </body>
</html>
