1872 3267
328 222 594 260 QUAESTIONES
626 222 670 248 m
703 221 963 259 LEvrmcuM,
999 221 1081 248 Lm.
1119 221 1184 247 111.
1366 206 1451 247 415

62 302 165 348 quae
201 287 355 348 utique
379 297 551 332 mortua
583 295 648 331 est
670 286 716 329 in
746 284 960 331 defuncto
989 301 1194 346 corpore,
1216 284 1359 329 anima
1380 283 1452 329 illa

64 358 322 416 emigrante,
359 374 459 419 quae
491 357 602 402 mori
640 372 731 402 non
763 359 934 417 potest?
962 360 1060 403 Non
1090 356 1211 418 quod
1242 357 1333 416 ipsa
1366 356 1453 400 vita

0 467 1 471 ,
64 428 205 473 anima
224 427 376 484 suerit,
402 427 479 473 sed
500 426 620 489 quod
641 442 719 487 per
741 427 896 471 animae
918 427 1215 488 praesentiam,
1236 443 1324 488 qua
1345 427 1452 471 sub-

64 499 258 554 sistebat,
279 514 441 544 nomen
463 499 555 560 ejus
574 498 789 558 acceperit
807 517 815 543 :
841 498 952 543 sicut
974 498 1262 554 distinximus,
1280 514 1381 542 cum
1399 497 1454 542 de

63 571 271 630 sanguine
292 570 602 632 loqueremur1
617 605 628 625 ,
653 568 760 630 quid
782 569 950 615 dietum
972 571 1050 615 sit:
1086 589 1106 612 «
1130 570 1288 614 Anima
1315 570 1454 614 omnis

66 660 87 684 »
121 642 282 698 carnis,
319 642 494 701 sanguis
520 643 610 702 ejus
632 644 739 686 est2.
769 660 789 683 »
816 644 894 687 Est
928 643 1044 686 enim
1079 651 1123 686 et
1156 641 1247 701 ipse
1278 641 1454 700 sanguis

63 721 259 757 mortuus
284 713 333 757 in
366 728 549 773 corpo-re
580 712 769 757 mortui:
795 728 886 757 non
918 713 1035 756 enim
1065 727 1166 757 cum
1194 711 1454 756 abscedente

64 783 205 828 anima
224 783 440 828 abscessit.
466 783 618 827 Vetuit
639 798 743 842 ergo
766 782 988 842 Scriptura
1010 797 1231 827 summum
1251 781 1454 827 sacerdo-

65 863 151 898 tem
183 854 313 898 etiam
342 869 472 913 super
504 854 636 913 patris
664 852 735 897 vel
771 853 918 897 matris
943 853 1076 898 funus
1108 853 1297 912 intrare,
1333 852 1454 914 quod

64 924 305 969 secundum
326 940 417 969 non
439 924 677 984 prohibuit.
702 925 907 985 Sequitur
929 925 1062 980 enim,
1088 944 1107 966 «
1130 927 1268 985 Super
1286 934 1455 984 'patrem

67 1013 88 1036 »
122 1010 248 1039 suum
287 1004 331 1039 et
364 1011 494 1056 super
534 1004 719 1039 matrem
754 1011 877 1039 suam
917 1011 1008 1041 non
1047 995 1391 1055 inquinabitur3.
1432 1014 1452 1035 »

64 1063 182 1110 Ordo
215 1075 280 1109 est
310 1075 458 1110 autem
494 1065 755 1121 verborum,
786 1084 805 1107 «
839 1068 978 1125 Super
1005 1075 1172 1125 patrem
1206 1081 1335 1110 suum
1367 1081 1458 1111 non

67 1154 88 1178 »
121 1136 448 1198 inquinabitur,
469 1152 550 1181 nec
572 1152 701 1196 super
722 1145 905 1180 matrem
927 1135 1082 1180 suam.'
1110 1158 1126 1177 »

516 1245 550 1294 Q
556 1243 752 1285 UAESTIO
784 1246 973 1284 LXXXII.

128 1367 148 1390 ι(
181 1350 245 1392 ΕΤ
273 1346 328 1391 de
349 1347 506 1391 sanctis
534 1362 625 1391 non
655 1346 834 1392 exibit4:
864 1366 884 1389 >›
911 1363 962 1392 eo
988 1348 1143 1408 procul
1176 1348 1312 1393 dubio
1350 1358 1457 1393 tem-

12 1419 13 1422 ’
67 1433 192 1479 pore,
218 1434 307 1478 quo
334 1433 514 1462 suorum
540 1416 694 1461 funera
716 1417 1074 1477 celebrabantur,
1095 1419 1206 1463 sicut
1228 1429 1271 1463 et
1292 1429 1457 1479 septem

66 1489 237 1544 diebus,
261 1489 420 1549 quibus
442 1488 819 1532 sanctificabatur5
844 1488 899 1533 de
921 1490 1078 1534 sanctis
1102 1499 1166 1534 est
1183 1490 1294 1534 exire
1313 1491 1460 1551 prohi-

66 1560 205 1605 bitus:
227 1576 317 1605 non
340 1569 487 1603 autem
509 1575 693 1619 semper.
718 1562 829 1604 Sane
847 1560 881 1604 si
899 1576 1052 1605 uxores
1068 1560 1244 1617 ducere,
1261 1561 1330 1606 vel
1347 1562 1457 1607 filios

67 1630 241 1690 gignere
274 1646 365 1675 non
392 1629 656 1674 vetabantur
685 1631 842 1674 summi
871 1639 976 1676 tunc
1005 1632 1270 1688 sacerdotes,
1301 1648 1458 1692 magna

12 1762 13 1769 ἵ
67 1701 202 1746 oritur
224 1699 431 1762 quaestio,
461 1715 562 1744 cum
591 1703 679 1744 Lex
702 1701 833 1745 etiam
863 1702 1083 1763 conjugali
1114 1704 1351 1748 concubitu
1378 1705 1459 1748 im·-

12 1829 13 1832 ,
69 1771 282 1816 mundum
302 1771 527 1816 hominem
550 1770 666 1815 dicat
687 1787 828 1832 usque
850 1772 905 1816 ad
931 1788 1152 1833 vesperam
1168 1809 1178 1829 ,
1205 1775 1335 1819 etiam
1357 1791 1457 1820 cum

11 1873 14 1886 .
69 1841 254 1886 abluerit
272 1857 429 1902 corpus
449 1857 577 1885 suum
595 1843 750 1902 aqua⁶3
773 1851 816 1886 et
820 1843 1028 1902 jubeatur
1042 1860 1238 1890 summus
1258 1845 1457 1891 sacerdos

70 1922 243 1973 propter
274 1913 504 1957 incensum
526 1912 867 1957 continuationis
889 1913 1022 1958 bisin
1054 1914 1123 1959 die
1156 1917 1352 1977 quotidie
1390 1918 1458 1961 in-

70 1992 179 2028 trare
195 1985 308 2029 intra
323 1983 494 2039 velum,
520 1983 597 2028 ubi
620 1993 711 2028 erat
728 1984 861 2029 altare
878 1986 1040 2030 incensi
1057 2022 1067 2042 ,
1089 2003 1169 2032 nec
1191 2004 1459 2049 quemquam

70 2055 344 2100 immundum
367 2054 423 2100 ad
455 2064 604 2100 sancta
636 2054 700 2100 fas
737 2065 847 2100 esset
879 2057 1137 2116 accedere⁷3
1168 2060 1392 2119 quomodo
1413 2061 1459 2105 id

70 2125 262 2187 quotidie
280 2141 474 2170 summus
499 2126 699 2170 sacerdos
727 2126 962 2187 implebat,
981 2129 1016 2172 si
1037 2129 1146 2174 filios
1168 2131 1460 2191 procreabat?

70 2198 175 2243 Nam
197 2198 232 2242 si
254 2197 469 2257 aegritudo
486 2195 548 2242 illi
572 2196 796 2242 accidisset
811 2233 822 2254 ,
843 2199 941 2259 quis
962 2199 1060 2244 loco
1078 2201 1169 2261 ejus
1185 2200 1456 2260 fungeretur,

71 2268 104 2312 si
123 2269 218 2330 quis
246 2269 465 2329 inquirat,
497 2268 750 2328 responderi
773 2280 938 2329 potest,
966 2272 1087 2332 quod
1112 2273 1246 2331 gratia
1269 2273 1347 2318 Dei
1369 2289 1459 2318 non

72 2340 308 2398 aegrotabat
340 2359 350 2385 2
374 2339 593 2400 numquid
617 2339 676 2384 sic
700 2340 831 2384 etiam
860 2340 915 2385 de
940 2341 1130 2387 filiorum
1158 2344 1458 2403 procreatione

73 2410 321 2470 responderi
342 2413 517 2471 potest?
540 2410 666 2455 Unde
685 2411 736 2455 fit
759 2426 1026 2471 consequens
1039 2449 1049 2469 ,
1070 2423 1120 2458 ut
1140 2415 1461 2460 aut'continens

119 2513 128 2530 ¹
153 2508 231 2540 Vide
244 2519 339 2552 supra
357 2512 468 2552 quaest.
491 2519 566 2540 xvu.
582 2525 624 2530 —
640 2514 653 2530 2
672 2507 777 2540 Levit.
796 2519 872 2550 xvu,
898 2521 950 2541 ιι.
972 2528 1013 2533 -
1030 2508 1043 2533 3
1063 2512 1109 2544 Id.
1131 2524 1194 2552 xxi,
1213 2524 1262 2545 11.
1285 2530 1326 2536 —-
1345 2512 1361 2543 4
1375 2513 1458 2546 lbid.

80 2570 184 2595 12—
205 2562 220 2587 5
248 2565 297 2598 Id.
314 2575 380 2607 viu,
397 2563 451 2597 33.
471 2581 513 2587 —-
528 2562 684 2606 61d.xv‚
709 2565 758 2596 16.
778 2581 821 2587 —-
839 2571 853 2597 7
868 2565 967 2597 Exod.
981 2577 1056 2607 xxx,
1073 2576 1106 2608 7.
