1872 3267
392 157 475 199 482
812 167 845 196 s.
881 167 1111 200 ,mausum
1142 170 1323 198 EPISCOPl

880 284 1116 334 QUAEsTlo
1147 286 1281 326 LXIV.

445 389 562 444 Qum
583 393 647 430 est
675 384 796 447 quod
817 385 902 430 ait:
931 405 952 428 «
972 388 1029 431 Et
1045 396 1173 431 erunt
1193 386 1386 431 civitates
1411 384 1534 430 vobis
1560 383 1727 444 refugia
1748 400 1773 428 a

390 476 411 499 »
436 455 685 501 vindicante
712 455 992 515 sanguinem,
1028 465 1071 501 et
1093 472 1183 501 non
1209 457 1418 501 morietur
1435 455 1468 499 is
1486 455 1561 516 qui
1583 454 1770 510 occidit,

391 546 412 569 »
438 526 726 588 quoadusque
748 535 831 571 stet
856 527 901 571 in
925 537 1161 587 conspectu
1178 542 1409 586 synagogae
1426 527 1470 570 in
1482 526 1769 587 judicium¹‚»

387 614 490 645 eum
509 597 564 643 de
578 599 627 643 iis
646 599 867 660 loquatur,
884 598 961 658 qui
978 597 1174 643 nolentes
1189 599 1441 653 occiderint,
1459 607 1502 642 et
1519 597 1622 642 alibi
1640 596 1770 652 dicat,

391 678 493 713 tunc
516 684 879 729 unumquemque
895 668 938 712 in
958 667 1033 712 tali
1051 683 1175 712 causa
1189 668 1536 727 confugientium
1552 667 1664 711 exire
1685 667 1774 711 libe
1840 694 1844 701 -

387 755 484 784 rum
495 739 548 784 de
562 739 749 793 civitate,
762 754 850 799 quo
861 738 1238 797 confugci·at,cu111
1251 739 1448 783 sacerdos
1463 738 1676 782 maximus
1686 736 1772 782 fue-

387 810 444 855 rit
461 808 721 855 defunctus?
736 809 967 864 Quomodo
985 825 1088 868 ergo
1106 809 1176 853 hic
1190 809 1294 854 dicit
1311 829 1318 854 :
1345 830 1363 851 «
1387 813 1443 853 Et
1462 825 1549 854 non
1565 809 1775 853 morietur

390 900 410 921 υ
436 881 469 926 is
501 880 576 941 qui
599 880 782 936 occidit,
808 880 1092 941 quoadusque
1113 888 1196 923 stet
1217 881 1263 924 in
1284 889 1520 940 conspectu
1542 895 1775 939 synagogae

391 970 410 992 »
443 950 488 997 in
518 949 735 1011 judicium
768 969 777 994 :
813 969 833 991 »
862 949 942 995 nisi
972 949 1075 1010 quia
1104 948 1202 993 ideo
1241 949 1491 1009 judicatur,
1522 958 1572 993 ut
1600 958 1705 994 tunc
1736 949 1775 993 ei
1840 960 1842 977 ³

385 1021 515 1067 liceat
535 1036 624 1066 esse
646 1020 691 1064 in
710 1020 882 1067 civitate
900 1020 1083 1079 refugii,
1109 1020 1142 1064 si
1163 1019 1444 1066 manifestum
1456 1019 1622 1066 lectum
1642 1018 1776 1066 fuerit

387 1091 612 1153 injudicio
624 1127 635 1147 ‚
655 1090 777 1155 quod
796 1089 948 1136 nolens
962 1089 1184 1136 occiderit.

900 1200 1138 1251 QUAEsTio
1170 1201 1286 1241 va.

445 1305 561 1357 Qum
585 1312 648 1348 est
668 1302 790 1364 quod
807 1303 886 1347 ait:
911 1321 933 1345 «
958 1303 1043 1356 Qui
1070 1302 1264 1348 vindicat
1288 1304 1544 1362 sanguinem
1561 1339 1571 1359 ,
1597 1303 1688 1363 ipse
1707 1303 1775 1348 in-

391 1393 410 1416 »
439 1373 623 1418 terficiet
652 1371 941 1430 homicidam,
962 1389 1062 1417 cum
1081 1374 1316 1418 occurrerit
1342 1373 1402 1429 ei,
1433 1373 1512 1418 iste
1546 1374 1776 1419 interficiet

392 1464 412 1486 »
429 1446 574 1489 eum²P
589 1464 608 1486 »
625 1444 691 1489 Sic
706 1444 821 1488 enim
834 1453 959 1488 sonat
975 1443 1086 1488 male
1103 1443 1464 1503 intelligentibus,
1481 1445 1603 1504 quasi
1620 1446 1775 1505 passim

389 1525 431 1560 ct
449 1516 539 1559 sine
560 1514 725 1575 judicio
749 1512 850 1558 data
869 1513 998 1558 fuerit
1026 1513 1157 1558 ultori
1180 1515 1329 1558 mortis
1350 1515 1585 1576 propinqui
1607 1516 1697 1571 sui,
1719 1515 1774 1559 li-

388 1588 528 1631 centia
551 1584 778 1632 occidendi
801 1587 893 1646 ejus
914 1585 1255 1630 interfectorem.
1284 1586 1368 1631 Sed
1391 1587 1473 1631 hoc
1491 1586 1673 1645 intelligi
1696 1603 1776 1632 vo-
1830 1607 1832 1616 ·

387 1657 490 1712 luit,
517 1657 619 1718 quia
640 1655 882 1701 secundum
899 1656 944 1700 id
965 1656 1085 1717 quod
1099 1672 1226 1716 supra
1250 1656 1417 1701 dictum
1436 1667 1523 1713 est,
1556 1658 1631 1718 qui
1654 1659 1771 1703 occi-

388 1728 521 1783 derit,
554 1726 775 1785 confugiat
807 1726 861 1771 ad
889 1742 1020 1771 unam
1050 1726 1104 1770 de
1132 1727 1377 1772 civitatibus
1407 1726 1721 1787 refugiorumss,
1750 1747 1770 1770 »

387 1797 674 1860 quoadusque
691 1806 774 1841 stet
786 1797 830 1840 in
842 1795 1074 1856 judicium,
1092 1812 1147 1840 ne
1162 1807 1261 1841 ante
1275 1797 1476 1842 inventus
1493 1815 1512 1842 a
1530 1800 1775 1859 propinquo

386 1867 610 1914 occidatur
637 1887 644 1912 :
669 1867 771 1928 quia
789 1867 867 1910 etsi
897 1866 1048 1911 nolens
1073 1867 1254 1922 occidit,
1276 1878 1435 1927 praeter
1459 1868 1551 1912 illas
1581 1869 1774 1914 civitates

387 1941 587 1984 inventus
605 1937 832 1983 occiditur.
850 1939 962 1982 Cum
980 1953 1082 1982 vcro
1100 1937 1143 1981 in
1155 1937 1369 1997 judicium
1388 1939 1553 1982 steterit
1567 1939 1612 1982 in
1630 1938 1775 1999 aliqua

387 2025 553 2065 earum,
579 2009 820 2063 civitatem,
846 2017 889 2052 et.
901 2008 1125 2068 judicatus
1148 2007 1280 2052 fuerit
1300 2009 1532 2054 homicidia
1561 2010 1605 2053 in
1629 2009 1773 2070 aliqua

389 2094 538 2125 earum
560 2079 606 2122 in
637 2094 743 2140 quas
772 2077 923 2137 fugere
959 2077 1240 2133 conceditur,
1274 2094 1363 2122 esse
1385 2079 1446 2122 ibi
1481 2095 1569 2123 non
1592 2080 1772 2137 sinitur3

391 2160 485 2195 tum
523 2149 705 2194 demum·
733 2150 823 2209 jam
853 2148 1097 2209 judicatum
1114 2185 1124 2203 ,
1161 2150 1427 2210 ubicumque
1469 2160 1741 2210 compertum
1760 2185 1770 2206 ‚

386 2221 635 2282 propinquo
656 2219 759 2264 licet
777 2219 988 2264 occidere.
1011 2223 1162 2280 Neque
1177 2220 1291 2264 enim
1310 2236 1417 2280 opus
1435 2230 1612 2265 osteum
1632 2223 1687 2266 ad
1698 2223 1772 2282 ju-

389 2292 552 2336 dicium
566 2290 745 2346 deduci,
763 2306 862 2335 curn
870 2291 960 2350 jam
974 2289 1104 2334 fucrit
1111 2291 1330 2350 judicatus
1343 2291 1575 2348 homicida,
1592 2302 1634 2337 et
1648 2307 1776 2353 prop-

392 2371 508 2407 terea
525 2361 579 2406 de
602 2361 684 2406 illis
702 2360 949 2407 civitatibus
970 2359 1120 2421 pulsus
1140 2362 1208 2405 sit.

440 2466 448 2483 ¹
470 2461 562 2492 Num.
584 2469 681 2501 xxxv,
704 2468 756 2500 12,
779 2459 830 2491 13.
859 2475 889 2480 —
920 2463 932 2480 ²
948 2457 1027 2490 lbid.
1054 2469 1102 2500 19.
1126 2475 1167 2480 —--
1188 2456 1201 2481 3
1218 2458 1299 2490 Ibid.
1322 2468 1371 2490 12.
