1872 3267
371 222 454 260 318
809 229 843 258 s.
878 230 1107 259 Auousnm
1137 231 1318 259 EPISCOPI

369 297 446 359 qui
467 298 513 341 in
534 305 683 341 monte
711 296 839 352 Sina,
866 297 1043 356 quando
1064 300 1223 356 Legem
1242 295 1443 357 primitus
1465 296 1630 355 accepit
1644 330 1655 351 ,
1679 296 1748 339 in-

369 369 500 414 travit
522 369 567 412 in
590 368 755 413 nubem
774 367 849 411 ubi
871 377 962 412 erat
982 371 1096 413 Deus
1110 371 1142 412 1.
1168 367 1326 413 Procul
1347 367 1481 412 dubio
1498 383 1601 426 ergo
1623 366 1750 411 aliam

368 454 599 499 personam
619 448 725 482 tunc
745 438 975 496 figurabat,
1000 438 1127 483 aliam
1149 454 1267 483 nunc
1286 458 1295 482 :
1321 447 1362 482 et
1378 447 1483 482 tunc
1505 452 1655 482 eorum
1673 436 1750 497 qui

370 509 600 570 participes
623 510 736 553 fiunt
749 508 916 552 intimae
937 509 1125 554 veritatis
1143 509 1242 567 Dei3
1266 525 1384 554 nunc
1406 517 1551 553 autem
1570 511 1593 552 J
1598 508 1749 552 udaeo-

370 595 490 636 rum,
510 579 670 640 quibus
688 578 820 636 gloria
837 579 1026 635 Domini,
1047 596 1145 641 quae
1162 580 1208 624 in
1225 579 1508 625 tabernaculo
1526 587 1611 634 est,
1631 576 1752 639 quod

370 660 435 695 est
462 650 597 710 gratia
625 649 808 704 Christi,
841 659 1051 710 tanquam
1082 651 1219 695 nubes
1253 650 1513 710 opponitur,
1538 664 1628 693 non
1657 663 1752 692 eam

371 720 716 780 intelligentibus
733 756 743 776 ,
763 729 806 764 et
826 719 924 764 ideo
949 735 1038 764 non
1060 720 1225 765 intrant
1246 720 1292 764 in
1313 719 1646 764 tabernaculum
1665 727 1753 763 tes-

371 792 557 836 timonii.
586 794 643 836 Et
677 792 760 836 hoc
790 790 1057 836 credendum
1092 801 1155 836 est
1188 790 1319 836 semel
1351 790 1542 846 factum,
1572 806 1673 834 mox
1705 798 1754 834 ut

372 862 660 907 constitutum
677 871 741 906 est
760 860 1087 906 tabernaculum
1099 897 1109 917 ,
1130 861 1448 920 significationis
1465 862 1593 921 hujus
1609 876 1751 916 causa,

372 932 443 977 vel
470 931 652 992 alicujus
684 932 873 976 alterius.
899 935 1050 993 Neque
1072 932 1186 976 enim
1219 948 1387 992 semper
1418 933 1477 976 sic
1501 940 1592 975 erat
1617 931 1756 975 nubes

374 1018 503 1063 super
526 1002 874 1058 tabernaculum,
896 1012 946 1047 ut
962 1002 1066 1048 illuc
1084 1006 1255 1061 Moyses
1278 1004 1440 1047 intrare
1457 1019 1546 1047 non
1563 1006 1754 1062 posset‘23

374 1072 730 1133 quandoquidem
754 1088 844 1117 non
861 1074 1166 1117 removebatur
1187 1073 1324 1118 nubes
1340 1109 1351 1130 ‚
1377 1073 1456 1117 nisi
1472 1089 1572 1117 cum
1594 1073 1652 1116 eis
1676 1073 1758 1116 hoc

375 1143 544 1200 signum
566 1142 753 1186 dabatur
775 1143 1074 1203 disjungendi,
1097 1145 1181 1188 hoc
1208 1153 1292 1200 est,
1325 1153 1461 1189 castra
1481 1142 1686 1188 movendi
1708 1158 1759 1186 ex

376 1229 427 1258 eo
449 1212 545 1257 loco
567 1213 645 1257 ubi
668 1223 816 1271 erant,
849 1223 893 1257 et
920 1213 1152 1258 accedendi
1180 1231 1268 1275 quo
1298 1215 1436 1258 nubes
1469 1214 1658 1258 ducebat
1682 1228 1759 1273 per

375 1283 490 1327 diem
504 1318 514 1338 ,
537 1283 711 1327 flamma
732 1299 809 1343 per
825 1292 1015 1328 noctem.
1041 1287 1148 1337 Quae
1166 1285 1256 1328 duo
1275 1285 1460 1329 vicissim
1480 1285 1609 1328 etiam
1631 1299 1759 1343 super

379 1352 707 1397 tabernaculum
740 1354 1003 1409 manebant,
1039 1354 1116 1398 ubi
1148 1363 1286 1399 castra
1317 1355 1561 1415 posuissent
1575 1389 1588 1410 ,
1622 1354 1760 1399 nubes

376 1440 454 1484 per
470 1423 608 1481 diem,
631 1424 806 1469 flamma
822 1439 899 1484 per
915 1434 1104 1469 noctem.

818 1520 1054 1570 QUAESTIO
1086 1521 1289 1561 CLXXVII
1302 1518 1317 1543 3
1326 1552 1334 1560 .

438 1627 473 1669 I.
490 1626 699 1677 QUOMAM
716 1622 827 1667 liber
848 1623 922 1683 qui
936 1622 1111 1667 Exodus
1125 1621 1300 1677 dicitur,
1315 1622 1362 1666 in
1376 1623 1686 1667 constitutione
1702 1632 1760 1667 ta-
1827 1670 1830 1676 ,

379 1695 602 1740 bernaculi
625 1695 755 1739 sumit
772 1695 1005 1738 terminum
1018 1729 1028 1749 ,
1053 1693 1107 1737 de
1124 1709 1213 1754 quo
1230 1693 1512 1738 tabernaculo
1539 1695 1669 1738 etiam
1686 1710 1763 1754 per

378 1766 600 1826 superiora
626 1764 820 1825 ejusdem
841 1763 941 1807 libri
965 1762 1103 1807 multa
1126 1762 1348 1819 dicuntur,
1373 1780 1471 1824 quae
1493 1764 1656 1809 faciant
1676 1763 1763 1809 dif-

379 1837 619 1882 ficultatem
640 1834 939 1894 intelligendi,
962 1834 1073 1878 sicut
1090 1833 1199 1878 solet
1219 1835 1358 1879 omnis
1379 1843 1592 1891 τοπιγρκφὶα,
1617 1835 1662 1879 id
1680 1845 1758 1890 est,

378 1907 462 1952 loci
489 1907 668 1967 alicujus
691 1905 921 1964 descriptio
938 1905 983 1948 in
1003 1905 1122 1948 omni
1145 1905 1319 1949 historia
1337 1905 1479 1950 facere
1500 1921 1508 1946 :
1535 1906 1672 1950 visum
1698 1915 1763 1950 est
1828 1935 1833 1958 ,2

379 1977 485 2021 mihi
511 1977 565 2021 de
587 1975 681 2020 toto
702 1976 795 2034 ipso
818 1973 1099 2018 tabernaculo
1121 1975 1352 2033 separatim
1380 1974 1545 2031 dicere,
1578 1992 1666 2036 quo
1689 1976 1759 2019 in-

383 2047 615 2106 telligatur,
636 2047 670 2090 si
693 2046 785 2089 fieri
807 2054 970 2105 potest,
993 2045 1121 2105 quale
1141 2044 1267 2101 illud,
1288 2055 1331 2089 et
1348 2045 1456 2106 quid
1479 2044 1634 2101 suerit,
1654 2047 1763 2091 inte·
1826 2080 1829 2105 5

380 2117 462 2161 rim
482 2116 744 2176 proprietate
772 2115 1030 2158 narrationis
1055 2115 1251 2174 inspecta
1268 2151 1278 2167 ,
1302 2124 1344 2159 et
1365 2116 1411 2158 in
1444 2115 1563 2160 aliud
1593 2126 1763 2176 tempus

380 2186 512 2231 dilata
530 2188 669 2245 figura
686 2185 999 2244 significatione
1028 2204 1037 2229 2
1065 2200 1207 2246 neque
1232 2185 1347 2229 enim
1366 2186 1532 2246 aliquid
1556 2187 1615 2230 ibi
1632 2185 1764 2231 fuisse

340 2310 347 2315 1
380 2257 627 2317 putandum
649 2265 736 2311 est,
758 2255 878 2315 quod
895 2255 1078 2314 jubente
1100 2259 1191 2300 Deo
1212 2257 1547 2300 constitueretur
1572 2257 1662 2301 sine
1683 2257 1764 2301 ali-

379 2329 503 2388 cujus
525 2343 696 2386 magnae
725 2326 786 2370 rei
816 2334 1086 2370 sacramento
1101 2360 1112 2381 ,
1149 2327 1273 2386 cujus
1304 2326 1495 2386 cognitio
1516 2326 1649 2372 fidem
1671 2326 1763 2373 for—

379 2413 584 2458 mamque
605 2397 776 2457 pietatis
795 2396 996 2440 aedificet.

440 2471 499 2512 11.
523 2470 547 2512 J
553 2468 656 2512 ubet
677 2482 779 2526 ergo
801 2469 914 2510 Deus
931 2466 1073 2524 Moysi
1098 2464 1238 2510 facere
1259 2466 1592 2513 tabernaculum
1613 2468 1763 2514 decem
1825 2517 1828 2529 ⁶

429 2571 437 2587 ¹
459 2564 617 2605 Exod.1x‚
635 2572 687 2595 20.
710 2579 750 2586 -—
770 2569 783 2586 ²
802 2563 848 2595 Id.
865 2573 934 2604 xm,
954 2570 1008 2594 21.
1036 2578 1077 2585 —
1097 2560 1110 2586 3
1128 2562 1213 2596 Alias
1229 2572 1356 2606 cnxxrv,
