1872 3267
356 187 624 236 Quffis‘moivas
657 198 702 224 ιΝ
734 193 952 231 οΕΝΕειΜ,
989 195 1071 222 Lm.
1110 196 1139 221 1.
1357 181 1437 220 167

50 275 142 310 tum
165 274 228 310 est
259 284 267 309 z
305 284 321 305 «
360 264 572 325 Reliquiae
595 277 673 322 per
699 260 956 305 electionem
987 260 1134 318 gratiae
1157 262 1285 303 salvae
1314 257 1440 303 factm

53 355 73 378 ›)
109 338 251 381 sunt¹.
274 355 293 378 «

562 430 799 481 QUAESTIO
831 430 911 471 CV.

106 537 221 587 Qum
242 533 324 577 sibi
337 532 432 577 vult
454 531 575 593 quod
599 530 736 576 Jacob
757 532 815 576 ait
838 530 959 575 fratri
982 545 1076 583 suo,
1109 547 1128 571 «
1155 531 1337 588 Propter
1354 529 1438 573 hoc

51 622 71 646 »
107 603 193 647 vidi
222 603 376 648 faciem
409 612 558 657 tuam,
596 600 970 662 quemadmodum
998 614 1098 644 cum
1131 597 1250 642 videt
1285 596 1440 658 aliquis

0 726 1 731 Ἰ
51 692 72 715 »
107 673 262 718 faciem
296 674 403 717 Dei²
430 693 439 717 ς
469 691 488 713 »
533 681 683 716 utrum
720 671 916 731 paventis
955 679 999 714 et
1029 668 1274 729 perturbati
1308 668 1441 712 animi

0 734 1 803 f
47 745 180 790 verba
210 761 347 805 usque
379 745 425 788 in
453 745 566 788 hanc
601 742 894 788 adulationem
930 750 1252 802 proruperun’t3
1289 756 1344 784 an
1373 755 1442 784 se-

0 807 1 861 }
48 815 244 861 cundum
281 814 470 875 aliquem
505 813 777 859 intellectum
814 814 905 857 sine
933 821 1112 872 peccato
1152 811 1268 856 dicta
1306 811 1443 870 accipi

0 892 1 951 ]
50 888 260 948 possunt?
287 885 494 930 Fortassis
523 885 638 929 enim
662 885 763 945 quia
788 883 894 928 dicti
925 893 1028 927 sunt
1056 892 1100 926 et
1129 883 1326 942 gentium
1358 881 1442 936 dii,

50 974 150 1019 quae
172 967 275 1001 sunt
297 956 535 1011 daemonia,
566 972 655 1000 non
687 955 998 1016 praejudicetur
1024 969 1074 997 ex
1096 954 1163 997 his
1189 953 1333 997 verbis
1360 954 1442 997 lio-

0 1047 1 1050 *
50 1029 156 1074 mini
179 1030 272 1073 Dei.
308 1032 404 1074 Non
429 1028 545 1072 enim
568 1027 676 1072 dixit
702 1048 711 1072 :
742 1047 762 1069 «
788 1025 1173 1079 Quemadmodum
1194 1025 1228 1069 si
1249 1024 1442 1069 viderem

50 1101 203 1146 faciem
222 1101 326 1155 Dei,
348 1119 368 1141 n
394 1099 490 1154 sed,
520 1102 668 1144 «Cum
691 1098 809 1142 videt
831 1096 987 1158 aliquis
1009 1117 1017 1142 :
1041 1115 1062 1138 »
1086 1098 1176 1156 ipse
1199 1106 1345 1141 autem
1368 1097 1448 1141 ali-

50 1173 163 1232 quis,
185 1187 315 1231 quem
336 1171 578 1229 significare
599 1169 749 1229 possit,
774 1169 989 1212 incertum
1008 1177 1071 1212 est
1089 1188 1097 1212 :
1126 1177 1258 1228 atque
1278 1169 1337 1212 ita
1357 1167 1446 1212 for-

51 1251 158 1287 tasse
181 1250 419 1301 temperata
441 1250 543 1285 sunt
562 1240 696 1284 verba
712 1275 723 1295 ,
748 1248 799 1283 ut
819 1248 864 1283 et
885 1239 975 1298 ipse
996 1240 1113 1283 Esaii
1144 1239 1225 1282 sibi
1248 1238 1445 1283 delatum

52 1322 224 1358 tantum
246 1313 458 1356 honorem
477 1320 596 1370 grate
618 1311 855 1370 acciperet,
881 1318 924 1354 et
946 1311 1021 1370 qui
1042 1311 1137 1353 haec
1165 1310 1296 1353 etiam
1322 1309 1447 1354 aliter

53 1383 295 1442 intelligere
318 1392 500 1443 possunt
515 1418 526 1436 ,
551 1398 652 1426 eum
675 1399 699 1426 a
726 1397 814 1442 quo
845 1380 960 1425 dicta
986 1390 1089 1425 sunt
1117 1379 1241 1425 nullo
1263 1382 1445 1425 crimine

54 1455 284 1514 impietatis
301 1462 548 1513 arguerent.
567 1451 697 1506 Quod
720 1461 763 1495 et
784 1452 818 1495 si
840 1451 1031 1509 benigno
1051 1452 1196 1495 animo
1220 1451 1336 1496 dicta
1352 1452 1447 1496 haec

53 1526 185 1569 verba
204 1523 394 1567 fraterna
408 1533 525 1578 sunt⁷
546 1523 752 1583 quoniam
768 1531 811 1565 et
828 1531 926 1581 post
941 1522 1102 1565 bonam
1127 1522 1448 1581 susceptionem

54 1604 195 1638 metus
217 1595 306 1652 ipse
328 1594 558 1636 transierat
574 1628 584 1647 ‚
609 1592 754 1652 potuit
778 1592 836 1636 sic
860 1591 944 1652 dici
963 1628 974 1646 ,
1008 1592 1383 1652 quemadmodum
1407 1601 1451 1636 et

54 1668 225 1721 Moyses
246 1662 480 1707 Pharaonis
503 1660 610 1705 deus
639 1661 780 1705 dictus
803 1663 910 1714 est3,
936 1661 1180 1706 secundum
1203 1662 1325 1722 quod
1347 1661 1452 1706 dicit

56 1734 289 1796 Apostolus
308 1754 316 1778 ε
347 1753 364 1774 «
383 1736 440 1777 Et
455 1733 488 1777 si
500 1741 603 1777 sunt
615 1732 692 1792 qui
713 1731 923 1776 dicuntur
941 1732 1018 1787 dii,
1040 1733 1192 1776 sivein
1213 1733 1343 1788 coelo,
1365 1734 1454 1777 sive

60 1824 81 1848 »
116 1806 161 1850 in
196 1814 308 1849 terra
326 1840 336 1861 ,
377 1802 750 1864 quemadmodum
785 1811 889 1846 sunt
920 1801 981 1846 dii
1012 1802 1140 1846 multi
1158 1839 1168 1858 7
1205 1813 1249 1847 et
1282 1803 1451 1848 domini

61 1895 82 1918 »
116 1876 280 1931 multi⁴‚
306 1895 325 1916 »
358 1875 543 1919 maxime
572 1875 674 1935 quia
702 1874 794 1918 sine
824 1872 1009 1918 articulo
1041 1874 1087 1916 in
1120 1889 1259 1932 graeco
1288 1873 1457 1918 dictum

10 1948 14 1952 Α
58 1956 146 2005 est3
172 1963 260 2008 quo
292 1946 477 1991 articulo
512 1945 832 1990 evidentissime
861 1944 971 1989 solet
999 1945 1090 1989 veri
1112 1946 1190 1989 Dei
1212 1946 1342 1990 unius
1365 1946 1457 1989 fieri

14 2550 17 2602 Ι

14 2606 18 2759 l

17 2904 20 2930 l

59 2018 327 2077 significatio.
348 2020 446 2062 Non
466 2017 582 2060 enim
604 2016 727 2071 dixit,
748 2024 914 2069 πρόσωπον
931 2028 982 2056 τοῦ
998 2027 1075 2061 0323,
1093 2017 1170 2061 sed
1187 2015 1309 2071 dixit,
1336 2025 1457 2070 epim-

59 2110 115 2130 mv
131 2100 196 2130 6505
215 2110 221 2130 :
247 2088 372 2133 facile
395 2098 541 2132 autem
554 2089 638 2132 hoc
655 2087 908 2147 intelligunt
930 2105 1016 2150 qua
1035 2088 1239 2133 distantia
1256 2087 1426 2134 dicatur
1443 2125 1454 2144 ,

60 2160 311 2205 Graecorum
332 2159 558 2220 eloquium
581 2160 731 2204 audire
753 2169 886 2220 atque
907 2160 1152 2220 intelligere
1175 2159 1332 2205 solent.

571 2280 811 2329 QrAEsTlo
844 2281 942 2321 cvl.

121 2383 361 2434 QUAEmTu-ti
397 2391 550 2425 utrum
584 2380 855 2426 mendaciter
891 2382 1137 2442 promiserit
1167 2382 1306 2427 Jacob
1337 2382 1464 2426 fratri

67 2465 165 2506 suo,
187 2452 309 2511 quod
331 2467 515 2511 sequens
537 2450 669 2511 pedes
687 2468 890 2507 suorum,
911 2453 958 2495 in
980 2453 1133 2497 itinere
1151 2464 1330 2512 propter
1351 2468 1462 2512 quos

121 2555 127 2569 ¹
148 2551 237 2581 Rom.
267 2561 308 2586 xi,
331 2550 359 2580 Γ).
383 2568 422 2571 -
444 2557 455 2570 ²
481 2552 562 2581 Gen.
585 2561 702 2585 xxxin,
726 2562 825 2581 10.--—
848 2549 860 2572 3
880 2551 978 2582 Exod.
999 2563 1052 2589 vu,
1076 2563 1085 2581 1
1118 2550 1184 2579 -4
1205 2563 1215 2581 1
1245 2553 1315 2582 Cor.
1339 2563 1408 2591 vin,
1433 2550 1463 2581 Γ).

17 2935 20 3013 l
