1872 3267
386 266 644 299 LOCUTIONES
677 267 730 294 DE
762 267 926 303 EXODO,
961 267 1044 292 Lm.
1080 266 1127 292 11.
1391 250 1445 290 55

122 336 365 382 CXXXIX.
402 338 534 381 «Non
557 332 726 379 occides
750 347 880 391 super
907 331 1169 375 fermentum
1193 330 1449 389 sanguinem

67 422 88 446 »
123 405 448 453 immolatorum
471 420 670 450 meorum
684 406 697 430 1
726 423 734 449 :
763 421 783 444 »
804 403 968 447 locutio
990 410 1053 446 est
1072 401 1247 462 utique,
1267 401 1450 446 Occides

63 478 332 535 sanguinem,
354 494 434 539 pro
456 493 507 522 eo
524 475 647 538 quod
663 484 742 531 est,
769 472 1011 519 occidendo
1025 471 1240 517 effundes.

127 560 257 605 CXL.
288 565 378 607 «Et
402 577 492 607 non
520 558 706 605 dormiet
732 573 872 619 usque
892 559 940 602 in
959 571 1089 602 mane
1115 550 1359 600 immolatio
1383 568 1455 600 so-

72 648 94 673 »
128 630 361 678 lemnitatis
390 634 597 679 Pasehae²
623 651 631 676 ;
662 630 849 677 dormiet
873 648 894 672 »
926 625 1058 685 dixit,
1093 627 1289 672 manebit
1313 647 1324 672 ε
1353 640 1455 671 nam

70 718 170 748 caro
181 704 358 764 pecudis
373 705 523 750 occisae
532 713 575 748 et
591 712 726 749 eoctae
739 700 961 763 quomodo
979 699 1194 746 dormiet?
1209 697 1340 752 Quod
1354 712 1456 758 ergo

68 774 228 820 dicitur
255 797 263 822 :
293 797 313 821 «
338 781 481 832 Quare
503 775 724 822 obdormis
748 773 977 831 Domi11e³‚
998 791 1018 815 »
1039 774 1123 818 hoc
1152 783 1310 832 genere
1330 767 1456 817 locu-

0 902 1 905 *
69 848 199 893 tionis
228 848 407 907 dieitur,
445 859 489 896 et
509 848 793 907 intelligitur:
819 851 962 903 Quare
983 858 1145 902 cessas,
1178 841 1226 890 id
1247 852 1337 902 est,
1367 860 1457 891 non

68 918 275 965 vindicas.

126 1002 280 1047 CXLI.
306 1006 368 1048 De
385 1002 672 1065 quadraginta
696 1000 865 1046 dierum
881 999 1048 1061 jejunio
1070 994 1212 1057 Moysi
1233 997 1456 1059 Scriptura

68 1074 127 1117 sic
157 1072 374 1135 loquitur,
407 1094 427 1117 «
452 1079 615 1119 Panem
647 1090 736 1118 non
762 1070 1071 1125 manducavit,
1105 1078 1149 1113 et
1176 1085 1334 1130 aquam
1367 1085 1457 1114 non

0 1144 3 1186 ὲ
69 1161 92 1184 »
126 1144 257 1189 bibi&
285 1166 294 1190 :
323 1164 343 1187 »
369 1162 393 1190 a
415 1155 538 1206 parte
561 1155 728 1200 totum,
752 1159 866 1204 pane
882 1156 1058 1188 omnem
1079 1139 1253 1198 cibum,
1278 1150 1322 1186 et,
1345 1157 1458 1203 aqua

0 1232 1 1258 1
66 1229 241 1259 omnem
263 1225 416 1276 potum
440 1216 700 1282 significans.

125 1299 300 1342 CXLII.
331 1317 348 1338 «
366 1297 527 1342 Exeide
555 1297 637 1341 tibi
659 1296 767 1341 duas
785 1294 979 1351 tabulas,
998 1296 1110 1340 sicut
1126 1304 1170 1340 et
1189 1295 1369 1355 primae⁵
1391 1314 1402 1340 ε
1429 1312 1453 1336 »

65 1368 340 1426 subauditur,
365 1369 546 1414 fuerunt
568 1389 577 1414 ε
602 1368 722 1413 unde
739 1369 823 1413 hoc
844 1368 1030 1413 verbum
1045 1367 1182 1413 nostri
1194 1366 1455 1426 interpretes

65 1441 193 1484 etiam
216 1440 467 1486 addendum
481 1450 764 1501 putaverunt,
781 1441 990 1502 quoniam
1004 1440 1210 1485 inusitata
1227 1447 1291 1483 est
1304 1438 1350 1483 in
1367 1438 1457 1483 lin-

65 1525 147 1569 gua
169 1511 306 1556 latina
327 1512 423 1557 talis
446 1511 621 1573 ellipsis.

122 1594 323 1641 CXLIII.
353 1612 371 1634 «
393 1597 451 1638 Et
473 1595 533 1639 ait
556 1598 729 1653 Moyses
756 1589 811 1638 ad
839 1605 1016 1639 omnem
1048 1603 1314 1651 synagogam
1334 1587 1453 1636 filio-

68 1681 87 1703 »
122 1677 222 1706 rum
240 1662 387 1717 Israel,
412 1663 586 1708 dicens⁶
613 1684 622 1707 ε
652 1683 670 1705 »
695 1663 879 1722 plenum
903 1671 1029 1719 esset,
1054 1662 1136 1707 etsi
1161 1676 1251 1707 non
1270 1661 1454 1707 haberet

68 1752 89 1776 «
108 1732 270 1778 dicens.
299 1751 320 1775 »

120 1818 315 1862 CXLIV.
351 1835 372 1859 «
396 1818 453 1862 Et
483 1815 726 1861 attulerunt
754 1817 1057 1877 unusquisque
1089 1815 1212 1876 quod
1242 1815 1456 1861 afferebat

66 1905 88 1929 »
121 1903 196 1932 eor
222 1890 414 1932 eorun17.
443 1906 463 1928 »
500 1891 676 1932 Poterat
702 1888 902 1932 usitatius
920 1886 1005 1932 dici
1029 1906 1038 1932 :
1068 1889 1126 1932 Et
1148 1885 1294 1932 attulit
1315 1900 1454 1932 unus-

8 1986 12 2030 ε-
62 1959 246 2021 quisque
262 1958 383 2020 quod
400 1958 613 2004 afferebat
631 1974 707 2004 cor
730 1960 837 2020 ejus.

121 2035 289 2084 CXLV.
315 2056 335 2079 «
353 2039 410 2081 Et
425 2036 584 2097 quibus
602 2037 742 2081 visum
758 2046 822 2081 est
839 2036 994 2081 animae
1014 2047 1190 2092 eorum,
1210 2035 1455 2080 attulerunt

65 2127 87 2150 »
121 2107 416 2168 demptionem
439 2107 656 2152 Domino8
679 2128 687 2153 2
716 2126 736 2149 »
766 2119 858 2153 non
881 2106 992 2152 dixit
1014 2126 1023 2152 :
1054 2125 1074 2149 ‹<
1094 2105 1152 2151 Et
1173 2106 1284 2151 sicut
1311 2107 1450 2152 visum

63 2187 125 2224 est
149 2179 304 2223 animae
327 2193 495 2223 eorum.
517 2196 538 2219 »

118 2258 311 2301 CXLVI.
340 2274 360 2298 «
380 2258 437 2299 Et
456 2255 595 2300 omnis
623 2255 694 2299 eui
726 2256 955 2300 inventum
979 2264 1043 2299 est
1066 2253 1185 2315 apud
1207 2270 1308 2299 eum
1333 2255 1450 2299 coria

66 2346 86 2370 »
120 2329 303 2373 arietum
320 2329 538 2373 rubricata
551 2330 566 2354 ⁰
584 2349 591 2372 :
613 2347 632 2369 »
653 2328 774 2390 quod
791 2327 1009 2373 diceretur
1030 2329 1187 2372 usitate
1207 2348 1215 2373 :
1252 2329 1449 2373 «Omnes

64 2398 180 2460 apud
194 2416 303 2461 quos
320 2401 496 2445 inventa
517 2409 619 2445 sunt
635 2400 750 2445 coria
768 2400 953 2445 arietum
975 2400 1210 2445 rubricata.
1235 2418 1256 2441 n

113 2472 338 2516 CXLVII.
367 2491 388 2514 «
415 2472 566 2516 Omnis
600 2471 785 2516 afferens
814 2470 1114 2532 demptionem
1149 2480 1380 2531 argentum
1413 2479 1457 2517 et

109 2573 118 2588 ¹
145 2567 249 2602 Exod.
274 2577 387 2608 xxxiv,
407 2567 461 2600 25.
481 2585 522 2590 —
547 2568 657 2601 21bid.
674 2586 717 2591 —-
741 2566 754 2591 3
775 2568 854 2600 Psal.
873 2580 960 2612 xun,
981 2569 1037 2601 23.
1054 2585 1096 2593 —-
1114 2568 1130 2600 4
1151 2568 1252 2601 Exod.
1273 2579 1382 2610 xxxiv,
1399 2567 1453 2602 28.

64 2637 105 2644 --
125 2619 139 2643 5
156 2621 237 2654 Ibid.
262 2633 290 2655 1.
308 2640 349 2646 --
364 2622 379 2645 6
396 2624 442 2655 Id.
465 2634 563 2666 xxxv,
582 2623 614 2666 4.
636 2641 677 2647 --
698 2632 711 2656 7
725 2623 808 2657 Ibid.
829 2633 885 2656 Ἠ.
907 2641 948 2647 -
967 2623 982 2645 9
1006 2624 1091 2657 lbid.
1109 2642 1150 2647 -
1171 2623 1284 2657 91bid.
1308 2623 1359 2657 13.
