1872 3267
411 251 463 288 28
828 259 861 288 s.
898 262 1127 291 ΑυουεΤῐΝῑ
1160 265 1359 292 EPISCOPI.

408 323 540 369 Aliud
568 323 683 368 onim
712 333 775 368 est
807 325 893 385 ipsa
925 326 1053 371 verba
1084 327 1393 382 dicerc,'aliud
1417 322 1656 370 secundum
1676 324 1784 383 ipsa,

407 403 456 438 ut
473 409 760 454 quaecumque
774 393 854 438 alia
870 393 983 440 dicta
995 395 1159 442 fuerint
1176 397 1329 442 eadem
1347 395 1557 441 sententia
1572 403 1784 449 teneatur,

406 479 504 524 quae
530 463 613 508 illis
635 464 777 508 verbis
797 467 1105 525 comprehensa
1120 476 1184 511 est
1200 487 1209 512 ;
1227 468 1310 511 hoc
1333 466 1396 510 est
1413 463 1649 510 secundum
1670 463 1782 523 ipsa,
1835 495 1838 524 3

406 535 535 579 etiam
558 535 696 580 sinon
719 536 824 594 ipsa.
847 535 1053 597 Sedquia
1075 538 1270 599 sequitur
1293 537 1375 581 illis
1399 535 1782 596 respondentibus,

409 624 429 648 «
455 608 512 650 Ut
538 605 645 666 quid
671 606 867 667 loquitur
898 608 1105 653 Dominus
1137 608 1378 653 secundum
1410 606 1542 652 verba
1579 606 1719 660 haec¹,
1760 623 1782 645 »
1834 618 1837 638 ³

404 677 478 736 qui
500 677 651 737 utique
668 677 810 721 dicere
822 676 1072 722 debuerunt
1087 679 1243 723 usitato
1260 694 1378 722 more
1395 698 1402 722 :
1424 679 1513 721 «Ut
1529 676 1636 736 quid
1647 675 1788 735 loqui-

407 764 427 788 »
466 757 534 791 tur
547 747 755 791 Dominus
774 748 905 792 verba
922 748 1016 792 haec
1035 767 1054 789 »
1080 759 1247 793 constat
1269 764 1358 793 esse
1379 747 1609 792 locutionis
1633 761 1782 805 genus.
1832 761 1835 776 ε

462 820 699 862 CLXXX«
718 819 844 862 Absit
866 834 889 862 a
910 819 1054 879 pueris
1076 820 1160 864 tuis
1183 821 1324 865 facere
1346 818 1587 864 seeundum
1601 817 1786 861 verbum
1832 809 1835 861 :²

405 906 425 928 »
461 888 570 931 hoc²
593 907 601 932 :
630 907 649 928 »
672 897 912 947 potuerunt
930 888 1073 933 dicere
1100 910 1109 935 ε
1132 891 1256 935 Absit
1282 907 1304 935 a
1322 890 1474 946 nobis,
1500 887 1575 933 sed
1606 886 1680 931 illa
1703 887 1786 931 ho-

401 958 671 1003 norificentia
697 968 760 1003 est
785 960 940 1004 usitata
968 960 1014 1004 in
1037 961 1266 1021 Scripturis
1294 961 1352 1005 sic
1384 960 1551 1013 dicere,
1577 968 1786 1017 tanquam
1831 1013 1833 1018 1

404 1027 458 1072 de
483 1028 573 1072 aliis
599 1048 608 1073 :
635 1048 655 1070 α
679 1029 856 1088 pueris»
881 1039 1049 1086 autem,
1068 1046 1148 1090 pro
1170 1031 1299 1075 servis
1321 1030 1488 1074 dictum
1508 1039 1586 1074 est.

451 1101 689 1144 CLXXXI.
701 1102 782 1143 «Et
795 1115 873 1144 nos
887 1110 1032 1144 autem
1051 1102 1209 1146 erimus
1226 1101 1335 1146 servi
1348 1101 1534 1145 Domino
1551 1099 1717 1144 ῐιοεῐιὊ3
1734 1117 1742 1142 :
1761 1117 1780 1139 υ

400 1170 543 1213 Etiam
571 1170 641 1213 hic
671 1175 782 1216 παῖδες
812 1171 936 1228 graeci
959 1171 1149 1227 habent,
1175 1173 1259 1216 hoc
1289 1181 1376 1227 est,
1407 1191 1426 1213 «
1446 1171 1594 1230 pueri,
1614 1189 1633 1211 υ
1667 1168 1786 1229 quod

402 1247 488 1282 tam
517 1238 685 1283 assidue
711 1241 929 1299 Scriptura
951 1257 1030 1301 pro
1055 1243 1184 1286 servis
1213 1242 1338 1301 ponit
1356 1276 1367 1296 ,
1391 1250 1441 1285 ut
1463 1238 1638 1284 difficile
1660 1239 1786 1284 inve—
1828 1238 1831 1261 ³

400 1309 544 1354 niatur
565 1326 655 1354 non
671 1312 751 1354 isto
774 1313 949 1355 nomine
972 1311 1189 1372 appellare
1212 1328 1369 1357 servos.
1828 1309 1830 1325 ³

458 1384 719 1426 CLXXXII.
761 1402 780 1424 «
806 1383 1037 1436 Quomodo
1080 1394 1225 1428 autem
1256 1382 1483 1427 ascendam
1510 1382 1565 1425 ad
1594 1390 1782 1441 patrem,
1827 1388 1829 1434 ξ

402 1470 424 1494 »
459 1468 559 1497 cum
582 1469 690 1512 puer
712 1470 800 1498 non
823 1455 876 1499 sit
894 1455 1122 1500 nobiscum
1140 1491 1151 1510 ,
1172 1465 1221 1499 ut
1253 1470 1342 1499 non
1363 1454 1533 1499 videam
1552 1453 1663 1497 mala
1686 1468 1785 1512 quae
1826 1487 1828 1490 .

403 1541 423 1564 »
458 1523 680 1567 invenient
694 1534 862 1582 patrem
880 1527 1077 1569 meumfi’
1097 1544 1116 1566 »
1135 1525 1271 1583 Magis
1288 1522 1558 1568 consuetudo
1575 1521 1785 1583 loquendi
1826 1571 1827 1574 Ἴ

400 1592 598 1652 exigebat
619 1591 728 1648 dici,
768 1596 866 1638 «Ut
899 1593 1070 1638 videam
1091 1593 1325 1654 mala'quae
1362 1594 1584 1637 invenient
1618 1602 1784 1652 patrem
1825 1582 1845 1622 Ὗ

403 1683 422 1706 «
459 1679 622 1719 meum,
647 1682 666 1704 »
690 1664 773 1708 hoc
789 1673 868 1719 est,
889 1666 1121 1718 Quomodo
1143 1663 1372 1709 ascendam
1386 1673 1435 1708 ut
1447 1663 1646 1707 videam?
1662 1665 1785 1707 Novo
1824 1706 1825 1710 ,

397 1735 545 1794 itaque
559 1732 769 1794 loquendi
785 1749 903 1778 more
921 1734 967 1778 id
982 1733 1101 1795 quod
1118 1734 1241 1789 dixit,
1257 1750 1335 1793 pro
1349 1750 1399 1778 eo
1417 1732 1524 1778 dixit
1542 1749 1590 1777 ac
1604 1734 1638 1776 si
1655 1732 1785 1776 dixis·
1823 1781 1825 1796 Ι

397 1813 477 1859 set,
503 1820 606 1848 non.
639 1804 706 1849 Sic
728 1803 843 1847 enim
872 1805 1053 1848 usitatus
1080 1803 1188 1848 ordo
1212 1805 1291 1848 iste
1313 1804 1547 1848 verborum
1570 1812 1662 1848 est:
1686 1805 1783 1847 Non
1822 1815 1825 1864 j

398 1874 626 1918 ascendam
651 1873 706 1917 ad
719 1882 886 1932 patrem
901 1909 915 1929 ,
939 1889 1039 1918 cum
1063 1889 1173 1933 puer
1189 1890 1276 1918 non
1291 1873 1344 1917 sit
1357 1874 1601 1928 nobiscum,
1623 1882 1673 1917 ut
1694 1888 1784 1917 non
1821 1871 1824 1935 J

398 1943 568 1988 videam
586 1943 698 1986 mala
718 1959 818 2003 quae
838 1943 1063 1988 invenient
1079 1953 1245 2002 patrem
1264 1959 1425 1987 meum.

456 2016 739 2059 CLXXXIII.
765 2012 951 2067 Quando
970 2013 1090 2058 flevit
1102 2015 1262 2073 Joseph
1285 2029 1386 2058 cum
1403 2023 1784 2072 recognosceretur
1820 2051 1822 2072 ,
1855 2014 1872 2068 j

397 2102 420 2129 a
446 2083 651 2128 fratribus
669 2085 776 2140 suis,
805 2085 864 2128 ait
888 2085 1129 2145 Scriptura,
1159 2106 1178 2127 «
1197 2085 1443 2130 Audierunt
1465 2095 1610 2130 autem
1633 2101 1782 2130 omnes
1819 2073 1822 2097 ³
1855 2137 1858 2144 Δ

398 2174 419 2198 »
455 2155 674 2215 AEgyptii,
701 2165 743 2199 et
767 2155 963 2199 auditum
987 2165 1051 2200 est
1072 2156 1117 2199 in
1142 2155 1273 2200 domo
1295 2157 1544 2202 Pharaonis.
1569 2175 1588 2197 υ
1615 2156 1781 2199 Deinde
1818 2162 1821 2171 ’

395 2226 591 2286 sequitur
609 2225 729 2285 quod
754 2226 982 2280 narrabat,
1013 2225 1165 2270 «Dixit
1187 2235 1332 2269 autem
1359 2227 1519 2286 ,Ioseph
1547 2228 1601 2270 ad
1629 2225 1781 2270 fratres
1856 2282 1857 2286 Ἰ

398 2315 418 2338 »
455 2298 580 2340 suos⁵
608 2315 616 2340 z
645 2314 665 2336 »
690 2296 808 2355 prius
830 2296 976 2355 itaque
1000 2296 1222 2355 Scriptura
1249 2295 1357 2339 dixit
1378 2296 1498 2355 quod
1515 2305 1664 2355 postea
1685 2296 1779 2340 fac·
1817 2323 1818 2329 =
1855 2345 1857 2353 ⁴

396 2376 491 2410 tum
512 2376 597 2424 est,
617 2368 700 2411 hoc
723 2366 839 2409 enim
862 2365 989 2409 farnae
1016 2364 1267 2409 celebritate
1293 2365 1472 2421 accidit,
1498 2375 1546 2409 ut
1577 2366 1780 2410 omnibus
1816 2374 1818 2422 J
1856 2414 1857 2418 Ἰ

394 2429 609 2496 AEgyptiis
627 2446 779 2481 notum
805 2437 926 2480 fieret
947 2456 955 2481 :
983 2446 1026 2480 et
1048 2445 1196 2496 postea
1224 2451 1391 2480 reversa
1415 2445 1478 2480 est
1501 2437 1692 2481 narratio
1722 2437 1777 2482 ad
1815 2453 1817 2494 ζ
1856 2429 1872 2466 Ῐ

394 2507 440 2552 id
460 2508 581 2568 quod
597 2508 823 2553 dicebatur
845 2508 966 2552 brevi
988 2504 1364 2567 recapitulatione.

444 2599 450 2613 ¹
474 2594 552 2624 Gen.
576 2603 660 2631 niv,
680 2604 710 2634 7.
737 2609 776 2614 -—
793 2599 802 2615 ²
827 2591 907 2624 lbid.
930 2608 970 2614 *—
992 2589 1098 2623 ³1bi‹l.
1126 2603 1158 2632 ς).
1180 2589 1252 2621 -4
1277 2590 1356 2622 Ibid.
1380 2589 1432 2631 374.
1451 2607 1492 2613 --
1508 2589 1761 2631 ⁵1d.xtv‚1-5.
1813 2582 1815 2620 f
