1872 3267
357 200 624 240 oona-ionius
656 203 701 231 nv
733 201 945 240 GENESIM,
982 205 1064 233 mn.
1100 205 1130 232 1.
1358 193 1440 231 129

531 305 767 356 QUAESTIO
799 306 955 347 XXVII.

112 411 239 463 Quon
259 417 368 453 terra
388 406 679 454 Sodomorum
697 416 740 451 et
764 407 1034 464 Gomorrhae,
1061 416 1296 468 antequam
1320 408 1442 453 dele-

54 490 195 535 retur,
226 488 501 539 comparatur
525 479 725 539 paradiso
750 479 826 524 Dei
843 482 879 535 ¹,
913 496 964 525 eo
995 478 1117 540 quod
1138 488 1229 523 erat
1252 479 1413 540 irrigua
1428 515 1439 536 ‚

52 560 97 595 et
127 560 252 595 terrae
283 551 461 610 AEgypti
493 565 624 611 quam
658 549 780 595 Nilus
808 551 978 610 irrigat,
1010 551 1136 606 satis,
1181 559 1232 594 ut
1260 550 1439 610 opinor,

53 620 295 666 ostenditur
319 620 542 682 quomodo
564 619 748 679 intelligi
775 620 933 666 debeat
953 620 1025 665 ille
1052 621 1288 680 paradisus,
1310 636 1442 681 quem

53 692 264 753 plantavit
302 695 415 737 Deus
458 692 534 736 ubi
567 692 794 738 constituit
834 691 990 737 Adam.
1032 691 1138 745 Quis
1177 692 1293 736 enim
1332 691 1441 736 alius

54 762 317 821 intelligatur
334 763 555 824 paradisus
577 763 655 808 Dei
678 780 767 809 non
788 763 931 809 video.
954 766 1011 808 Et
1032 763 1185 824 utique
1204 763 1234 807 si
1269 763 1444 808 arbores

53 833 288 879 fructiferae
320 835 365 879 in
394 833 594 895 paradiso
628 834 811 879 virtutes
835 834 966 879 animi
983 834 1246 894 accipiendae
1274 844 1441 890 essent,

53 905 165 951 sicut
186 905 389 951 nonnulli
410 905 679 961 existimant,
714 905 837 951 nullo
860 905 1073 966 corporali
1106 906 1152 949 in
1180 914 1290 949 terra
1315 921 1445 966 para-

54 975 146 1021 diso
182 977 292 1022 veris
326 976 548 1036 lignorum
579 977 810 1037 generibus
844 976 1070 1032 instituto,
1108 991 1196 1021 non
1230 975 1447 1021 diceretur

54 1046 108 1092 de
127 1048 205 1093 ista
224 1057 355 1105 terra,
382 1068 402 1091 α
427 1048 546 1094 Sicut
562 1048 782 1108 paradisus
800 1047 893 1092 Dei.
919 1066 939 1088 »

524 1147 760 1197 QUAESTIO
792 1148 966 1187 XXVIII.

117 1260 136 1282 «
170 1243 418 1286 Rsssmmms
442 1239 578 1284 oculis
607 1240 689 1283 tuis
712 1238 810 1284 vide
833 1255 857 1283 a
884 1237 981 1284 Ioco
1010 1240 1055 1283 in
1080 1254 1171 1300 quo
1195 1253 1313 1284 nunc
1332 1248 1381 1284 tu
1402 1255 1446 1284 es

58 1331 78 1354 »
113 1312 166 1356 ad
190 1311 453 1373 Aquilonem
481 1320 524 1356 et
557 1309 754 1355 Africum
784 1320 828 1356 et
853 1311 1078 1356 Orientem
1106 1320 1149 1355 ct
1171 1327 1311 1367 mare,
1344 1312 1448 1372 quia

0 1423 1 1428 ,
60 1402 77 1423 »
113 1397 286 1427 omnem
303 1390 476 1437 terram,
497 1397 630 1442 quam
648 1391 696 1426 tu
718 1381 855 1438 vides,
882 1382 962 1426 tibi
980 1381 1096 1427 dabo
1119 1397 1213 1426 eam
1232 1391 1276 1426 et
1296 1381 1449 1426 semini

57 1465 77 1495 »
112 1463 189 1498 tuo
219 1469 357 1514 usque
397 1453 442 1498 in
479 1452 689 1498 saeculum
707 1458 724 1480 '2
758 1474 766 1499 :
801 1473 821 1495 »
861 1454 1081 1507 Quaeritur
1113 1454 1185 1499 hic
1223 1454 1448 1515 quomodo

55 1522 323 1583 intelligatur
342 1532 511 1568 tantum
550 1533 674 1568 terrae
703 1525 963 1585 promissum
985 1540 1076 1570 esse
1093 1524 1283 1569 Abrahae
1313 1534 1356 1569 et
1378 1540 1448 1569 se-

54 1594 161 1639 mini
198 1595 319 1655 ejus,
359 1604 575 1655 quantum
615 1605 786 1655 poterat
823 1595 958 1641 oculis
1002 1596 1334 1656 circumspicere
1371 1612 1449 1656 per

55 1674 242 1726 quatuor
285 1665 484 1710 cardines
521 1666 691 1710 mundi.
732 1669 956 1720 Quantum
991 1676 1055 1712 est
1086 1667 1202 1710 enim
1241 1666 1361 1727 quod
1393 1667 1449 1711 ad

53 1746 209 1782 terram
233 1736 584 1796 conspiciendam
609 1738 718 1782 acies
737 1737 972 1798 corporalis
1002 1738 1118 1782 visus
1148 1739 1283 1798 possit
1314 1738 1448 1782 attin-

18 1862 19 1868 1
53 1810 175 1864 gere?
200 1807 283 1852 Sed
305 1807 426 1851 nulla
457 1817 518 1852 est
542 1808 747 1869 quaestio,
782 1809 814 1852 si
839 1808 1114 1853 advertamus
1144 1825 1233 1853 non
1260 1809 1344 1853 hoc
1372 1825 1445 1853 so-

52 1876 143 1921 lum
164 1893 253 1922 esse
282 1878 572 1937 promissum3
609 1895 697 1923 non
726 1879 843 1923 enim
869 1879 1037 1924 dictum
1065 1890 1128 1924 est
1156 1896 1163 1920 :
1199 1900 1217 1921 ι(
1257 1883 1446 1924 Tantum

55 1966 77 1988 n
110 1957 234 1991 terrae
256 1948 369 1993 dabo
388 1949 467 1993 tibi
487 1959 703 2010 quantum
726 1949 861 2005 vides,
881 1968 900 1990 »
928 1950 1020 2005 sed,
1053 1970 1072 1991 1(
1098 1950 1193 1993 Tibi
1217 1949 1332 1995 dabo
1359 1960 1446 1994 ter-

55 2036 75 2060 n
110 2034 200 2063 ram
218 2034 350 2079 quam
375 2019 510 2064 vides.
539 2039 558 2061 »
582 2023 694 2065 Cum
729 2021 844 2064 enim
878 2030 922 2065 et
944 2020 1125 2065 ulterior
1146 2021 1345 2082 undique
1367 2021 1446 2066 da-

52 2090 200 2145 batur,
236 2090 432 2150 profecto
462 2090 804 2153 haec‘praecipue
831 2109 932 2154 quae
968 2092 1203 2138 videbatur
1237 2093 1440 2138 dabatur.

52 2160 214 2204 Deinde
232 2160 547 2206 attendendum
562 2172 626 2207 est
642 2163 762 2224 quod
775 2164 995 2224 sequitur,
1017 2163 1226 2224 quoniam
1244 2179 1299 2208 ne
1320 2174 1446 2224 puta-

0 2270 8 2293 r-
53 2240 116 2275 ret
137 2231 371 2291 etiamipse
393 2232 615 2277 Abraham
636 2234 719 2277 1100
748 2233 890 2278 solum
914 2234 1111 2294 promitti
1141 2243 1267 2279 terrae
1282 2270 1292 2289 ,
1323 2234 1445 2295 quod

53 2301 236 2362 aspicere
257 2302 328 2347 vel
349 2302 676 2364 circumspicere
690 2314 848 2364 posset,
873 2324 892 2347 «
918 2308 1070 2365 Surge,
1090 2305 1249 2366 inquit,
1277 2315 1319 2349 et
1342 2322 1443 2365 pcr-

21 2391 23 2436 j
57 2388 78 2412 n
113 2371 288 2417 ambula
316 2382 476 2418 terram
499 2374 544 2417 in
572 2373 847 2432 longitudine
881 2377 973 2436 ejus
996 2385 1040 2420 et
1059 2374 1313 2430 latitudine,
1341 2377 1444 2436 quia

57 2459 76 2483 »
112 2442 190 2487 tibi
212 2442 326 2489 dabo
349 2459 444 2488 eam
473 2463 481 2490 z
511 2463 530 2485 »
554 2453 605 2489 ut
627 2444 976 2505 perambulando
998 2445 1245 2507 perveniret
1261 2445 1440 2502 adeam,

101 2533 109 2552 ¹
131 2530 209 2562 Gen.
230 2539 366 2572 x111‚10·
382 2546 423 2552 —-
440 2527 621 2572 21bid-ni,
646 2528 698 2562 15.

264 2592 387 2623 extu.
1207 2586 1231 2623 9
