1872 3267
390 211 444 251 46
821 225 855 252 s.
892 222 1120 253 AUGUSTINI
1151 225 1332 254 EPISCOPI

449 290 648 332 LXXXI.
671 306 691 330 «
711 287 914 333 Accedite
930 299 1029 335 ante
1040 294 1196 350 Deum3
1209 290 1428 335 exaudivit
1444 291 1561 334 enim
1577 304 1775 336 murmur

391 377 412 401 »
447 368 638 403 vestrum
657 358 670 384 1
693 377 701 402 :
731 376 751 399 »
777 358 935 403 iterum
954 361 1296 417 exauditionem,
1326 377 1415 406 non
1443 376 1623 422 precum
1644 362 1777 421 signi—

387 429 489 473 fieat
518 438 561 473 et
584 429 868 488 petitionum,
894 430 969 474 sed
996 431 1126 475 etiam
1154 432 1388 477 murmuris
1415 431 1628 476 malorum
1653 451 1662 477 :
1692 432 1777 478 hoc
1843 481 1845 494 ε

387 509 430 544 et
446 509 595 560 postea
617 500 722 545 dicit
742 504 872 557 Deus,
896 520 916 544 «
936 502 1149 547 Exaudivi
1171 519 1370 547 murmur
1390 501 1580 547 filiorum
1598 502 1771 548 lsrael2.
1843 498 1845 505 ’

446 573 673 615 LXXXII.
707 592 726 614 «
746 575 802 616 Et
830 587 930 617 ecce
962 573 1007 617 in
1031 572 1141 618 facie
1164 574 1297 618 eremi
1324 574 1544 618 minutum
1566 583 1777 633 tanquam

391 659 412 683 »
447 641 763 686 coriandrum&
774 661 793 684 »
808 644 920 689 Cum
935 643 1061 688 toties
1074 647 1189 688 Deus
1199 643 1331 699 dicat,
1343 643 1498 688 faeiem
1514 653 1655 699 terrae,
1667 644 1778 688 sicut
1844 654 1847 703 ᾖ

387 712 458 756 hic
483 711 637 757 faciem
671 713 828 769 eremi,
863 713 1023 757 mitum
1046 722 1131 769 est⁷
1161 713 1282 758 unde
1315 714 1512 758 homines
1542 714 1601 758 ita
1633 723 1778 758 errent
1843 707 1848 762 i

387 798 488 827 cum
516 782 673 827 faciem
701 782 939 839 audierint
974 793 1024 828 ut
1052 784 1217 845 aliquid
1239 783 1325 829 tale
1352 785 1610 861 opinentur,
1637 783 1776 845 qualis
1843 801 1847 848 ᾗ

386 853 577 897 hominis
598 853 727 898 facies
748 863 838 910 est,
853 853 923 899 vel
944 853 1125 915 alicujus
1148 855 1391 900 animantis.

446 926 695 969 LXXXIII.
722 944 744 967 α
760 924 1010 970 Secundum
1027 941 1258 970 numerum
1272 926 1516 970 animarum
1537 934 1778 971 vestrarum
1843 942 1847 953 ’

390 1012 409 1034 ))
445 995 747 1054 unusquisque
781 1010 880 1039 cum
909 996 1286 1040 commanentibus
1316 996 1440 1041 vobis
1466 995 1659 1054 colligite
1692 996 1722 1037 4.
1753 1013 1773 1036 »
1826 1051 1828 1056 .

387 1066 524 1117 Quam
549 1080 662 1124 saepe
688 1057 1124 1125 Scripturaunimas,
1154 1067 1352 1111 homines
1374 1065 1585 1126 appellat,
1610 1081 1635 1110 a
1654 1074 1777 1126 parte

386 1143 531 1179 totum
553 1155 561 1179 :
584 1151 672 1180 non
695 1134 821 1180 facile
841 1146 986 1180 autem
1011 1152 1159 1181 carnes
1181 1152 1261 1196 pro
1282 1136 1556 1191 hominibus,
1582 1135 1659 1180 sed
1680 1151 1793 1181 car--

386 1220 508 1260 nem,
535 1205 660 1250 sicuti
683 1215 767 1251 est:
793 1225 812 1249 α
833 1209 931 1252 Non
959 1207 1122 1252 timebo
1147 1207 1255 1267 quid
1276 1207 1382 1251 mihi
1409 1207 1540 1251 faciat
1565 1221 1665 1251 caro
1681 1207 1722 1252 ⁵:
1751 1225 1771 1247 υ

388 1275 510 1335 quod
535 1278 724 1337 apertius
753 1277 799 1321 in
832 1278 989 1322 eodem
1021 1277 1192 1322 Psalmo
1225 1277 1310 1322 ait:
1340 1276 1495 1330 «Quid
1517 1277 1624 1321 mihi
1645 1276 1776 1321 faciet
1825 1290 1827 1294 ⁴
1870 1287 1872 1311 ὲ

388 1363 409 1387 »
444 1346 576 1392 homo
592 1350 623 1391 ⁶.
642 1367 661 1388 »
681 1351 779 1394 Non
794 1357 938 1393 autem
961 1348 1140 1404 diceret,
1166 1348 1407 1393 secundum
1429 1363 1663 1392 numerum
1686 1363 1777 1392 car·
1824 1402 1827 1411 Ι

387 1415 512 1460 nium
532 1428 796 1475 vestrarum,
820 1419 931 1464 sicut
957 1418 1079 1474 dixit,
1115 1438 1136 1461 «
1159 1418 1401 1464 secundum
1427 1434 1660 1464 numerum
1683 1418 1776 1463 ani—

387 1500 560 1532 marum
579 1499 834 1535 vestrarum.

451 1558 694 1602 LXXXIV.
724 1575 745 1600 «
764 1561 822 1602 Et
844 1556 1115 1616 collegerunt
1134 1557 1247 1602 illud
1263 1573 1392 1602 mane
1410 1573 1539 1602 mane
1555 1559 1587 1603 ⁷:
1615 1575 1635 1600 »
1660 1573 1775 1618 quo-

388 1631 521 1677 modo
539 1638 695 1690 puteos
716 1636 871 1688 puteos
884 1663 895 1685 ‚
912 1643 1087 1675 acervos
1105 1643 1279 1675 acervos
1293 1664 1305 1685 ‚
1318 1628 1378 1674 sic
1390 1629 1556 1675 dictum
1572 1637 1636 1674 est
1647 1643 1776 1674 mane
1830 1683 1831 1686 Ἰ

385 1717 664 1818 mssiXXXV'.
693 1789 714 1813 «
739 1769 895 1816 Nullus
916 1779 1109 1815 vestrum
1126 1769 1374 1829 egrediatur
1394 1770 1699 1831 unusquisque
1721 1770 1776 1814 de
1821 1808 1824 1816 .

387 1862 409 1885 »
444 1843 541 1888 loco
567 1857 646 1887 suo
663 1840 732 1886 die
749 1841 932 1901 septimo
948 1843 965 1868 8
992 1861 1000 1885 :
1024 1860 1043 1881 »
1070 1841 1190 1901 quod
1208 1841 1512 1902 interpositum
1536 1850 1623 1897 est,
1646 1856 1776 1886 unus·
1826 1895 1827 1900 ¹
1871 1871 1872 1875 =

389 1931 410 1955 »
446 1914 654 1974 quisque,
680 1912 824 1969 potuit
845 1920 888 1955 et
910 1927 999 1955 non
1019 1910 1120 1951 dici.

444 1981 686 2026 LXXXVI.
713 1981 843 2023 «Non
866 1988 957 2022 erat
979 1986 1125 2022 autem
1141 1978 1305 2038 populo
1327 1995 1438 2039 aqua
1456 1979 1635 2024 bibere⁹
1653 1999 1662 2024 z
1683 1997 1703 2021 »
1723 1979 1776 2024 .id
1819 2043 1823 2055 ι
1871 1998 1872 2012 ¹

385 2062 466 2108 est,
492 2051 548 2096 ad
569 2049 826 2094 bibendum.
1819 2084 1825 2096 ,,

443 2123 710 2167 LXXXVII.
732 2123 825 2164 «Et
846 2119 1134 2164 maledicebat
1148 2119 1338 2180 populus
1355 2119 1411 2165 ad
1420 2123 1603 2178 Moysen
1612 2122 1671 2166 ¹⁰:
1696 2119 1776 2166 »id

385 2203 463 2250 est,
479 2190 720 2238 maledictis
737 2190 894 2250 agebat
915 2194 1113 2248 Moysen,
1134 2191 1218 2235 hoc
1240 2200 1319 2247 est⁷
1339 2186 1660 2236 maledicebant
1681 2189 1772 2236 illi:

384 2281 485 2310 nam
506 2263 655 2308 hocin
676 2261 1043 2322 consequentibus
1064 2262 1154 2321 ipse
1171 2260 1278 2306 dixit
1301 2280 1309 2306 ;
1332 2281 1352 2304 «
1379 2261 1496 2314 Quid
1519 2260 1775 2306 maledicitis
1834 2299 1836 2302 .

389 2353 410 2377 »
435 2334 572 2380 mihi?
597 2352 617 2374 »

435 2455 444 2471 ¹
466 2448 563 2480 Exod.
583 2457 651 2488 xw,
677 2457 708 2488 9.
731 2463 772 2468 —
793 2452 805 2468 2
829 2444 910 2477 Ibid.
948 2453 996 2476 12.
1019 2461 1059 2466 --
1087 2442 1099 2465 3
1119 2444 1197 2476 Ibid.
1225 2443 1273 2485 ¹4·
1302 2461 1343 2465 --
1365 2442 1379 2467 4
1407 2443 1487 2476 Ibid.
1524 2445 1573 2476 16.
1596 2462 1637 2467 —-
1656 2442 1671 2466 5
1689 2446 1769 2479 Psal.

388 2514 439 2546 tv,
467 2504 495 2535 5.
518 2520 558 2525 -—-
581 2501 692 2534 filbid.
717 2513 765 2533 11.
794 2518 834 2523 —
863 2508 875 2533 7
901 2500 1091 2539 Exod.xv1,
1109 2509 1226 2532 21.——-
1248 2498 1262 2522 8
1281 2499 1361 2532 lbid.
1391 2508 1443 2542 29.
1464 2518 1505 2523 -
1524 2501 1716 2544 91d.xv11,
1740 2513 1768 2534 ι.

389 2577 429 2582 -—
459 2558 583 2591 ¹⁰1bid.
608 2568 637 2590 2.
