1872 3267
427 240 482 280 94
867 251 901 278 s.
937 249 1166 280 Aucus’rrm
1197 251 1378 280 Enseom

427 336 448 360 «
473 316 584 370 Quia
613 314 801 358 animam
820 315 1018 374 pigneras
1034 353 1044 373 ,
1069 317 1102 362 si
1125 317 1289 362 feceris.
1319 335 1339 359 »
1369 315 1536 362 Deinde
1558 314 1801 360 notandum

422 387 612 430 animam
631 383 799 440 dixisse,
811 400 891 444 pro
909 401 955 431 ea
970 388 1056 432 vita
1073 405 1206 449 quam
1223 389 1355 433 habet
1372 387 1514 431 anima
1531 387 1576 431 in
1593 400 1797 446 corpore:

422 473 473 501 ex
494 472 581 517 qua
602 455 821 500 locutione
839 465 882 500 et
897 456 1016 502 aliud
1032 460 1149 504 estin
1165 458 1402 519 Evangelio
1422 477 1431 504 :
1453 477 1473 501 «
1492 460 1646 505 Nonne
1660 456 1803 502 anima
1830 453 1834 505 Ξ

425 546 445 569 »
464 527 562 588 plus
585 536 649 571 est
665 543 798 587 quam
815 530 933 572 esca1
951 530 970 572 P
989 546 1013 570 »ι

480 612 594 653 LVI.
616 628 636 650 «
665 609 707 653 Si
729 618 874 653 autem
912 609 1263 670 deprehendatur
1280 613 1414 657 homo
1442 611 1591 656 furans
1614 610 1802 655 animam

425 699 445 722 «
465 695 515 723 ex
533 678 736 724 fratribus
758 679 843 724 suis
875 678 973 724 filiis
1010 681 1202 728 Israel²z
1241 701 1261 725 >›
1299 683 1486 726 animam
1508 696 1586 741 pro
1627 680 1803 725 homine

419 751 579 811 posuit.
605 751 803 810 Denique
831 751 1041 811 sequitur,
1069 769 1093 793 »⁴
1114 743 1170 797 Et
1188 754 1436 813 opprimens
1467 767 1568 796 eum
1588 749 1801 796 vend-ide-

423 840 443 863 »
470 821 547 879 rit3
572 841 589 863 »
616 837 716 882 quae
738 837 829 865 non
849 822 993 866 minus
1014 823 1205 868 notanda
1227 834 1290 869 est
1311 824 1497 869 locutio:
1521 822 1666 867 noluit
1685 822 1803 866 enim
1828 835 1832 872 J

419 892 562 936 dicere
585 908 703 948 eam,
725 892 846 953 quod
868 902 978 937 esset
1000 895 1135 953 magis
1157 910 1424 955 consequens
1440 930 1450 950 ,
1476 893 1685 954 quoniam
1706 892 1803 936 ani-

419 979 536 1008 mam
555 964 733 1020 dixerat,
755 963 830 1008 sed
851 983 870 1006 «
892 980 1008 1020 eum,
1035 985 1053 1007 »
1079 964 1125 1010 id
1146 975 1225 1022 est,
1244 966 1483 1021 hominem,
1504 966 1551 1009 in
1571 965 1693 1025 cujus
1717 964 1802 1022 sig-

419 1035 666 1080 nificatione
687 1035 856 1080 dixerat
877 1036 1081 1080 animam.
1541 1029 1551 1036 ’
1827 1020 1830 1098 Ξ

477 1119 614 1161 LVII.
652 1136 671 1159 «
702 1117 745 1162 Si
776 1116 974 1162 debitum
1004 1117 1136 1163 fuerit
1164 1119 1209 1162 in
1244 1118 1441 1178 proximo
1468 1127 1570 1174 tuo,
1606 1102 1830 1161 debitum¹

422 1205 443 1228 »
464 1186 827 1248 quodcumque&
855 1206 876 1229 »
901 1188 1101 1248 repetitio
1122 1188 1245 1234 verbi
1270 1188 1538 1234 locutionem
1565 1187 1805 1233 notandam

418 1257 536 1301 lacit.

477 1341 638 1383 LVIII.
665 1357 685 1381 ε(
711 1339 754 1384 Si
775 1349 921 1383 autem
937 1339 1128 1384 noluerit
1144 1341 1276 1385 homo
1295 1341 1487 1400 accipere
1510 1355 1691 1385 uxorem
1713 1339 1804 1383 fra-
1825 1365 1828 1399 3

374 1466 378 1470 ἱ
420 1429 441 1453 »
467 1412 541 1455 tris
554 1411 645 1466 sui,
663 1420 706 1455 et
726 1410 928 1455 ascendet
947 1411 1103 1455 mulier
1117 1412 1163 1455 in
1182 1421 1307 1471 porta
1322 1411 1376 1455 ad
1394 1421 1593 1456 senatum
1606 1421 1649 1455 et
1662 1410 1802 1456 dicet:
1824 1458 1827 1465 ‚

420 1500 441 1524 »
462 1486 560 1529 Non
589 1482 684 1527 vult
706 1482 839 1526 frater
860 1483 940 1527 viri
969 1483 1056 1527 mei
1083 1483 1286 1527 suscitare
1319 1498 1479 1527 nomen
1506 1482 1647 1526 fratris
1670 1482 1735 1526 sui
1759 1482 1806 1525 in

420 1573 441 1596 »
464 1554 617 1609 lsra'e‘l,
644 1553 787 1599 noluit
807 1553 941 1598 frater
961 1554 1041 1598 viri
1064 1554 1188 1597 mei&
1209 1572 1229 1595 »
1257 1554 1461 1606 Quamvis
1485 1553 1721 1597 verborum
1738 1564 1826 1606 re-§

418 1624 647 1684 petitiones
670 1634 785 1668 amet
810 1624 1051 1683 Scriptura,
1077 1624 1320 1667 inusitatior
1341 1632 1405 1667 est
1433 1632 1580 1667 tamen
1607 1622 1806 1683 repetitio
1850 1648 1851 1652 =

416 1695 512 1740 haec
538 1714 546 1738 :
573 1693 649 1739 sed
670 1693 907 1752 elegantius
930 1692 1119 1753 querelae
1141 1701 1328 1737 ostentat
1347 1693 1568 1737 affectum,

477 1779 591 1837 LIX.
618 1795 635 1816 ‹<
662 1774 918 1821 Maledictus
941 1775 1080 1819 omnis
1103 1774 1180 1834 qui
1202 1774 1427 1818 dormierit
1453 1789 1554 1818 cum
1583 1773 1702 1817 omni
1727 1789 1824 1836 Ῥεῖ-ὲ

421 1866 441 1889 »
463 1862 562 1892 core
578 1849 592 1872 ⁵
620 1865 630 1891 ε
657 1864 677 1887 )>
704 1861 783 1905 pro
806 1862 857 1890 eo
885 1844 1006 1905 quod
1026 1853 1109 1900 est,
1141 1844 1443 1889 concubuerit.
1474 1843 1638 1888 Deinde
1664 1863 1685 1885 «
1703 1859 1824 1891 cumi

419 1935 440 1959 »
467 1917 586 1962 omni
601 1931 756 1976 pecore
772 1950 783 1971 ,
810 1934 830 1958 »
857 1931 937 1975 pro
965 1931 1016 1959 eo
1033 1914 1154 1976 quod
1175 1923 1263 1970 est,
1288 1930 1388 1959 cum
1406 1913 1605 1975 quolibet
1630 1930 1798 1974 pecore.
1820 1916 1821 1919 ’

475 2001 568 2042 LX.
598 2016 619 2040 «
643 2001 700 2041 Et
722 1997 878 2041 servies
894 1996 1075 2041 inimicis
1098 1997 1183 2040 tuis
1198 2031 1209 2052 ,
1230 2012 1338 2057 quos
1360 1996 1574 2040 immittet
1594 1986 1822 2043 Domina—sl

419 2086 440 2110 »
461 2072 575 2114 Deus
593 2078 694 2112 tuus
716 2083 844 2127 super
878 2069 960 2112 ἰεῦ.
998 2088 1015 2109 »
1042 2070 1218 2112 Graecus
1240 2067 1374 2111 habet
1389 2074 1576 2119 λατρεύσεις,
1598 2066 1676 2110 ubi
1701 2066 1800 2111 lati-

415 2155 498 2184 nus
518 2140 825 2199 interpretatus
840 2148 903 2183 est
928 2158 948 2181 «
969 2139 1123 2183 servies
1149 2159 1157 2182 :
1181 2156 1201 2179 »
1226 2137 1335 2182 solet
1356 2147 1501 2182 autem
1519 2138 1603 2181 hoc
1617 2138 1800 2182 verbum

415 2210 461 2253 in
482 2224 530 2253 ea
550 2211 756 2255 servitute
780 2210 998 2268 Scriptura
1023 2225 1199 2269 ponere,
1225 2225 1323 2269 quae
1342 2207 1527 2252 debetur
1550 2211 1662 2265 Deo,
1681 2207 1820 2252 undet

414 2278 655 2324 idololatrae
678 2279 951 2339 appellantur
967 2313 977 2333 ,
1010 2279 1086 2338 qui
1114 2294 1163 2323 ea
1188 2279 1394 2323 servitute
1415 2277 1541 2322 idolis
1568 2278 1761 2322 serviunt
1786 2297 1794 2322 :

415 2364 517 2408 ergo
545 2350 616 2394 hic
648 2349 851 2393 inusitate
883 2349 1073 2408 positum
1104 2357 1169 2393 est
1201 2349 1284 2392 hoc
1311 2348 1509 2392 verbum.
1535 2349 1797 2407 Quanquam

414 2420 547 2479 possit
559 2419 689 2463 etiam
703 2420 822 2463 hunc
839 2434 1012 2463 sensum
1029 2418 1204 2474 habere,
1222 2417 1343 2478 quod
1361 2427 1447 2462 tam
1461 2417 1646 2475 graviter
1659 2416 1796 2461 multa

1819 2045 1822 2057 0

1819 2110 1821 2117 ι

1818 2122 1821 2136 J

1817 2318 1819 2326 x

1817 2329 1819 2337 x

1816 2347 1818 2357 ι

1816 2408 1817 2416 i

462 2522 471 2538 ¹
493 2515 606 2548 Matth.
628 2526 674 2557 νι,
695 2518 750 2548 25.
771 2532 813 2538 —
833 2521 845 2537 2
863 2517 957 2547 Deut.
978 2525 1078 2556 xx1v,
1097 2526 1129 2557 7.
1148 2530 1190 2539 —
1212 2512 1325 2546 31bid.
1353 2525 1404 2548 10.
1431 2530 1473 2537 -
1490 2511 1507 2543 4
1530 2514 1578 2546 Id.
1604 2524 1684 2555 xm,
1705 2523 1736 2556 7.
1753 2529 1794 2537 -

414 2569 430 2594 5
444 2572 491 2605 Id.
512 2583 610 2614 xxvn,
624 2581 679 2605 21.
703 2588 744 2595 —-
763 2569 779 2594 ⁶
798 2572 844 2604 Id.
858 2582 969 2614 xxvni,
988 2569 1041 2613 48.

1856 1776 1867 1911 l

1859 1921 1871 2259 l
