<?xml version="1.0" encoding="UTF-8"?>
<!DOCTYPE html PUBLIC "-//W3C//DTD XHTML 1.0 Transitional//EN"
    "http://www.w3.org/TR/xhtml1/DTD/xhtml1-transitional.dtd">
<html xmlns="http://www.w3.org/1999/xhtml" xml:lang="en" lang="en">
 <head>
  <title>
</title>
<meta http-equiv="Content-Type" content="text/html;charset=utf-8" />
  <meta name='ocr-system' content='tesseract 3.04.00' />
  <meta name='ocr-capabilities' content='ocr_page ocr_carea ocr_par ocr_line ocrx_word'/>
</head>
<body>
  <div class='ocr_page' id='page_1' title='image "./operaomniaaccura06auguuoft_0385.png"; bbox 0 0 1872 3267; ppageno 0'>
   <div class='ocr_carea' id='block_1_1' title="bbox 0 1375 23 2662">
    <p class='ocr_par' dir='ltr' id='par_1_1' title="bbox 0 1375 23 2662">
     <span class='ocr_line' id='line_1_1' title="bbox 0 1375 23 2662; baseline 0 0"><span class='ocrx_word' id='word_1_1' title='bbox 0 1375 23 2662; x_wconf 95' lang='lat' dir='ltr'> </span> 
     </span>
    </p>
   </div>
   <div class='ocr_carea' id='block_1_2' title="bbox 320 306 1440 357">
    <p class='ocr_par' dir='ltr' id='par_1_2' title="bbox 320 306 1440 357">
     <span class='ocr_line' id='line_1_2' title="bbox 320 306 1440 357; baseline 0.002 -13"><span class='ocrx_word' id='word_1_2' title='bbox 320 315 586 355; x_wconf 68' lang='lat' dir='ltr'>QUAEsrroNEs</span> <span class='ocrx_word' id='word_1_3' title='bbox 616 318 663 345; x_wconf 81' lang='lat' dir='ltr'>IN</span> <span class='ocrx_word' id='word_1_4' title='bbox 695 317 955 357; x_wconf 65' lang='lat' dir='ltr'>mam-rmum,</span> <span class='ocrx_word' id='word_1_5' title='bbox 991 319 1074 347; x_wconf 77' lang='lat' dir='ltr'>Lm.</span> <span class='ocrx_word' id='word_1_6' title='bbox 1111 320 1176 346; x_wconf 90' lang='lat'>111.</span> <span class='ocrx_word' id='word_1_7' title='bbox 1351 306 1440 346; x_wconf 87' lang='lat'>379</span> 
     </span>
    </p>
   </div>
   <div class='ocr_carea' id='block_1_3' title="bbox 44 382 1439 796">
    <p class='ocr_par' dir='ltr' id='par_1_3' title="bbox 44 382 1439 796">
     <span class='ocr_line' id='line_1_3' title="bbox 49 382 1437 445; baseline -0.001 -19"><span class='ocrx_word' id='word_1_8' title='bbox 49 398 135 444; x_wconf 87' lang='lat' dir='ltr'>que</span> <span class='ocrx_word' id='word_1_9' title='bbox 159 382 387 427; x_wconf 85' lang='lat' dir='ltr'>ablationis</span> <span class='ocrx_word' id='word_1_10' title='bbox 409 383 496 428; x_wconf 91' lang='lat' dir='ltr'>sive</span> <span class='ocrx_word' id='word_1_11' title='bbox 518 383 801 443; x_wconf 77' lang='lat' dir='ltr'>demptionis,</span> <span class='ocrx_word' id='word_1_12' title='bbox 822 384 943 445; x_wconf 89' lang='lat' dir='ltr'>quod</span> <span class='ocrx_word' id='word_1_13' title='bbox 966 401 1104 444; x_wconf 80' lang='lat' dir='ltr'>graece</span> <span class='ocrx_word' id='word_1_14' title='bbox 1127 384 1287 429; x_wconf 87' lang='lat' dir='ltr'>dieitur</span> <span class='ocrx_word' id='word_1_15' title='bbox 1304 392 1437 438; x_wconf 65' lang='grc' dir='ltr'>ἀφαίρε-</span> 
     </span>
     <span class='ocr_line' id='line_1_4' title="bbox 47 453 1437 514; baseline 0.001 -18"><span class='ocrx_word' id='word_1_16' title='bbox 47 475 108 507; x_wconf 66' lang='grc' dir='ltr'>μοι,</span> <span class='ocrx_word' id='word_1_17' title='bbox 137 454 239 514; x_wconf 87' lang='lat' dir='ltr'>quia</span> <span class='ocrx_word' id='word_1_18' title='bbox 270 463 507 513; x_wconf 83' lang='lat' dir='ltr'>utrumque</span> <span class='ocrx_word' id='word_1_19' title='bbox 539 454 729 497; x_wconf 90' lang='lat' dir='ltr'>demitur</span> <span class='ocrx_word' id='word_1_20' title='bbox 754 464 797 498; x_wconf 90' lang='lat' dir='ltr'>et</span> <span class='ocrx_word' id='word_1_21' title='bbox 830 453 1026 499; x_wconf 79' lang='lat' dir='ltr'>aufertur</span> <span class='ocrx_word' id='word_1_22' title='bbox 1055 455 1141 510; x_wconf 79' lang='lat' dir='ltr'>eis,</span> <span class='ocrx_word' id='word_1_23' title='bbox 1174 470 1254 514; x_wconf 90' lang='lat' dir='ltr'>pro</span> <span class='ocrx_word' id='word_1_24' title='bbox 1276 454 1437 514; x_wconf 86' lang='lat' dir='ltr'>quibus</span> 
     </span>
     <span class='ocr_line' id='line_1_5' title="bbox 45 523 1439 584; baseline -0.001 -15"><span class='ocrx_word' id='word_1_25' title='bbox 45 525 243 580; x_wconf 78' lang='lat' dir='ltr'>offertur,</span> <span class='ocrx_word' id='word_1_26' title='bbox 264 534 314 568; x_wconf 93' lang='lat' dir='ltr'>ut</span> <span class='ocrx_word' id='word_1_27' title='bbox 327 524 456 568; x_wconf 85' lang='lat' dir='ltr'>detur</span> <span class='ocrx_word' id='word_1_28' title='bbox 464 523 693 568; x_wconf 86' lang='lat' dir='ltr'>sacerdoti.</span> <span class='ocrx_word' id='word_1_29' title='bbox 710 525 1020 569; x_wconf 88' lang='lat' dir='ltr'>Pectusculum</span> <span class='ocrx_word' id='word_1_30' title='bbox 1033 539 1134 569; x_wconf 87' lang='lat' dir='ltr'>sane</span> <span class='ocrx_word' id='word_1_31' title='bbox 1146 524 1439 584; x_wconf 84' lang='lat' dir='ltr'>impositionis</span> 
     </span>
     <span class='ocr_line' id='line_1_6' title="bbox 44 593 1439 655; baseline -0.001 -16"><span class='ocrx_word' id='word_1_32' title='bbox 44 595 239 654; x_wconf 89' lang='lat' dir='ltr'>superius</span> <span class='ocrx_word' id='word_1_33' title='bbox 261 594 467 654; x_wconf 75' lang='lat' dir='ltr'>legimus,</span> <span class='ocrx_word' id='word_1_34' title='bbox 489 604 532 638; x_wconf 90' lang='lat' dir='ltr'>et</span> <span class='ocrx_word' id='word_1_35' title='bbox 547 595 776 639; x_wconf 83' lang='lat' dir='ltr'>brachium</span> <span class='ocrx_word' id='word_1_36' title='bbox 791 594 1040 653; x_wconf 77' lang='lat' dir='ltr'>ablationis3</span> <span class='ocrx_word' id='word_1_37' title='bbox 1058 595 1160 655; x_wconf 88' lang='lat' dir='ltr'>quia</span> <span class='ocrx_word' id='word_1_38' title='bbox 1179 594 1234 638; x_wconf 90' lang='lat' dir='ltr'>de</span> <span class='ocrx_word' id='word_1_39' title='bbox 1256 593 1439 638; x_wconf 87' lang='lat' dir='ltr'>brachio</span> 
     </span>
     <span class='ocr_line' id='line_1_7' title="bbox 45 664 1438 727; baseline 0.001 -18"><span class='ocrx_word' id='word_1_40' title='bbox 45 664 154 709; x_wconf 90' lang='lat' dir='ltr'>nihil</span> <span class='ocrx_word' id='word_1_41' title='bbox 193 666 502 725; x_wconf 75' lang='lat' dir='ltr'>imponebatur</span> <span class='ocrx_word' id='word_1_42' title='bbox 537 665 685 721; x_wconf 82' lang='lat' dir='ltr'>altari⁷</span> <span class='ocrx_word' id='word_1_43' title='bbox 734 665 866 727; x_wconf 83' lang='lat' dir='ltr'>adeps</span> <span class='ocrx_word' id='word_1_44' title='bbox 903 675 1050 710; x_wconf 88' lang='lat' dir='ltr'>autem</span> <span class='ocrx_word' id='word_1_45' title='bbox 1085 664 1141 710; x_wconf 91' lang='lat' dir='ltr'>de</span> <span class='ocrx_word' id='word_1_46' title='bbox 1181 664 1438 725; x_wconf 88' lang='lat' dir='ltr'>pectusculo</span> 
     </span>
     <span class='ocr_line' id='line_1_8' title="bbox 46 736 369 796; baseline 0 -16"><span class='ocrx_word' id='word_1_47' title='bbox 46 736 369 796; x_wconf 81' lang='lat' dir='ltr'>imponebatur.</span> 
     </span>
    </p>
   </div>
   <div class='ocr_carea' id='block_1_4' title="bbox 524 834 951 884">
    <p class='ocr_par' dir='ltr' id='par_1_4' title="bbox 524 834 951 884">
     <span class='ocr_line' id='line_1_9' title="bbox 524 834 951 884; baseline 0.002 -11"><span class='ocrx_word' id='word_1_48' title='bbox 524 834 762 884; x_wconf 79' lang='lat' dir='ltr'>QUAEsrlo</span> <span class='ocrx_word' id='word_1_49' title='bbox 793 834 951 874; x_wconf 79' lang='lat' dir='ltr'>xxxv.</span> 
     </span>
    </p>
   </div>
   <div class='ocr_carea' id='block_1_5' title="bbox 47 935 1442 1203">
    <p class='ocr_par' dir='ltr' id='par_1_5' title="bbox 47 935 1442 1203">
     <span class='ocr_line' id='line_1_10' title="bbox 108 935 1439 997; baseline -0.002 -16"><span class='ocrx_word' id='word_1_50' title='bbox 108 940 225 992; x_wconf 78' lang='lat' dir='ltr'>Qum</span> <span class='ocrx_word' id='word_1_51' title='bbox 248 946 311 982; x_wconf 88' lang='lat' dir='ltr'>est</span> <span class='ocrx_word' id='word_1_52' title='bbox 325 935 446 997; x_wconf 88' lang='lat' dir='ltr'>quod</span> <span class='ocrx_word' id='word_1_53' title='bbox 463 936 585 992; x_wconf 86' lang='lat' dir='ltr'>dicit,</span> <span class='ocrx_word' id='word_1_54' title='bbox 614 957 634 979; x_wconf 92' lang='lat'>«</span> <span class='ocrx_word' id='word_1_55' title='bbox 660 941 722 982; x_wconf 91' lang='lat' dir='ltr'>De</span> <span class='ocrx_word' id='word_1_56' title='bbox 741 936 956 981; x_wconf 77' lang='lat' dir='ltr'>sacrificiis</span> <span class='ocrx_word' id='word_1_57' title='bbox 978 935 1279 990; x_wconf 83' lang='lat' dir='ltr'>salutarium1,</span> <span class='ocrx_word' id='word_1_58' title='bbox 1299 952 1319 976; x_wconf 85' lang='lat'>»</span> <span class='ocrx_word' id='word_1_59' title='bbox 1337 950 1439 979; x_wconf 88' lang='lat' dir='ltr'>cum</span> 
     </span>
     <span class='ocr_line' id='line_1_11' title="bbox 47 1007 1441 1068; baseline -0.003 -14"><span class='ocrx_word' id='word_1_60' title='bbox 47 1025 96 1054; x_wconf 88' lang='lat' dir='ltr'>ea</span> <span class='ocrx_word' id='word_1_61' title='bbox 117 1008 233 1053; x_wconf 87' lang='lat' dir='ltr'>dicat</span> <span class='ocrx_word' id='word_1_62' title='bbox 250 1024 349 1068; x_wconf 84' lang='lat' dir='ltr'>quae</span> <span class='ocrx_word' id='word_1_63' title='bbox 367 1007 470 1051; x_wconf 88' lang='lat' dir='ltr'>alibi</span> <span class='ocrx_word' id='word_1_64' title='bbox 484 1007 592 1052; x_wconf 75' lang='lat' dir='ltr'>dixit</span> <span class='ocrx_word' id='word_1_65' title='bbox 619 1028 638 1050; x_wconf 89' lang='lat'>«</span> <span class='ocrx_word' id='word_1_66' title='bbox 658 1008 873 1053; x_wconf 83' lang='lat' dir='ltr'>Sacrificia</span> <span class='ocrx_word' id='word_1_67' title='bbox 890 1007 1088 1052; x_wconf 87' lang='lat' dir='ltr'>salutaris</span> <span class='ocrx_word' id='word_1_68' title='bbox 1105 1028 1116 1064; x_wconf 80' lang='lat'><em>3</em></span> <span class='ocrx_word' id='word_1_69' title='bbox 1139 1026 1159 1048; x_wconf 85' lang='lat'>»</span> <span class='ocrx_word' id='word_1_70' title='bbox 1179 1016 1332 1051; x_wconf 87' lang='lat' dir='ltr'>etcum</span> <span class='ocrx_word' id='word_1_71' title='bbox 1351 1008 1441 1051; x_wconf 89' lang='lat' dir='ltr'>sin-</span> 
     </span>
     <span class='ocr_line' id='line_1_12' title="bbox 47 1077 1442 1140; baseline -0.002 -16"><span class='ocrx_word' id='word_1_72' title='bbox 47 1080 185 1140; x_wconf 82' lang='lat' dir='ltr'>gulari</span> <span class='ocrx_word' id='word_1_73' title='bbox 208 1095 389 1124; x_wconf 86' lang='lat' dir='ltr'>numero</span> <span class='ocrx_word' id='word_1_74' title='bbox 412 1079 457 1122; x_wconf 85' lang='lat' dir='ltr'>id</span> <span class='ocrx_word' id='word_1_75' title='bbox 486 1079 593 1123; x_wconf 80' lang='lat' dir='ltr'>dixit</span> <span class='ocrx_word' id='word_1_76' title='bbox 614 1099 634 1121; x_wconf 89' lang='lat'>«</span> <span class='ocrx_word' id='word_1_77' title='bbox 660 1080 926 1125; x_wconf 81' lang='lat' dir='ltr'>Sacrificium</span> <span class='ocrx_word' id='word_1_78' title='bbox 949 1078 1171 1133; x_wconf 79' lang='lat' dir='ltr'>salutaris,</span> <span class='ocrx_word' id='word_1_79' title='bbox 1212 1095 1231 1119; x_wconf 89' lang='lat'>»</span> <span class='ocrx_word' id='word_1_80' title='bbox 1261 1094 1362 1122; x_wconf 86' lang='lat' dir='ltr'>eum</span> <span class='ocrx_word' id='word_1_81' title='bbox 1385 1077 1442 1121; x_wconf 92' lang='lat' dir='ltr'>de</span> 
     </span>
     <span class='ocr_line' id='line_1_13' title="bbox 48 1148 1442 1203; baseline -0.003 -8"><span class='ocrx_word' id='word_1_82' title='bbox 48 1150 197 1195; x_wconf 88' lang='lat' dir='ltr'>eadem</span> <span class='ocrx_word' id='word_1_83' title='bbox 212 1165 257 1193; x_wconf 92' lang='lat' dir='ltr'>re</span> <span class='ocrx_word' id='word_1_84' title='bbox 270 1149 512 1194; x_wconf 77' lang='lat' dir='ltr'>diceretur?</span> <span class='ocrx_word' id='word_1_85' title='bbox 525 1153 593 1194; x_wconf 84' lang='lat' dir='ltr'>An</span> <span class='ocrx_word' id='word_1_86' title='bbox 607 1149 719 1195; x_wconf 89' lang='lat' dir='ltr'>forte</span> <span class='ocrx_word' id='word_1_87' title='bbox 733 1151 816 1194; x_wconf 86' lang='lat' dir='ltr'>hoe</span> <span class='ocrx_word' id='word_1_88' title='bbox 835 1150 931 1194; x_wconf 94' lang='grc'>1000</span> <span class='ocrx_word' id='word_1_89' title='bbox 946 1150 1023 1193; x_wconf 86' lang='lat' dir='ltr'>ubi</span> <span class='ocrx_word' id='word_1_90' title='bbox 1042 1150 1116 1203; x_wconf 83' lang='lat' dir='ltr'>ait,</span> <span class='ocrx_word' id='word_1_91' title='bbox 1137 1152 1209 1193; x_wconf 83' lang='lat' dir='ltr'>«A</span> <span class='ocrx_word' id='word_1_92' title='bbox 1222 1148 1442 1193; x_wconf 81' lang='lat' dir='ltr'>sacrifieiis</span> 
     </span>
    </p>
   </div>
   <div class='ocr_carea' id='block_1_6' title="bbox 0 1218 1442 1494">
    <p class='ocr_par' dir='ltr' id='par_1_6' title="bbox 0 1218 1442 1494">
     <span class='ocr_line' id='line_1_14' title="bbox 0 1218 1442 1277; baseline 0 -13"><span class='ocrx_word' id='word_1_93' title='bbox 0 1271 1 1274; x_wconf 11' lang='grc' dir='ltr'><strong>Ἴ</strong></span> <span class='ocrx_word' id='word_1_94' title='bbox 49 1239 70 1264; x_wconf 89' lang='lat'>»</span> <span class='ocrx_word' id='word_1_95' title='bbox 95 1221 350 1266; x_wconf 86' lang='lat' dir='ltr'>salutarium</span> <span class='ocrx_word' id='word_1_96' title='bbox 363 1257 373 1277; x_wconf 81' lang='lat'><strong><em>,</em></strong></span> <span class='ocrx_word' id='word_1_97' title='bbox 400 1240 420 1261; x_wconf 86' lang='lat'>»</span> <span class='ocrx_word' id='word_1_98' title='bbox 440 1222 674 1265; x_wconf 89' lang='lat' dir='ltr'>sanitatum</span> <span class='ocrx_word' id='word_1_99' title='bbox 694 1221 779 1265; x_wconf 88' lang='lat' dir='ltr'>diei</span> <span class='ocrx_word' id='word_1_100' title='bbox 793 1220 970 1264; x_wconf 77' lang='lat' dir='ltr'>debuit?</span> <span class='ocrx_word' id='word_1_101' title='bbox 988 1223 1097 1265; x_wconf 90' lang='lat' dir='ltr'>Nam</span> <span class='ocrx_word' id='word_1_102' title='bbox 1116 1221 1162 1263; x_wconf 89' lang='lat' dir='ltr'>in</span> <span class='ocrx_word' id='word_1_103' title='bbox 1178 1218 1254 1264; x_wconf 90' lang='lat' dir='ltr'>illo</span> <span class='ocrx_word' id='word_1_104' title='bbox 1270 1219 1442 1264; x_wconf 78' lang='lat' dir='ltr'>Psalmo</span> 
     </span>
     <span class='ocr_line' id='line_1_15' title="bbox 0 1291 1442 1346; baseline -0.003 -9"><span class='ocrx_word' id='word_1_105' title='bbox 0 1299 1 1302; x_wconf 74' lang='grc'>’</span> <span class='ocrx_word' id='word_1_106' title='bbox 47 1292 123 1337; x_wconf 85' lang='lat' dir='ltr'>ubi</span> <span class='ocrx_word' id='word_1_107' title='bbox 146 1292 313 1337; x_wconf 84' lang='lat' dir='ltr'>dictum</span> <span class='ocrx_word' id='word_1_108' title='bbox 347 1301 440 1336; x_wconf 87' lang='lat' dir='ltr'>est:</span> <span class='ocrx_word' id='word_1_109' title='bbox 478 1311 496 1333; x_wconf 90' lang='lat'>«</span> <span class='ocrx_word' id='word_1_110' title='bbox 530 1291 702 1336; x_wconf 78' lang='lat' dir='ltr'>Exaudi</span> <span class='ocrx_word' id='word_1_111' title='bbox 724 1307 824 1346; x_wconf 87' lang='lat' dir='ltr'>nos,</span> <span class='ocrx_word' id='word_1_112' title='bbox 863 1294 977 1335; x_wconf 91' lang='lat' dir='ltr'>Deus</span> <span class='ocrx_word' id='word_1_113' title='bbox 1006 1291 1240 1334; x_wconf 88' lang='lat' dir='ltr'>sanitatum</span> <span class='ocrx_word' id='word_1_114' title='bbox 1270 1299 1442 1334; x_wconf 86' lang='lat' dir='ltr'>nostra-</span> 
     </span>
     <span class='ocr_line' id='line_1_16' title="bbox 0 1360 1438 1421; baseline -0.002 -13"><span class='ocrx_word' id='word_1_115' title='bbox 0 1398 2 1409; x_wconf 87' lang='lat'><em>.</em></span> <span class='ocrx_word' id='word_1_116' title='bbox 51 1383 70 1407; x_wconf 89' lang='lat'>»</span> <span class='ocrx_word' id='word_1_117' title='bbox 91 1379 187 1408; x_wconf 89' lang='lat' dir='ltr'>rum</span> <span class='ocrx_word' id='word_1_118' title='bbox 201 1368 240 1419; x_wconf 58' lang='grc'>2,</span> <span class='ocrx_word' id='word_1_119' title='bbox 270 1382 289 1404; x_wconf 91' lang='lat'>»</span> <span class='ocrx_word' id='word_1_120' title='bbox 311 1364 395 1408; x_wconf 91' lang='grc'>1100</span> <span class='ocrx_word' id='word_1_121' title='bbox 411 1378 563 1409; x_wconf 82' lang='lat' dir='ltr'>verum</span> <span class='ocrx_word' id='word_1_122' title='bbox 580 1364 714 1407; x_wconf 87' lang='lat' dir='ltr'>habet</span> <span class='ocrx_word' id='word_1_123' title='bbox 728 1377 894 1420; x_wconf 80' lang='lat' dir='ltr'>graecus</span> <span class='ocrx_word' id='word_1_124' title='bbox 916 1360 1038 1421; x_wconf 86' lang='lat' dir='ltr'>quod</span> <span class='ocrx_word' id='word_1_125' title='bbox 1060 1360 1191 1404; x_wconf 90' lang='lat' dir='ltr'>etiam</span> <span class='ocrx_word' id='word_1_126' title='bbox 1213 1361 1296 1405; x_wconf 91' lang='grc'>1100</span> <span class='ocrx_word' id='word_1_127' title='bbox 1316 1360 1438 1416; x_wconf 84' lang='lat' dir='ltr'>loco,</span> 
     </span>
     <span class='ocr_line' id='line_1_17' title="bbox 0 1431 1441 1494; baseline -0.003 -15"><span class='ocrx_word' id='word_1_128' title='bbox 0 1451 2 1472; x_wconf 57' lang='grc' dir='ltr'><strong>ι</strong></span> <span class='ocrx_word' id='word_1_129' title='bbox 47 1435 92 1479; x_wconf 89' lang='lat' dir='ltr'>id</span> <span class='ocrx_word' id='word_1_130' title='bbox 127 1444 205 1489; x_wconf 78' lang='lat' dir='ltr'>est,</span> <span class='ocrx_word' id='word_1_131' title='bbox 237 1441 395 1487; x_wconf 65' lang='grc' dir='ltr'>σωτηρίων</span> <span class='ocrx_word' id='word_1_132' title='bbox 436 1434 513 1494; x_wconf 86' lang='lat' dir='ltr'>qui</span> <span class='ocrx_word' id='word_1_133' title='bbox 554 1433 770 1492; x_wconf 83' lang='lat' dir='ltr'>genitivus</span> <span class='ocrx_word' id='word_1_134' title='bbox 802 1431 1031 1492; x_wconf 81' lang='lat' dir='ltr'>pluraliter</span> <span class='ocrx_word' id='word_1_135' title='bbox 1060 1432 1106 1475; x_wconf 90' lang='lat' dir='ltr'>in</span> <span class='ocrx_word' id='word_1_136' title='bbox 1130 1447 1269 1490; x_wconf 82' lang='lat' dir='ltr'>graeca</span> <span class='ocrx_word' id='word_1_137' title='bbox 1291 1431 1441 1490; x_wconf 84' lang='lat' dir='ltr'>lingua</span> 
     </span>
    </p>
   </div>
   <div class='ocr_carea' id='block_1_7' title="bbox 47 1503 1443 1565">
    <p class='ocr_par' dir='ltr' id='par_1_7' title="bbox 47 1503 1443 1565">
     <span class='ocr_line' id='line_1_18' title="bbox 47 1503 1443 1565; baseline -0.002 -15"><span class='ocrx_word' id='word_1_138' title='bbox 47 1505 277 1565; x_wconf 83' lang='lat' dir='ltr'>ambiguus</span> <span class='ocrx_word' id='word_1_139' title='bbox 296 1514 382 1561; x_wconf 87' lang='lat' dir='ltr'>est,</span> <span class='ocrx_word' id='word_1_140' title='bbox 409 1514 561 1549; x_wconf 86' lang='lat' dir='ltr'>utrum</span> <span class='ocrx_word' id='word_1_141' title='bbox 578 1521 601 1548; x_wconf 89' lang='lat' dir='ltr'>a</span> <span class='ocrx_word' id='word_1_142' title='bbox 623 1504 760 1548; x_wconf 92' lang='lat' dir='ltr'>salute</span> <span class='ocrx_word' id='word_1_143' title='bbox 776 1540 787 1560; x_wconf 71' lang='lat'><strong>⁷</strong></span> <span class='ocrx_word' id='word_1_144' title='bbox 807 1519 862 1547; x_wconf 90' lang='lat' dir='ltr'>an</span> <span class='ocrx_word' id='word_1_145' title='bbox 875 1520 898 1547; x_wconf 87' lang='lat' dir='ltr'>a</span> <span class='ocrx_word' id='word_1_146' title='bbox 919 1503 1096 1547; x_wconf 89' lang='lat' dir='ltr'>salutari</span> <span class='ocrx_word' id='word_1_147' title='bbox 1119 1519 1282 1548; x_wconf 90' lang='lat' dir='ltr'>nomen</span> <span class='ocrx_word' id='word_1_148' title='bbox 1303 1503 1443 1548; x_wconf 89' lang='lat' dir='ltr'>deeli-</span> 
     </span>
    </p>
   </div>
   <div class='ocr_carea' id='block_1_8' title="bbox 0 1574 1446 2131">
    <p class='ocr_par' dir='ltr' id='par_1_8' title="bbox 0 1574 1446 2131">
     <span class='ocr_line' id='line_1_19' title="bbox 0 1574 1443 1638; baseline -0.003 -14"><span class='ocrx_word' id='word_1_149' title='bbox 0 1606 3 1625; x_wconf 56' lang='grc'>1</span> <span class='ocrx_word' id='word_1_150' title='bbox 47 1588 200 1624; x_wconf 88' lang='lat' dir='ltr'>natum</span> <span class='ocrx_word' id='word_1_151' title='bbox 221 1579 276 1623; x_wconf 90' lang='lat' dir='ltr'>sit</span> <span class='ocrx_word' id='word_1_152' title='bbox 302 1598 310 1623; x_wconf 91' lang='lat'>:</span> <span class='ocrx_word' id='word_1_153' title='bbox 335 1578 541 1638; x_wconf 85' lang='lat' dir='ltr'>quoniam</span> <span class='ocrx_word' id='word_1_154' title='bbox 566 1586 705 1631; x_wconf 61' lang='grc' dir='ltr'>σωτηρία</span> <span class='ocrx_word' id='word_1_155' title='bbox 742 1575 1030 1621; x_wconf 83' lang='lat' dir='ltr'>dicitursalus</span> <span class='ocrx_word' id='word_1_156' title='bbox 1042 1575 1113 1621; x_wconf 87' lang='lat' dir='ltr'>vel</span> <span class='ocrx_word' id='word_1_157' title='bbox 1133 1575 1306 1630; x_wconf 79' lang='lat' dir='ltr'>sanitas,</span> <span class='ocrx_word' id='word_1_158' title='bbox 1325 1574 1443 1619; x_wconf 89' lang='lat' dir='ltr'>unde</span> 
     </span>
     <span class='ocr_line' id='line_1_20' title="bbox 0 1647 1443 1709; baseline -0.007 -14"><span class='ocrx_word' id='word_1_159' title='bbox 0 1650 1 1671; x_wconf 65' lang='lat'><em>³</em></span> <span class='ocrx_word' id='word_1_160' title='bbox 49 1650 101 1695; x_wconf 83' lang='lat' dir='ltr'>fit</span> <span class='ocrx_word' id='word_1_161' title='bbox 139 1650 351 1708; x_wconf 83' lang='lat' dir='ltr'>genitivus</span> <span class='ocrx_word' id='word_1_162' title='bbox 389 1647 567 1709; x_wconf 83' lang='lat' dir='ltr'>pluralis</span> <span class='ocrx_word' id='word_1_163' title='bbox 590 1662 650 1691; x_wconf 69' lang='grc' dir='ltr'>τῶν</span> <span class='ocrx_word' id='word_1_164' title='bbox 673 1661 855 1704; x_wconf 59' lang='grc' dir='ltr'>σωτηριῶνς</span> <span class='ocrx_word' id='word_1_165' title='bbox 893 1647 1080 1693; x_wconf 84' lang='lat' dir='ltr'>salutare</span> <span class='ocrx_word' id='word_1_166' title='bbox 1115 1656 1262 1692; x_wconf 87' lang='lat' dir='ltr'>autem</span> <span class='ocrx_word' id='word_1_167' title='bbox 1295 1654 1443 1699; x_wconf 57' lang='grc' dir='ltr'>σωτήριον</span> 
     </span>
     <span class='ocr_line' id='line_1_21' title="bbox 0 1717 1445 1778; baseline -0.002 -15"><span class='ocrx_word' id='word_1_168' title='bbox 0 1735 1 1763; x_wconf 69' lang='lat'><em>3</em></span> <span class='ocrx_word' id='word_1_169' title='bbox 48 1720 224 1777; x_wconf 88' lang='lat' dir='ltr'>dicitur,</span> <span class='ocrx_word' id='word_1_170' title='bbox 245 1730 288 1765; x_wconf 91' lang='lat' dir='ltr'>et</span> <span class='ocrx_word' id='word_1_171' title='bbox 309 1720 411 1764; x_wconf 89' lang='lat' dir='ltr'>inde</span> <span class='ocrx_word' id='word_1_172' title='bbox 440 1719 654 1778; x_wconf 83' lang='lat' dir='ltr'>genitivus</span> <span class='ocrx_word' id='word_1_173' title='bbox 688 1717 869 1778; x_wconf 84' lang='lat' dir='ltr'>pluralis</span> <span class='ocrx_word' id='word_1_174' title='bbox 899 1719 1015 1763; x_wconf 87' lang='lat' dir='ltr'>idem</span> <span class='ocrx_word' id='word_1_175' title='bbox 1054 1719 1145 1778; x_wconf 88' lang='lat' dir='ltr'>ipse</span> <span class='ocrx_word' id='word_1_176' title='bbox 1163 1727 1242 1762; x_wconf 89' lang='lat' dir='ltr'>est.</span> <span class='ocrx_word' id='word_1_177' title='bbox 1282 1717 1326 1762; x_wconf 91' lang='lat' dir='ltr'>Si</span> <span class='ocrx_word' id='word_1_178' title='bbox 1341 1732 1445 1775; x_wconf 82' lang='lat' dir='ltr'>ergo</span> 
     </span>
     <span class='ocr_line' id='line_1_22' title="bbox 8 1787 1446 1851; baseline -0.004 -14"><span class='ocrx_word' id='word_1_179' title='bbox 8 1847 10 1850; x_wconf 69' lang='lat'>‚</span> <span class='ocrx_word' id='word_1_180' title='bbox 48 1801 164 1836; x_wconf 88' lang='grc'>10010</span> <span class='ocrx_word' id='word_1_181' title='bbox 185 1801 328 1851; x_wconf 94' lang='lat' dir='ltr'>potest</span> <span class='ocrx_word' id='word_1_182' title='bbox 342 1790 525 1849; x_wconf 80' lang='lat' dir='ltr'>intelligi</span> <span class='ocrx_word' id='word_1_183' title='bbox 543 1790 673 1834; x_wconf 91' lang='lat' dir='ltr'>etiam</span> <span class='ocrx_word' id='word_1_184' title='bbox 696 1789 953 1833; x_wconf 83' lang='lat' dir='ltr'>sacrificium</span> <span class='ocrx_word' id='word_1_185' title='bbox 975 1788 1124 1833; x_wconf 89' lang='lat' dir='ltr'>salutis</span> <span class='ocrx_word' id='word_1_186' title='bbox 1146 1787 1268 1848; x_wconf 86' lang='lat' dir='ltr'>quod</span> <span class='ocrx_word' id='word_1_187' title='bbox 1292 1796 1356 1831; x_wconf 88' lang='lat' dir='ltr'>est</span> <span class='ocrx_word' id='word_1_188' title='bbox 1378 1803 1446 1831; x_wconf 87' lang='lat' dir='ltr'>sa-</span> 
     </span>
     <span class='ocr_line' id='line_1_23' title="bbox 0 1858 1445 1921; baseline -0.003 -14"><span class='ocrx_word' id='word_1_189' title='bbox 0 1885 1 1889; x_wconf 46' lang='lat'><em>*</em></span> <span class='ocrx_word' id='word_1_190' title='bbox 48 1863 258 1907; x_wconf 77' lang='lat' dir='ltr'>orificium</span> <span class='ocrx_word' id='word_1_191' title='bbox 294 1862 520 1916; x_wconf 83' lang='lat' dir='ltr'>salutaris,</span> <span class='ocrx_word' id='word_1_192' title='bbox 555 1859 763 1921; x_wconf 87' lang='lat' dir='ltr'>quoniam</span> <span class='ocrx_word' id='word_1_193' title='bbox 796 1876 820 1904; x_wconf 89' lang='lat' dir='ltr'>a</span> <span class='ocrx_word' id='word_1_194' title='bbox 849 1859 1026 1904; x_wconf 88' lang='lat' dir='ltr'>salutari</span> <span class='ocrx_word' id='word_1_195' title='bbox 1062 1859 1176 1904; x_wconf 85' lang='lat' dir='ltr'>salus</span> <span class='ocrx_word' id='word_1_196' title='bbox 1210 1858 1366 1912; x_wconf 83' lang='lat' dir='ltr'>datur,</span> <span class='ocrx_word' id='word_1_197' title='bbox 1402 1868 1445 1902; x_wconf 86' lang='lat' dir='ltr'>et</span> 
     </span>
     <span class='ocr_line' id='line_1_24' title="bbox 0 1930 1444 1990; baseline -0.002 -16"><span class='ocrx_word' id='word_1_198' title='bbox 0 1963 2 1974; x_wconf 49' lang='grc'>1</span> <span class='ocrx_word' id='word_1_199' title='bbox 49 1932 159 1977; x_wconf 87' lang='lat' dir='ltr'>illud</span> <span class='ocrx_word' id='word_1_200' title='bbox 180 1942 244 1977; x_wconf 89' lang='lat' dir='ltr'>est</span> <span class='ocrx_word' id='word_1_201' title='bbox 265 1932 452 1976; x_wconf 85' lang='lat' dir='ltr'>salutare</span> <span class='ocrx_word' id='word_1_202' title='bbox 473 1930 592 1975; x_wconf 89' lang='lat' dir='ltr'>unde</span> <span class='ocrx_word' id='word_1_203' title='bbox 613 1930 727 1974; x_wconf 88' lang='lat' dir='ltr'>salus</span> <span class='ocrx_word' id='word_1_204' title='bbox 750 1930 986 1990; x_wconf 75' lang='lat' dir='ltr'>accipitur3</span> <span class='ocrx_word' id='word_1_205' title='bbox 1011 1946 1101 1974; x_wconf 90' lang='lat' dir='ltr'>non</span> <span class='ocrx_word' id='word_1_206' title='bbox 1120 1940 1184 1974; x_wconf 88' lang='lat' dir='ltr'>est</span> <span class='ocrx_word' id='word_1_207' title='bbox 1202 1944 1375 1973; x_wconf 87' lang='lat' dir='ltr'>necesse</span> <span class='ocrx_word' id='word_1_208' title='bbox 1395 1938 1444 1972; x_wconf 93' lang='lat' dir='ltr'>ut</span> 
     </span>
     <span class='ocr_line' id='line_1_25' title="bbox 0 1999 1441 2064; baseline -0.003 -17"><span class='ocrx_word' id='word_1_209' title='bbox 0 2036 1 2043; x_wconf 39' lang='lat'>1</span> <span class='ocrx_word' id='word_1_210' title='bbox 50 2012 257 2064; x_wconf 84' lang='lat' dir='ltr'>tanquam</span> <span class='ocrx_word' id='word_1_211' title='bbox 274 2003 517 2047; x_wconf 87' lang='lat' dir='ltr'>multorum</span> <span class='ocrx_word' id='word_1_212' title='bbox 533 2001 788 2045; x_wconf 84' lang='lat' dir='ltr'>salutarium</span> <span class='ocrx_word' id='word_1_213' title='bbox 807 2002 1015 2047; x_wconf 81' lang='lat' dir='ltr'>sacrificia</span> <span class='ocrx_word' id='word_1_214' title='bbox 1036 2002 1107 2047; x_wconf 86' lang='grc'>1110</span> <span class='ocrx_word' id='word_1_215' title='bbox 1130 1999 1441 2058; x_wconf 80' lang='lat' dir='ltr'>intelligamus,</span> 
     </span>
     <span class='ocr_line' id='line_1_26' title="bbox 0 2070 1446 2131; baseline -0.003 -13"><span class='ocrx_word' id='word_1_216' title='bbox 0 2103 1 2107; x_wconf 64' lang='lat'><em>=</em></span> <span class='ocrx_word' id='word_1_217' title='bbox 49 2075 125 2118; x_wconf 88' lang='lat' dir='ltr'>ubi</span> <span class='ocrx_word' id='word_1_218' title='bbox 161 2073 326 2118; x_wconf 83' lang='lat' dir='ltr'>dictum</span> <span class='ocrx_word' id='word_1_219' title='bbox 378 2082 441 2131; x_wconf 90' lang='lat' dir='ltr'>est</span> <span class='ocrx_word' id='word_1_220' title='bbox 477 2092 496 2113; x_wconf 87' lang='lat'>«</span> <span class='ocrx_word' id='word_1_221' title='bbox 535 2071 760 2116; x_wconf 86' lang='lat' dir='ltr'>Saerifieiis</span> <span class='ocrx_word' id='word_1_222' title='bbox 802 2070 1076 2125; x_wconf 82' lang='lat' dir='ltr'>salutarium,</span> <span class='ocrx_word' id='word_1_223' title='bbox 1105 2091 1125 2113; x_wconf 70' lang='lat' dir='ltr'>n</span> <span class='ocrx_word' id='word_1_224' title='bbox 1171 2070 1247 2116; x_wconf 86' lang='lat' dir='ltr'>sed</span> <span class='ocrx_word' id='word_1_225' title='bbox 1282 2070 1446 2115; x_wconf 87' lang='lat' dir='ltr'>multa-</span> 
     </span>
    </p>
   </div>
   <div class='ocr_carea' id='block_1_9' title="bbox 49 2141 1446 2613">
    <p class='ocr_par' dir='ltr' id='par_1_9' title="bbox 49 2141 1446 2613">
     <span class='ocr_line' id='line_1_27' title="bbox 50 2141 1444 2202; baseline -0.003 -13"><span class='ocrx_word' id='word_1_226' title='bbox 50 2160 145 2189; x_wconf 88' lang='lat' dir='ltr'>rum</span> <span class='ocrx_word' id='word_1_227' title='bbox 166 2143 347 2189; x_wconf 84' lang='lat' dir='ltr'>forsitan</span> <span class='ocrx_word' id='word_1_228' title='bbox 379 2143 639 2197; x_wconf 81' lang='lat' dir='ltr'>sanitatum,</span> <span class='ocrx_word' id='word_1_229' title='bbox 665 2157 765 2202; x_wconf 82' lang='lat' dir='ltr'>quae</span> <span class='ocrx_word' id='word_1_230' title='bbox 793 2151 941 2186; x_wconf 88' lang='lat' dir='ltr'>tamen</span> <span class='ocrx_word' id='word_1_231' title='bbox 963 2142 1018 2186; x_wconf 89' lang='lat' dir='ltr'>ab</span> <span class='ocrx_word' id='word_1_232' title='bbox 1047 2158 1138 2186; x_wconf 92' lang='lat' dir='ltr'>uno</span> <span class='ocrx_word' id='word_1_233' title='bbox 1170 2141 1348 2185; x_wconf 87' lang='lat' dir='ltr'>salutari</span> <span class='ocrx_word' id='word_1_234' title='bbox 1371 2156 1444 2185; x_wconf 84' lang='lat' dir='ltr'>ac-</span> 
     </span>
     <span class='ocr_line' id='line_1_28' title="bbox 50 2210 1444 2274; baseline -0.003 -15"><span class='ocrx_word' id='word_1_235' title='bbox 50 2215 285 2274; x_wconf 86' lang='lat' dir='ltr'>cipiuntur.</span> <span class='ocrx_word' id='word_1_236' title='bbox 319 2214 449 2267; x_wconf 88' lang='lat' dir='ltr'>Quod</span> <span class='ocrx_word' id='word_1_237' title='bbox 482 2212 537 2256; x_wconf 89' lang='lat' dir='ltr'>sit</span> <span class='ocrx_word' id='word_1_238' title='bbox 567 2220 713 2255; x_wconf 89' lang='lat' dir='ltr'>autem</span> <span class='ocrx_word' id='word_1_239' title='bbox 733 2210 920 2256; x_wconf 86' lang='lat' dir='ltr'>salutare</span> <span class='ocrx_word' id='word_1_240' title='bbox 948 2212 1042 2267; x_wconf 85' lang='lat' dir='ltr'>Dei,</span> <span class='ocrx_word' id='word_1_241' title='bbox 1075 2211 1130 2255; x_wconf 88' lang='lat' dir='ltr'>de</span> <span class='ocrx_word' id='word_1_242' title='bbox 1154 2228 1243 2273; x_wconf 88' lang='lat' dir='ltr'>quo</span> <span class='ocrx_word' id='word_1_243' title='bbox 1276 2211 1444 2255; x_wconf 88' lang='lat' dir='ltr'>dietum</span> 
     </span>
     <span class='ocr_line' id='line_1_29' title="bbox 51 2283 1443 2343; baseline -0.003 -13"><span class='ocrx_word' id='word_1_244' title='bbox 51 2295 142 2330; x_wconf 87' lang='lat' dir='ltr'>est:</span> <span class='ocrx_word' id='word_1_245' title='bbox 171 2306 191 2328; x_wconf 86' lang='lat'>«</span> <span class='ocrx_word' id='word_1_246' title='bbox 216 2285 408 2331; x_wconf 85' lang='lat' dir='ltr'>Calicem</span> <span class='ocrx_word' id='word_1_247' title='bbox 437 2283 635 2328; x_wconf 85' lang='lat' dir='ltr'>salutaris</span> <span class='ocrx_word' id='word_1_248' title='bbox 667 2283 903 2343; x_wconf 74' lang='lat' dir='ltr'>accipiam3</span> <span class='ocrx_word' id='word_1_249' title='bbox 922 2319 932 2339; x_wconf 80' lang='lat'><em>‚</em></span> <span class='ocrx_word' id='word_1_250' title='bbox 962 2302 981 2325; x_wconf 86' lang='lat'>»</span> <span class='ocrx_word' id='word_1_251' title='bbox 1005 2293 1048 2328; x_wconf 91' lang='lat' dir='ltr'>et</span> <span class='ocrx_word' id='word_1_252' title='bbox 1063 2283 1119 2327; x_wconf 92' lang='lat' dir='ltr'>de</span> <span class='ocrx_word' id='word_1_253' title='bbox 1148 2299 1238 2343; x_wconf 87' lang='lat' dir='ltr'>quo</span> <span class='ocrx_word' id='word_1_254' title='bbox 1267 2283 1443 2327; x_wconf 88' lang='lat' dir='ltr'>Simeon</span> 
     </span>
     <span class='ocr_line' id='line_1_30' title="bbox 51 2352 1444 2413; baseline -0.002 -14"><span class='ocrx_word' id='word_1_255' title='bbox 51 2354 154 2400; x_wconf 89' lang='lat' dir='ltr'>dicit</span> <span class='ocrx_word' id='word_1_256' title='bbox 177 2356 222 2398; x_wconf 91' lang='lat' dir='ltr'>in</span> <span class='ocrx_word' id='word_1_257' title='bbox 244 2353 504 2413; x_wconf 75' lang='lat' dir='ltr'>Evangelio⁷</span> <span class='ocrx_word' id='word_1_258' title='bbox 528 2373 547 2395; x_wconf 85' lang='lat'>«</span> <span class='ocrx_word' id='word_1_259' title='bbox 567 2354 786 2407; x_wconf 87' lang='lat' dir='ltr'>Quoniam</span> <span class='ocrx_word' id='word_1_260' title='bbox 798 2352 1004 2399; x_wconf 89' lang='lat' dir='ltr'>viderunt</span> <span class='ocrx_word' id='word_1_261' title='bbox 1021 2353 1139 2398; x_wconf 88' lang='lat' dir='ltr'>oeuli</span> <span class='ocrx_word' id='word_1_262' title='bbox 1150 2353 1235 2397; x_wconf 90' lang='lat' dir='ltr'>mei</span> <span class='ocrx_word' id='word_1_263' title='bbox 1256 2353 1444 2397; x_wconf 87' lang='lat' dir='ltr'>salutare</span> 
     </span>
     <span class='ocr_line' id='line_1_31' title="bbox 53 2425 1446 2471; baseline 0.001 -4"><span class='ocrx_word' id='word_1_264' title='bbox 53 2444 74 2467; x_wconf 80' lang='lat'>&gt;›</span> <span class='ocrx_word' id='word_1_265' title='bbox 106 2429 260 2470; x_wconf 61' lang='lat' dir='ltr'>tuum⁴</span> <span class='ocrx_word' id='word_1_266' title='bbox 288 2446 296 2471; x_wconf 74' lang='grc' dir='ltr'>ε</span> <span class='ocrx_word' id='word_1_267' title='bbox 322 2444 342 2467; x_wconf 87' lang='lat'>»</span> <span class='ocrx_word' id='word_1_268' title='bbox 374 2426 481 2470; x_wconf 75' lang='lat' dir='ltr'>tides</span> <span class='ocrx_word' id='word_1_269' title='bbox 503 2425 735 2469; x_wconf 83' lang='lat' dir='ltr'>christiana</span> <span class='ocrx_word' id='word_1_270' title='bbox 764 2426 901 2471; x_wconf 84' lang='lat' dir='ltr'>novit.</span> <span class='ocrx_word' id='word_1_271' title='bbox 931 2429 1117 2470; x_wconf 85' lang='lat' dir='ltr'>Possunt</span> <span class='ocrx_word' id='word_1_272' title='bbox 1138 2440 1240 2469; x_wconf 87' lang='lat' dir='ltr'>sane</span> <span class='ocrx_word' id='word_1_273' title='bbox 1258 2439 1349 2468; x_wconf 87' lang='lat' dir='ltr'>non</span> <span class='ocrx_word' id='word_1_274' title='bbox 1369 2425 1446 2468; x_wconf 88' lang='lat' dir='ltr'>ab·</span> 
     </span>
     <span class='ocr_line' id='line_1_32' title="bbox 49 2495 1442 2555; baseline -0.002 -15"><span class='ocrx_word' id='word_1_275' title='bbox 49 2497 176 2541; x_wconf 85' lang='lat' dir='ltr'>surde</span> <span class='ocrx_word' id='word_1_276' title='bbox 212 2496 396 2554; x_wconf 80' lang='lat' dir='ltr'>intelligi</span> <span class='ocrx_word' id='word_1_277' title='bbox 435 2496 504 2541; x_wconf 84' lang='lat' dir='ltr'>vel</span> <span class='ocrx_word' id='word_1_278' title='bbox 539 2495 626 2540; x_wconf 86' lang='lat' dir='ltr'>diei</span> <span class='ocrx_word' id='word_1_279' title='bbox 658 2496 787 2540; x_wconf 86' lang='lat' dir='ltr'>etiam</span> <span class='ocrx_word' id='word_1_280' title='bbox 825 2497 1031 2541; x_wconf 80' lang='lat' dir='ltr'>sacrificia</span> <span class='ocrx_word' id='word_1_281' title='bbox 1069 2496 1270 2540; x_wconf 84' lang='lat' dir='ltr'>salutaria</span> <span class='ocrx_word' id='word_1_282' title='bbox 1291 2530 1301 2550; x_wconf 78' lang='lat'>‚</span> <span class='ocrx_word' id='word_1_283' title='bbox 1342 2511 1442 2555; x_wconf 77' lang='lat' dir='ltr'>quae</span> 
     </span>
     <span class='ocr_line' id='line_1_33' title="bbox 51 2567 376 2613; baseline -0.003 -2"><span class='ocrx_word' id='word_1_284' title='bbox 51 2577 152 2613; x_wconf 90' lang='lat' dir='ltr'>sunt</span> <span class='ocrx_word' id='word_1_285' title='bbox 162 2567 376 2612; x_wconf 87' lang='lat' dir='ltr'>salutaris.</span> 
     </span>
    </p>
   </div>
   <div class='ocr_carea' id='block_1_10' title="bbox 97 2660 1350 2705">
    <p class='ocr_par' dir='ltr' id='par_1_10' title="bbox 97 2660 1350 2705">
     <span class='ocr_line' id='line_1_34' title="bbox 97 2660 1350 2705; baseline 0.001 -12"><span class='ocrx_word' id='word_1_286' title='bbox 97 2670 105 2686; x_wconf 93' lang='lat'>¹</span> <span class='ocrx_word' id='word_1_287' title='bbox 121 2665 198 2696; x_wconf 69' lang='lat' dir='ltr'>Lev.</span> <span class='ocrx_word' id='word_1_288' title='bbox 219 2674 250 2704; x_wconf 69' lang='lat' dir='ltr'>X,</span> <span class='ocrx_word' id='word_1_289' title='bbox 275 2663 325 2705; x_wconf 62' lang='lat'>14.</span> <span class='ocrx_word' id='word_1_290' title='bbox 346 2680 388 2686; x_wconf 84' lang='lat'>--</span> <span class='ocrx_word' id='word_1_291' title='bbox 408 2669 421 2685; x_wconf 79' lang='lat'><strong>²</strong></span> <span class='ocrx_word' id='word_1_292' title='bbox 448 2662 527 2695; x_wconf 78' lang='lat' dir='ltr'>Psal.</span> <span class='ocrx_word' id='word_1_293' title='bbox 554 2673 638 2703; x_wconf 72' lang='lat' dir='ltr'>muv,</span> <span class='ocrx_word' id='word_1_294' title='bbox 657 2661 691 2693; x_wconf 93' lang='lat'>6.</span> <span class='ocrx_word' id='word_1_295' title='bbox 716 2679 754 2685; x_wconf 94' lang='lat'>--</span> <span class='ocrx_word' id='word_1_296' title='bbox 781 2660 950 2704; x_wconf 80' lang='lat' dir='ltr'>31d.exv,</span> <span class='ocrx_word' id='word_1_297' title='bbox 973 2663 1026 2695; x_wconf 76' lang='lat'>13.</span> <span class='ocrx_word' id='word_1_298' title='bbox 1047 2679 1082 2685; x_wconf 82' lang='lat'>--</span> <span class='ocrx_word' id='word_1_299' title='bbox 1102 2660 1117 2692; x_wconf 77' lang='grc'><em>4</em></span> <span class='ocrx_word' id='word_1_300' title='bbox 1137 2663 1215 2695; x_wconf 87' lang='lat' dir='ltr'>Luc.</span> <span class='ocrx_word' id='word_1_301' title='bbox 1235 2673 1272 2702; x_wconf 85' lang='grc' dir='ltr'>ιι,</span> <span class='ocrx_word' id='word_1_302' title='bbox 1298 2661 1350 2694; x_wconf 85' lang='grc'>30.</span> 
     </span>
    </p>
   </div>
  </div>
 </body>
</html>
