1872 3267
368 318 633 354 Quffis‘rmmzs
666 317 709 344 m
743 317 952 353 Exonnm,
989 316 1070 343 Lm.
1108 316 1155 342 11.
1371 301 1454 341 245

68 386 185 430 serit.
204 387 296 430 Hoc
315 386 430 429 enim
452 383 583 428 modo
604 383 824 442 Scriptura
842 380 948 425 dixit
964 396 1041 440 per
1059 379 1308 440 prolepsim,
1335 377 1455 439 quod

67 465 214 516 postca
245 455 409 500 factum
445 464 534 507 cst,
568 470 667 498 cum
701 468 791 497 esse
819 453 954 511 coepit
978 448 1310 496 tabernaculum
1337 449 1456 494 testi-

70 527 220 571 monii.

572 624 807 674 Qiffls'rto
839 625 954 663 [ΧΠ.

135 732 281 772 «Fun
301 736 446 772 autem
464 726 591 770 Isra'e'l
608 727 795 770 ederunt
816 742 974 771 manna
992 741 1126 770 annos
1150 724 1454 785 quadraginta,

75 816 94 839 υ
130 797 415 859 quoadusque
451 797 652 846 venirent
680 797 725 840 in
760 807 915 841 terram
934 832 944 851 ,
987 813 1085 857 quae
1119 794 1453 839 inhabitabitur.

72 888 92 910 ³›
129 873 289 914 Manna
318 869 503 913 ederunt
525 869 812 929 quoadusque
833 868 1032 912 venirent
1052 868 1097 911 in
1120 876 1288 927 partem
1322 867 1458 910 Phoe-

73 958 93 981 »
129 941 275 984 nicis¹.
312 959 331 981 n
361 940 626 998 Significavit
659 940 878 999 Scriptura
900 954 977 999 per
1013 939 1270 998 prolepsim,
1297 938 1342 981 id
1366 946 1455 990 est,

68 1012 151 1055 hoc
181 1011 278 1056 loco
303 1011 686 1056 commemorando
710 1012 830 1071 quod
861 1012 989 1055 etiam
1008 1019 1156 1069 postea
1180 1010 1346 1053 factum
1364 1019 1454 1063 est,

68 1097 157 1126 non
176 1082 312 1126 edisse
329 1082 438 1126 filios
455 1082 586 1126 Israel
609 1082 654 1125 in
673 1096 818 1125 eremo
841 1081 921 1124 nisi
944 1096 1117 1124 manna.
1141 1082 1234 1123 Hoc
1258 1088 1322 1122 est
1343 1080 1457 1122 enim

67 1152 188 1212 quod
210 1153 268 1196 ait
287 1173 295 1197 :
328 1172 347 1194 «
369 1155 514 1212 Usque
539 1152 593 1196 ad
621 1162 780 1196 terram
813 1167 912 1211 quae
935 1151 1221 1205 inhabitatur,
1261 1168 1280 1191 »
1302 1150 1346 1193 id
1369 1159 1453 1203 est,

67 1238 166 1283 quae
183 1224 273 1283 jam
297 1239 386 1267 non
409 1233 472 1267 cst
494 1238 663 1267 cremus
685 1242 693 1266 :
711 1238 801 1266 non
824 1222 926 1281 quia
950 1221 1161 1265 continuo
1175 1230 1225 1264 ut
1241 1230 1458 1265 venerunt

67 1293 123 1337 ad
140 1302 299 1337 terram
323 1293 608 1337 habitabilem
632 1293 892 1337 destiterunt
914 1292 1028 1336 vesci
1052 1307 1236 1346 manna,
1262 1290 1339 1334 sed
1356 1291 1455 1351 quia

67 1379 155 1408 non
178 1373 292 1408 ante.
319 1367 515 1425 Trajecto
540 1364 655 1407 enim
679 1362 870 1407 Jordane
898 1363 1164 1420 significatur
1182 1378 1342 1406 manna
1366 1377 1457 1405 ces-

66 1449 173 1478 sasse
189 1469 199 1489 ,
225 1434 303 1478 ubi
324 1450 457 1494 panes
486 1444 612 1478 terrae
633 1434 1012 1477 manducaverunt
1035 1453 1043 1478 :
1071 1432 1249 1493 quando
1271 1447 1372 1490 ergo
1392 1432 1456 1475 in-

66 1507 195 1564 gressi
212 1516 311 1551 sunt
331 1506 615 1551 habitabilem
634 1515 793 1549 terram
812 1541 822 1559 ,
845 1514 1081 1565 antequam
1107 1505 1336 1549 transirent
1353 1507 1454 1548 Jor-

0 1631 5 1645 '
64 1576 219 1621 danem
235 1613 245 1632 ,
269 1577 339 1622 vel
361 1587 531 1621 tantum
551 1592 710 1620 manna
727 1575 858 1629 vesci,
878 1576 946 1619 vel
968 1585 1157 1635 utroque
1179 1575 1276 1619 cibo
1294 1584 1453 1634 potue-

0 1652 8 1691 Ι
64 1657 167 1691 runt
189 1667 197 1692 :
223 1649 306 1692 hoc
322 1649 486 1708 quippe
503 1647 686 1705 intelligi
708 1656 871 1706 potest,
893 1647 1070 1707 quando
1089 1663 1268 1691 cessasse
1293 1662 1454 1690 manna

1 1696 7 1795 ΙΙ
64 1735 153 1763 non
175 1719 334 1764 dicitur
356 1720 436 1763 nisi
460 1718 651 1763 Jordane
674 1721 867 1779 trajecto.
890 1722 979 1764 Cur
997 1729 1143 1763 autem
1164 1719 1209 1762 in
1226 1718 1299 1763 illa
1319 1719 1453 1762 eremi

2 1800 7 1834 ι
63 1790 206 1849 inopia
245 1791 372 1834 etiam
398 1806 548 1834 carnes
574 1789 937 1844 desideraverint,
965 1790 1143 1850 quando
1173 1791 1227 1834 de
1261 1792 1452 1848 AEgypto

4 1834 18 1903 :l
62 1876 160 1904 cum
179 1860 264 1904 suis
286 1859 413 1904 valde
435 1859 584 1904 multis
606 1861 836 1918 pecoribus
859 1861 1076 1915 exierunt,
1094 1876 1248 1918 magna
1270 1861 1453 1920 quaestio

4 1916 19 1998 fl
62 1940 138 1973 est.
159 1931 250 1975 Nisi
264 1929 376 1974 forte
400 1929 584 1983 dicatur,
608 1945 708 1973 cum
732 1946 808 1989 per
827 1946 1021 1974 eremum
1045 1947 1203 1989 pascua
1226 1940 1347 1974 tanta
1362 1946 1450 1974 non

4 2016 8 2041 ε
63 2009 218 2055 essent,
244 2010 287 2043 et
310 2016 358 2043 ex
384 2015 434 2043 eo
458 2001 601 2043 minor
625 1999 773 2043 futura
791 2000 1014 2044 videretur
1036 2000 1297 2045 foecunditas
1320 2016 1451 2060 peco-

5 2084 8 2112 !
64 2085 182 2124 rum,
216 2069 457 2129 pepercisse
488 2069 584 2113 illos
618 2070 872 2128 pecoribus,
901 2086 956 2113 nc
987 2071 1190 2114 omnibus
1213 2070 1454 2114 deficienti-

61 2141 163 2195 bus,
206 2141 335 2184 etiam
373 2140 589 2184 sacrificiis
625 2141 862 2183 necessaria
900 2139 1162 2196 defuissent,
1200 2141 1267 2185 vel
1292 2142 1325 2184 si
1347 2142 1449 2201 quid

7 2215 9 2250 ἑ
63 2210 178 2255 aliud
200 2210 284 2256 dici
307 2221 476 2270 potest,
509 2212 627 2255 unde
650 2211 834 2271 quaestio
856 2212 936 2256 ista
969 2211 1175 2256 solvatur.
1197 2214 1453 2271 Congruen-

64 2281 144 2324 tius
166 2291 311 2325 tamen
333 2282 540 2335 creditur,
568 2297 657 2325 non
679 2297 751 2325 cos
776 2298 924 2326 carnes
947 2282 1231 2337 desiderasse,
1258 2299 1364 2343 quas
1396 2284 1450 2326 de

8 2356 24 2423 Ι
60 2352 285 2410 pecoribus
308 2352 468 2395 habere
490 2361 715 2410 poterant,
738 2351 813 2395 sed
831 2367 900 2395 eas
922 2369 1021 2412 quae
1045 2353 1240 2408 deerant,
1258 2370 1309 2397 ex
1328 2355 1449 2413 aquis

21 2424 24 2492 Ι
60 2421 273 2466 videlicet.
311 2426 428 2481 Ipsas
458 2422 621 2481 quippe
647 2422 692 2464 in
720 2421 794 2466 illa
827 2437 971 2466 eremo
1008 2439 1098 2467 non
1130 2423 1446 2468 inveniebant:

21 2506 25 2560 1
63 2491 178 2534 unde
214 2501 258 2535 et
278 2491 361 2536 illis
385 2501 679 2549 ortygometra
702 2490 801 2535 data
820 2502 905 2547 est,
936 2493 980 2536 id
998 2503 1076 2548 est,
1102 2509 1223 2547 aves,
1248 2509 1355 2552 quas
1375 2509 1449 2537 co-

22 2563 26 2653 Ι
64 2561 248 2605 turnices
265 2561 392 2606 multi
413 2561 545 2605 latine
563 2562 835 2621 interpretati
856 2572 958 2607 sunt
972 2565 988 2588 2
1008 2599 1018 2617 ,
1039 2579 1141 2607 cum
1163 2564 1216 2606 sit
1239 2562 1356 2607 aliud
1374 2578 1447 2620 ge-

24 2659 26 2690 Ι
107 2661 115 2678 ¹
138 2656 232 2688 rso-l.
259 2667 325 2697 wi,
344 2656 395 2689 35.
418 2674 458 2679 —-
480 2665 491 2678 Ἰ
517 2657 598 2689 thid.
628 2657 677 2688 13.
