1872 3267
6 80 10 322 Ι

267 258 522 288 LOCUTIONES
555 257 610 286 me:
640 256 1003 296 DEUTERONOMIO,
1039 257 1119 283 un.
1156 256 1197 283 v.
1372 244 1427 282 89

7 328 10 375 Ι
48 340 148 385 crgo
180 325 363 381 multas,
393 325 428 368 si
462 324 656 384 septem?
693 321 769 367 sed
791 321 949 367 multas
971 320 1079 366 dixit
1098 318 1427 366 multitudinem

6 383 10 548 Ι

47 396 271 441 habentes.

105 471 252 512 XXII.
290 468 430 512 «Non
465 465 666 525 dispones
694 464 749 508 ad
780 479 850 508 eos
884 464 1217 508 testamentum¹
1241 482 1249 506 2
1275 482 1295 503 »
1328 477 1428 507 cum

49 539 250 598 gentibus
272 537 459 581 diceret:
481 544 787 580 testamentum
812 550 915 593 ergo
937 550 1015 594 pro
1034 543 1161 593 pacto
1178 533 1337 593 posuit.

106 610 274 652 XXIII.
307 626 327 649 «
351 610 408 651 Et
428 605 560 650 filiam
585 607 674 666 ejus
694 621 782 650 non
801 620 940 650 sumes
964 604 1052 648 filio
1075 614 1178 661 tu03
1209 601 1431 647 discedere

52 698 71 721 »
98 680 213 723 enim
236 679 365 723 faciet
398 678 536 722 filium
559 687 685 721 tuum
703 694 725 721 a
745 692 840 732 me,
879 685 921 720 et
948 676 1102 720 serviet
1139 674 1220 718 diis
1243 673 1333 718 aliis
1349 709 1360 729 ,
1389 682 1432 717 ‹zt

51 768 71 791 »
97 750 302 793 irascetur
336 748 635 807 indignatione
669 748 878 793 Dominus
912 747 957 790 in
979 750 1086 790 vos‘2
1119 765 1128 790 :
1167 763 1187 786 »
1217 760 1307 789 non
1334 744 1393 788 ait
1420 764 1428 788 ;

51 839 73 862 «
99 823 282 876 Irascar,
308 839 326 861 »
352 818 426 863 sed
444 828 652 879 tanquam
671 818 725 863 de
747 818 830 863 alio
845 818 1020 862 diceret.

106 893 269 936 XXIV.
287 891 521 936 «Civitates
534 906 710 950 magnas
723 899 765 935 et
779 899 968 934 muratas
983 887 1178 948 usquein
1190 885 1353 931 coelum
1362 887 1377 911 3
1390 903 1430 930 2»

48 961 356 1021 hyperbolicffis
378 961 559 1006 dictum.
1270 958 1273 959 ⁷

106 1036 245 1078 XXV.
277 1054 296 1076 «
320 1037 383 1079 Ne
405 1032 521 1077 dicas
538 1032 584 1076 in
611 1031 741 1077 eorde
766 1041 865 1086 tuo,
891 1046 992 1074 cum
1012 1028 1327 1088 consumpserit
1347 1030 1435 1072 Do-

51 1122 71 1145 »
98 1104 241 1148 minus
259 1107 373 1148 Deus
399 1113 495 1148 tuus
519 1112 666 1162 gentes
678 1103 777 1146 istas
800 1110 899 1145 ante
918 1100 1073 1145 faciem
1094 1108 1216 1143 tuam
1231 1124 1244 1154 ,v
1263 1098 1431 1143 dicens:

51 1192 71 1217 »
98 1178 280 1234 Propter
296 1174 481 1234 justitias
510 1188 627 1217 meas
647 1172 819 1216 induxit
840 1187 909 1216 me
937 1170 1149 1217 Dominus
1180 1168 1437 1213 haereditare

0 1268 3 1295 ,ι
50 1263 72 1289 »
98 1256 256 1290 terram
278 1247 439 1290 bonam
461 1246 586 1290 istam
601 1245 615 1270 ⁴
639 1264 646 1289 :
674 1263 693 1285 »
720 1243 827 1289 ordo
849 1254 937 1300 est,
967 1263 985 1285 «
1010 1245 1072 1288 Ne
1091 1242 1207 1286 dicas
1234 1241 1280 1285 in
1304 1239 1437 1286 corde

51 1336 73 1360 «
96 1327 197 1372 tuo,
223 1316 385 1361 dicens.
410 1334 431 1356 »

106 1390 268 1432 XXVI.
293 1389 392 1432 «Ne
415 1385 594 1446 quando
615 1385 764 1430 dicant
786 1386 1082 1431 inhabitantes
1103 1393 1261 1429 terram
1276 1418 1287 1439 ,
1318 1383 1438 1427 unde

52 1479 72 1503 »
97 1459 282 1504 eduxisti
313 1474 391 1504 nos
419 1457 550 1503 inde⁵
580 1478 588 1503 ι
627 1476 647 1499 »
686 1473 805 1502 more
843 1457 1079 1517 Scripturae
1113 1454 1313 1500 additum
1345 1463 1434 1509 est,

51 1549 72 1574 ι(
90 1530 206 1575 inde.
231 1549 251 1571 ))

106 1603 292 1644 XXVII.
324 1619 344 1642 «
364 1602 471 1653 Quae
493 1598 598 1643 fecit
610 1598 817 1642 virtutem
831 1598 1166 1658 AEgyptiorum⁶
1194 1615 1203 1642 :
1231 1613 1251 1637 »
1268 1595 1437 1640 hocin-

49 1681 258 1731 terpretes
275 1671 454 1731 quidam
477 1670 599 1714 latini
627 1669 771 1713 minus
789 1669 1082 1728 intelligentes
1106 1667 1346 1713 noluerunt
1367 1668 1438 1711 di-

48 1758 144 1787 cere
170 1742 473 1796 «virtuten1‚»
495 1740 570 1785 sed
597 1759 617 1781 «
643 1739 795 1783 virtuti
817 1739 887 1785 vel
908 1740 1113 1784 exercitui
1140 1759 1147 1784 :
1183 1758 1202 1780 υ
1230 1739 1438 1799 quoniam

48 1813 95 1857 id
117 1812 237 1874 quod
260 1813 318 1856 ait
345 1827 508 1870 graecus
534 1816 684 1865 δύναμιν,
716 1811 920 1857 nonnulli
947 1812 1182 1855 exercitum
1210 1809 1438 1854 intellexe-

7 1897 11 1912 ·
50 1893 167 1927 runt.
186 1882 270 1928 Sed
281 1882 454 1942 elegans
467 1881 630 1928 locutio
646 1894 726 1940 est,
747 1904 766 1927 ι(
783 1886 890 1937 Quae
902 1881 1222 1926 fecitvirtutem
1232 1896 1436 1939 eorum3»

8 1989 11 1992 Α
49 1952 379 2012 intelligendum
412 1963 475 1997 est
496 1954 605 2014 quid
630 1970 724 1999 eam
748 1954 850 1999 fecit
871 1973 878 1998 :
905 1952 1112 2014 quoniam
1136 1950 1190 1996 ad
1212 1952 1321 1995 nihil
1343 1967 1436 1995 eam

51 2024 218 2084 redegit
236 2043 244 2069 :
260 2024 336 2069 sed
353 2026 454 2085 quia
471 2024 698 2084 pluraliter
717 2026 882 2070 dictum
897 2033 960 2068 cst
972 2059 982 2079 ,
1003 2023 1101 2067 ideo
1119 2023 1439 2068 subobscurum

52 2104 130 2139 est.
1043 2104 1048 2112 ’“

108 2167 318 2210 XXVIII.
342 2183 362 2208 «
382 2168 500 2219 Quos
516 2167 711 2225 aperiens
733 2175 846 2210 terra
871 2181 916 2211 os
938 2180 1065 2209 suum
1085 2164 1316 2224 deglutivit
1337 2179 1409 2209 eos
1424 2200 1436 2221 ,

54 2254 75 2278 »
100 2245 144 2280 et
165 2234 316 2280 domos
339 2251 491 2280 eorum
507 2271 517 2291 ‚
543 2246 586 2281 et
600 2237 881 2281 tabernacula
904 2238 1081 2281 eorum⁷
1107 2255 1115 2280 :
1144 2254 1164 2277 »
1192 2234 1291 2279 duae
1313 2235 1439 2280 locu-

51 2307 188 2351 tiones
200 2306 270 2350 hic
283 2306 488 2350 notandae
502 2316 619 2362 sunt,
635 2306 758 2367 quod
771 2317 814 2351 et
831 2306 1030 2352 additum
1053 2316 1130 2362 est,
1151 2326 1171 2348 «
1189 2322 1277 2361 eos,
1298 2324 1318 2347 »
1337 2322 1436 2350 cuni

52 2377 247 2422 sufficere
262 2386 407 2438 posset
427 2376 549 2437 quod
566 2377 625 2422 ait
646 2378 864 2438 superius,
890 2398 909 2420 «
935 2395 1064 2439 quos:
1089 2397 1108 2419 »
1136 2388 1179 2422 et
1199 2398 1219 2420 «
1241 2377 1393 2422 domos
1417 2398 1434 2419 »

55 2465 76 2489 »
101 2462 250 2492 eorum
270 2466 287 2489 ι)
312 2463 413 2492 cum
434 2448 623 2505 dixisset,
642 2448 810 2494 addidit
831 2469 851 2492 «
873 2459 916 2493 et
933 2448 1212 2494 tabernacula
1226 2464 1393 2504 eorum,
1413 2467 1434 2489 »

101 2549 110 2565 ¹
130 2545 298 2584 Deut.v11‚
315 2552 347 2575 2.
368 2559 409 2566 —·
434 2543 542 2576 21bid.
561 2543 593 2586 3,
608 2543 638 2586 4
661 2561 700 2566 -—
726 2542 738 2566 3
757 2545 802 2576 Id.
825 2555 870 2585 ικ,
900 2556 925 2575 1.
945 2562 985 2567 --—
1005 2543 1018 2573 f,
1044 2544 1126 2576 Ibid.
1148 2543 1224 2585 4-
1245 2542 1258 2565 ⁵
1273 2544 1355 2576 lbid.
1381 2544 1433 2575 93.

56 2595 253 2636 —01‹l.x1‚
278 2597 306 2629 3.
329 2615 368 2621 —·
385 2605 398 2630 7
418 2598 498 2630 Ibid.
518 2598 551 2629 6.
