1872 3267
367 217 449 254 596
798 229 831 253 s.
867 227 1097 255 ALGUS'MNI
1130 230 1309 255 EPISCOPI

363 291 601 335 ambasilla
618 291 846 350 cognatio,
872 301 922 336 ut
938 293 1112 336 Domini
1133 309 1233 337 earo
1257 308 1345 337 non
1364 292 1505 337 solum
1526 292 1581 336 de
1603 290 1742 350 regia,

361 361 644 407 verumetiam
667 361 721 406 de
742 361 997 407 sacerdotali
1018 363 1149 423 stirpe
1171 372 1498 424 propagaretur.

833 484 1070 534 QUAESTIO
1101 486 1272 526 XLVIII.

420 601 554 644 INTER
576 607 728 643 caetera
753 615 852 659 quae
870 601 894 643 J
898 599 1027 659 ephte
1044 598 1225 643 mandat
1245 615 1322 659 per
1335 599 1512 643 nuntios
1529 597 1619 657 regi
1640 596 1748 642 filio-

361 686 459 715 rum
476 673 687 725 Ammon,
713 670 842 714 etiam
864 670 947 714 1100
970 668 1099 714 dicit:
1131 689 1150 713 ι(
1174 673 1329 715 Nonne
1349 685 1639 732 quaecumque
1661 669 1749 713 1133-

360 742 562 788 reditavit
598 741 678 786 tibi
711 742 900 787 Chamos
934 741 1040 786 deus
1070 751 1191 798 tuus,
1231 742 1326 787 haec
1362 741 1637 786 haereditabis
1655 758 1666 793 ;
1706 749 1750 785 et

363 831 383 855 »
419 813 564 858 omnia
582 828 873 874 quaecumque
894 811 1168 857 haereditavit
1185 813 1396 858 Dominus
1418 816 1532 858 Deus
1554 821 1701 856 noster
1725 827 1750 856 a

363 902 383 925 »
419 881 528 928 facie
548 893 715 940 vestra,
741 884 835 928 haee
851 883 1204 928 haereditabimus
1219 886 1264 928 1?
1289 902 1308 925 ))
1334 882 1463 937 Quod
1485 881 1664 943 quidam
1684 881 1750 926 la-

359 954 440 998 tini
461 954 519 998 sie
541 953 920 1014 interpretandum
938 963 1220 1014 putaverunt,
1245 963 1296 998 111
1312 954 1527 998 dicerent:
1556 972 1575 995 «
1594 955 1749 999 Nonne

358 1041 652 1086 quaecumque
669 1024 790 1069 dedit
808 1025 886 1069 tibi
908 1026 953 1069 in
970 1026 1271 1070 haereditatem
1288 1025 1476 1070 Chamos
1495 1028 1608 1069 Deus
1627 1033 1745 1078 tuus,

361 1115 381 1138 ))
418 1098 512 1141 haee
533 1096 836 1157 possidebisP»
861 1097 943 1141 Ubi
964 1097 1101 1141 videri
1123 1105 1265 1157 potest
1293 1097 1568 1141 confirmasse
1592 1095 1749 1154 Jephte

359 1169 492 1212 deum
512 1168 666 1224 istum,
692 1169 769 1229 qui
794 1177 975 1213 vocatur
996 1169 1183 1213 Chamos
1200 1204 1210 1223 ‚
1241 1167 1432 1228 potuisse
1461 1166 1627 1228 aliquid
1646 1165 1750 1210 dare

358 1240 405 1283 111
427 1239 728 1284 haereditatem
751 1239 994 1283 cultoribus
1015 1239 1116 1283 suis.
1144 1238 1332 1292 Quidam
1353 1254 1456 1283 vero
1478 1239 1538 1283 sic
1554 1238 1720 1282 habent
1735 1273 1746 1293 7

364 1330 383 1352 «
417 1313 574 1356 Nonne
603 1326 893 1371 quaecumque
921 1309 1112 1369 possedit
1134 1311 1323 1354 Chamos
1354 1310 1459 1354 deus
1491 1318 1592 1353 tuus
1613 1344 1623 1364 ,
1654 1309 1749 1353 haec

363 1400 384 1423 »
419 1381 691 1442 possidebis?
711 1401 730 1423 ))
757 1384 814 1425 Et
831 1382 915 1426 1100
948 1381 1006 1425 ita
1028 1389 1175 1436 sonat7
1207 1380 1329 1440 quasi
1363 1379 1531 1440 aliquid
1559 1379 1751 1439 potuerit

359 1452 592 1512 possidere.
620 1456 690 1497 An
712 1451 825 1497 forte
847 1452 1084 1496 secundum
1106 1452 1190 1496 hoe
1213 1450 1380 1495 dietum
1405 1459 1489 1506 est,
1525 1449 1645 1511 quod
1668 1450 1749 1494 sub

359 1522 536 1583 Angelis
559 1524 806 1568 constitut-ze
825 1532 927 1567 sunt
949 1531 1119 1582 gentes„
1139 1523 1262 1582 juxta
1281 1522 1511 1567 Canticum
1533 1522 1674 1579 Moysi
1690 1520 1750 1565 fa-

359 1596 469 1640 muli
490 1595 597 1640 Dei?
613 1595 943 1655 Numquidnam
964 1610 1067 1653 ergo
1090 1593 1161 1637 illo
1184 1593 1391 1652 Angelus,
1416 1594 1497 1638 sub
1521 1609 1609 1654 quo
1627 1603 1751 1638 erant

360 1667 438 1712 filii
460 1670 648 1712 Ammon
665 1703 675 1722 ‚
700 1668 888 1712 Chamos
909 1665 1150 1726 appellatus
1169 1668 1260 1710 est?
1282 1666 1386 1719 Quis
1403 1666 1487 1710 1100
1506 1665 1663 1710 audeat
1685 1664 1751 1710 af-

360 1740 554 1793 firmare,
587 1755 687 1784 cum
714 1738 849 1799 possit
875 1737 1057 1796 intelligi
1091 1736 1332 1782 seeundum
1370 1738 1460 1797 ejus
1498 1737 1750 1796 opinionem

361 1811 528 1856 dictum
544 1846 554 1865 ‚
581 1811 684 1872 quia
705 1811 890 1871 putabat
917 1810 1050 1855 deum
1082 1824 1210 1853 suum
1238 1810 1321 1853 1100
1343 1808 1560 1868 possidere
1576 1843 1586 1863 ,
1614 1808 1682 1852 vel
1704 1808 1751 1851 in

360 1883 673 1943 possessionem
697 1882 777 1927 sibi
797 1881 996 1926 dedisse?
1014 1880 1151 1938 Magis
1173 1888 1318 1923 autem
1338 1879 1416 1922 iste
1438 1894 1585 1923 sensus
1608 1879 1751 1923 elucet

361 1953 406 1997 in
429 1953 479 1996 iis
500 1953 642 1997 verbis
660 1989 670 2008 ‚
706 1968 805 2013 quae
840 1967 1004 2011 graecus
1032 1950 1166 1994 habet
1184 1984 1194 2004 ‚
1227 1968 1247 1991 «
1271 1952 1425 1994 Nonne
1458 1965 1749 2010 quaecumque

365 2040 385 2064 »
421 2023 696 2068 haereditavit
717 2023 796 2066 tibi
814 2023 1000 2067 Chamos
1023 2021 1130 2064 deus
1148 2029 1263 2074 tuus,
1288 2020 1382 2063 liaee
1402 2019 1708 2064 haereditabis?
1724 2037 1744 2060 ))

364 2102 414 2137 ut
433 2094 479 2138 in
496 2109 547 2138 eo
569 2093 689 2154 quod
707 2093 896 2153 positum
920 2101 982 2136 est
999 2127 1009 2147 ‚
1040 2110 1058 2132 «
1082 2091 1177 2135 Tibi
1198 2089 1465 2149 intelligatur
1487 2090 1544 2134 ita
1563 2090 1745 2144 dictum,

365 2181 413 2209 ac
441 2165 474 2209 si
498 2165 741 2210 diceretur:
766 2164 885 2209 Siout
907 2162 1079 2208 videtur
1101 2161 1196 2205 tibi.
1230 2161 1326 2204 Tibi
1344 2161 1459 2205 enim
1476 2161 1749 2206 haereditavit

363 2236 440 2296 qui
470 2236 554 2280 1100
584 2245 710 2296 putas
727 2271 737 2291 ‚
765 2251 854 2280 non
882 2233 1001 2295 quod
1028 2232 1100 2276 ille
1122 2231 1288 2292 aliquid
1309 2240 1452 2290 posset
1475 2231 1744 2275 heereditaro.

366 2307 563 2368 Denique
590 2308 635 2351 in
664 2323 715 2352 eo
743 2305 862 2367 quod
891 2304 1086 2365 sequitur
1114 2323 1122 2348 :
1159 2323 1177 2345 «
1203 2306 1260 2347 Et
1292 2303 1435 2347 onmia
1458 2318 1749 2363 quseeumque

369 2395 389 2418 »
425 2377 699 2422 haereditavit
718 2376 927 2422 Dominus
947 2379 1060 2419 Deus
1083 2384 1245 2427 noster,
1269 2392 1287 2414 »
1315 2389 1403 2418 non
1426 2372 1532 2417 dixit
1557 2392 1576 2415 «
1600 2376 1749 2417 Haere-

366 2447 519 2493 ditavit
536 2449 676 2503 nobis⁷
702 2466 722 2489 ))
749 2457 954 2508 tanquam
979 2445 1156 2495 diceret,
1187 2464 1206 2486 <a
1230 2445 1348 2489 Sicut
1365 2444 1488 2488 nobis
1506 2442 1703 2499 videtum
1723 2461 1742 2483 ))

417 2564 421 2579 ¹
446 2556 681 2597 ‚10‹1i‹·.x1-,›‘,.
708 2574 733 2577 w>
796 2557 887 2586 Dent.
915 2565 1011 2588 xxxii,
1029 2554 1058 2584 ³3.
1076 2553 1087 2592 j
1106 2557 1164 2583 iila
1189 2563 1256 2582 Lxx.
