1872 3267
16 2499 20 2649 1

20 2856 22 2881 l

20 2887 22 2905 ι

20 2987 23 3004 t

350 234 615 273 Quaesnomvs
645 237 691 265 nv
723 231 930 274 mmmm,
967 235 1048 261 Lm.
1085 235 1133 261 11.
1352 219 1431 259 231

54 313 267 348 aeternum
286 339 296 358 ‚
333 319 465 364 quem
502 304 623 350 nefas
657 303 848 349 habeant
882 301 1212 361 praetermittere
1225 334 1237 355 ‚
1266 306 1343 343 aut
1363 313 1439 342 sua

53 383 207 437 sponte
229 383 413 418 mutare.
440 373 573 418 Aliud
593 382 656 418 est
673 373 790 417 enim
807 371 927 433 quod
940 370 1190 432 praecipi-tur
1210 383 1440 433 quousque

53 440 153 500 fiat,
180 440 291 489 sicut
321 453 588 504 praeceptum
623 453 687 489 est
722 452 772 488 ut
804 442 960 503 septies
990 455 1138 485 muros
1159 439 1333 489 ‚Iericho
1355 436 1441 483 cir-

53 515 238 560 cumiret
252 530 347 559 arca
359 517 372 541 1
393 535 401 560 2
426 514 545 559 aliud
561 531 662 560 cum
677 513 927 575 praecipitur
944 513 1002 557 sic
1019 511 1238 557 observari
1257 508 1438 571 aliquid,

53 592 103 630 u't
125 583 273 629 nullus
293 585 503 630 terminus
524 585 794 646 praefiniatur
816 581 1149 637 observationis,
1183 581 1270 625 sive
1292 580 1441 640 quoti-

54 655 144 711 die,
165 655 252 700 sive
274 671 352 715 per
378 671 544 704 menses
559 691 570 711 ‚
594 657 682 699 sive
709 671 787 716 per
809 669 944 699 annos
965 651 1232 706 solemniter,
1256 650 1345 695 sive
1366 664 1444 710 per

53 727 295 772 multorum
322 727 391 771 vel
425 727 671 789 aliquorum
697 742 912 772 annorum
943 735 1055 771 certa
1085 721 1328 768 intervalla.
1353 725 1443 767 Aut

54 814 156 858 ergo
174 798 233 843 sic
251 797 484 858 appellavit
497 807 727 854 aeternum,
743 795 864 860 quod
883 812 971 841 non
989 811 1064 841 sua
1081 802 1236 856 sponte
1253 791 1443 838 audeant

54 869 249 914 desinere
271 868 490 914 celebrare
514 889 524 914 :
549 879 625 914 aut
640 906 650 926 ‚
675 869 787 914 sicut
807 868 916 925 dixi,
937 876 987 912 ut
1004 883 1094 912 non
1112 866 1203 928 ipsa
1226 864 1348 925 signa
1371 879 1441 908 re-

55 955 167 997 rum,
191 942 268 986 sed
284 956 351 986 res
368 956 467 1002 quae
487 941 537 986 iis
559 936 860 1001 'significantur
876 947 1051 983 aeternae
1065 935 1380 997 intelligantur.

551 1049 788 1100 QUAESTIO
820 1049 953 1105 XLm

118 1173 138 1195 «
173 1156 236 1197 ET
260 1152 400 1198 lactus
422 1162 486 1197 est
504 1152 668 1196 elamor
688 1165 871 1210 magnus
898 1149 944 1193 in
970 1144 1083 1193 terra
1113 1149 1320 1207 AEgypto.
1343 1149 1442 1193 Non

0 1249 1 1253 =
59 1240 80 1265 »
114 1224 229 1267 enim
251 1233 343 1267 erat
374 1223 529 1267 domus
557 1224 603 1266 in
634 1238 721 1282 qua
743 1236 834 1265 non
855 1221 1016 1265 eratin
1053 1236 1101 1264 ea
1138 1222 1382 1263 mortuus2.
1418 1237 1439 1259 »

55 1297 209 1354 Nonne
257 1294 401 1354 potuit
434 1309 523 1337 esse
557 1293 702 1353 aliqua
739 1291 895 1336 domus
917 1327 928 1346 ‚
969 1306 1068 1351 quae
1104 1290 1443 1350 primogenitum

55 1382 144 1410 non
165 1367 372 1410 haberet?
392 1368 505 1410 Cum
530 1380 633 1424 ergo
661 1364 939 1425 primogeniti
966 1361 1274 1408 tantummodo
1297 1376 1443 1405 more-

0 1464 1 1475 κ
56 1447 222 1493 rentur,
239 1436 462 1498 quomodo
484 1435 606 1481 nulla
628 1446 735 1491 erat,
759 1452 858 1496 quae
877 1451 966 1480 non
986 1435 1170 1479 haberet
1192 1434 1444 1479 mortuum?

0 1535 2 1551 .
55 1511 124 1553 An
148 1518 191 1553 et
212 1509 296 1553 hoc
318 1508 526 1552 divinitus
545 1507 818 1567 praescientia
851 1507 928 1551 Dei
963 1504 1106 1550 fuerat
1132 1501 1441 1564 procuratum,

55 1587 106 1639 ut
133 1579 178 1622 in
214 1579 417 1625 omnibus
450 1578 629 1622 omnino
652 1587 794 1622 essent
814 1576 1018 1623 domibus
1056 1575 1362 1636 primogeniti,
1398 1576 1444 1619 in

55 1649 214 1710 quibus
243 1657 576 1710 percuterentur
607 1648 834 1708 AEgyptii?
865 1648 934 1692 Ab
963 1648 1045 1692 hac
1068 1663 1170 1692 sane
1203 1645 1330 1706 plaga
1352 1662 1443 1691 non

54 1720 237 1781 putandi
261 1729 364 1764 sunt
391 1720 606 1764 immunes
629 1718 756 1764 fuisse
778 1719 973 1779 AEgyptii
991 1755 1002 1774 ,
1028 1719 1105 1779 qui
1123 1718 1382 1763 habitabant
1396 1717 1443 1761 in

57 1784 176 1844 terra
190 1793 350 1835 Gessen
375 1810 384 1835 ε
410 1790 639 1835 hominum
661 1790 824 1850 quippe
846 1799 953 1845 erat,
974 1789 1044 1834 vel
1065 1789 1335 1843 animalium,
1351 1805 1442 1833 non

12 1899 16 1904 ,
57 1852 211 1908 terrae:
249 1862 295 1906 id
316 1871 405 1916 est,
430 1862 628 1907 homines
660 1870 704 1905 et
731 1861 934 1906 animalia
962 1860 1248 1920 primogenita
1280 1860 1445 1904 morie-

56 1934 215 1978 bantur
237 1932 411 1991 oeeulto
435 1942 478 1978 et
495 1932 690 1990 angelico
712 1947 942 1992 percussu,
970 1947 1060 1976 non
1079 1930 1246 1992 aliquid
1267 1932 1311 1975 in
1330 1941 1443 1976 terra

57 2004 126 2050 vel
146 2006 192 2053 in
212 2003 324 2050 coelo
345 2003 511 2048 factum
535 2013 650 2057 erat,
675 2003 788 2048 sicut
810 2019 913 2047 rana
934 2001 1003 2047 vel
1026 2003 1209 2056 locusta,
1233 2001 1305 2047 vel
1327 2012 1446 2047 tene-

57 2075 166 2130 brae,
197 2075 313 2119 unde
336 2075 413 2135 qui
434 2073 722 2129 habitabant,
750 2074 1059 2131 affligerentur.
1085 2077 1122 2117 Α
1145 2072 1306 2117 talibus
1326 2074 1443 2117 enim

59 2145 190 2206 plagis
207 2161 307 2190 cum
333 2155 443 2189 terra
468 2146 629 2188 Gessen
654 2143 803 2188 suisset
826 2143 988 2200 aliena,
1009 2143 1164 2204 procul
1186 2144 1322 2187 dubio
1340 2160 1441 2204 per-

59 2217 256 2260 veniebat
277 2216 539 2260 beneficium
558 2214 611 2259 ad
634 2230 705 2259 eos
722 2214 948 2274 AEgyptios
965 2251 975 2270 ‚
997 2214 1072 2275 qui
1089 2214 1135 2258 in
1153 2214 1306 2258 eadem
1328 2223 1440 2258 terra

56 2301 154 2330 cum
175 2287 369 2330 Hebraeis
398 2285 714 2330 morabantur:
742 2286 824 2330 hac
844 2301 948 2331 vero
981 2285 1260 2346 primogeniti
1289 2300 1441 2330 eorum

59 2371 204 2402 omnes
225 2357 415 2417 percussi
437 2366 552 2401 sunt.

105 2459 114 2476 ¹
129 2454 222 2486 JosuG
237 2465 281 2494 Vl,
300 2453 330 2486 3,
346 2471 388 2476 -
407 2461 420 2476 2
439 2453 537 2485 Exod.
564 2464 620 2493 xu,
642 2452 696 2484 30.
