1872 3267
387 176 468 213 518
818 188 851 217 s.
889 185 1120 218 AUGUSTINI
1152 190 1332 217 EPISCOPI

878 259 1114 308 QUAESTIO
1146 260 1280 298 XLVI.

444 367 465 391 «
493 351 538 393 S1
563 357 709 393 autem
738 349 1031 394 habitaverint
1059 349 1210 395 fratres
1237 351 1283 394 in
1312 365 1472 406 unum,
1498 358 1541 394 et
1565 358 1761 394 mortuus
1825 409 1829 413 ⁵

384 435 406 461 »
442 418 572 463 fuerit
590 435 704 463 unus
723 435 775 463 ex
794 420 875 475 eis,
901 435 1047 465 semen
1068 431 1212 465 autem
1229 437 1317 466 non
1335 420 1466 465 fuerit
1482 422 1544 477 θί,
1568 436 1657 465 non
1679 420 1762 466 erit
1825 426 1829 467 i
1853 441 1856 445 ·

386 507 407 530 »
442 505 552 533 uxor
573 488 770 544 defuncti
792 488 889 534 foris
909 506 999 535 non
1019 492 1314 551 appropianti:
1343 490 1475 536 frater
1495 491 1576 537 viri
1596 492 1686 551 ejus
1698 491 1763 534 in·

381 578 402 601 »
438 561 571 605 trabit
593 561 646 604 ad
671 576 787 616 eam,
820 571 863 606 et
883 562 1065 621 accipiet
1082 578 1176 606 eam
1194 563 1275 607 sibi
1299 578 1472 606 uxorem
1486 598 1497 618 ,
1519 571 1561 606 θῖ
1578 561 1760 606 cohabi-

383 649 404 672 »
441 631 550 676 tabit
570 632 623 676 ei.
646 636 701 676 Et
723 633 826 687 erit,
860 632 1003 678 infans
1031 633 1296 694 quicumque
1318 643 1444 680 natus
1468 632 1602 678 fuerit
1617 668 1627 688 ‚
1652 648 1761 679 con-

346 744 350 748 ,
381 719 401 744 »
436 702 640 749 stituetur
663 718 713 748 cx
734 702 929 747 defuncti
951 704 1148 758 nomine,
1175 713 1218 747 et
1243 719 1332 750 non
1354 702 1571 749 delebitur
1602 718 1763 749 nomen

382 790 402 814 »
438 775 529 833 ejus
547 789 597 816 ex
618 773 749 818 Israel
766 776 796 817 ¹.
826 792 846 815 »
871 773 1055 819 Videtur
1072 775 1155 819 hoc
1174 775 1426 834 praecepisse
1444 777 1533 820 Lex
1551 773 1605 818 de
1622 772 1764 819 fratris

380 859 513 892 uxore
536 842 740 891 ducenda
756 879 767 901 ,
793 860 881 891 non
899 846 957 888 ob
980 844 1121 900 aliud,
1144 845 1226 889 nisi
1247 854 1297 890 ut
1311 860 1459 891 semen
1481 844 1656 889 suscitet
1672 844 1762 891 fra-

378 915 449 970 tri,
469 915 544 977 qui
561 915 651 964 sine
672 915 820 963 liberis
837 914 1072 964 defunctus
1095 925 1173 961 est-
1192 916 1321 970 Quod
1341 925 1486 961 autem
1503 916 1582 962 ait:
1603 935 1623 959 «
1642 917 1762 961 Con·
1828 975 1830 977 Ι

383 1003 403 1026 »
438 985 641 1034 stituetur
665 1001 716 1031 ex
737 985 935 1033 defuncti
960 987 1158 1043 nomine,
1188 997 1232 1032 et
1251 1003 1340 1032 non
1362 986 1579 1033 delebitur
1602 1002 1762 1033 nomen

384 1075 404 1098 »
440 1058 532 1119 ejus
553 1073 605 1101 ex
627 1057 779 1113 lsrael,
798 1077 818 1101 »
840 1057 886 1103 id
899 1068 977 1113 est,
1001 1074 1163 1104 nomen
1183 1057 1402 1116 defuncti3
1421 1074 1473 1102 ex
1492 1059 1576 1103 hoc
1591 1058 1764 1102 videtur

377 1126 565 1182 dictum,
589 1137 639 1175 ut
665 1127 738 1172 ille
765 1128 840 1189 qui
858 1129 1063 1184 nascitur,
1089 1129 1171 1173 hoc
1193 1129 1368 1174 nomine
1390 1128 1649 1189 appelletur,
1674 1144 1763 1189 quo

378 1198 680 1260 appellabatur
700 1199 957 1254 defunctus,
991 1200 1062 1244 cui
1088 1200 1279 1261 quodam
1313 1201 1445 1245 modo
1478 1210 1759 1260 propagatur.

377 1270 502 1316 Unde
524 1271 650 1318 nobis
670 1271 810 1318 visum
833 1281 894 1317 est
917 1272 1052 1330 magis
1073 1272 1314 1325 secundum
1337 1272 1580 1331 adoptionis
1597 1287 1762 1316 morem

376 1341 541 1387 solvere
558 1341 603 1387 in
622 1342 857 1400 Evangelio
879 1343 1165 1402 quaestionem
1188 1342 1242 1385 de
1271 1341 1443 1386 duobus
1465 1343 1660 1402 partibus
1683 1345 1760 1388 Jo-

377 1413 499 1472 seph,
523 1428 711 1474 quorum
730 1428 867 1457 unum
885 1421 1197 1459 commemorat
1215 1413 1463 1468 Matthaeus,
1484 1428 1584 1456 eum
1601 1412 1763 1458 scilicet

374 1484 451 1543 qui
475 1483 626 1542 genuit
649 1484 809 1542 Joseph
827 1518 837 1538 ‚
863 1482 1048 1527 alterum
1070 1487 1234 1537 Lucas,
1261 1498 1361 1528 eum
1384 1485 1506 1543 cujus
1535 1483 1648 1527 filius
1672 1492 1763 1528 erat

375 1554 562 1613 Joseph⁴2
588 1574 596 1598 :
627 1554 833 1614 quoniam
857 1552 1018 1597 nullius
1037 1569 1189 1598 eorum
1211 1569 1373 1597 nomen
1394 1554 1554 1612 Joseph
1577 1553 1757 1613 accepit.

373 1624 463 1670 Nisi
481 1623 592 1668 forte
613 1625 694 1668 hoc
723 1624 890 1668 dictum
913 1634 1001 1680 θεῖ,
1033 1644 1052 1667 «
1075 1624 1373 1669 Constituetur
1396 1640 1447 1667 ex
1465 1623 1661 1668 defuncti
1678 1640 1761 1668 no-

378 1714 397 1736 »
434 1695 550 1738 mine
568 1731 578 1751 ,
605 1712 694 1740 11011
715 1705 765 1739 ut
782 1697 871 1755 ejus
895 1710 1056 1739 nomen
1085 1695 1267 1754 accipiat
1284 1729 1294 1748 ‚
1319 1694 1395 1738 sed
1423 1703 1473 1737 ut
1495 1710 1546 1737 ex
1569 1695 1659 1753 ejus
1681 1709 1762 1738 no-

374 1767 513 1820 mine,
539 1784 558 1806 »
584 1766 629 1810 id
646 1775 733 1821 est,
760 1776 971 1826 tanquam
991 1765 1103 1809 filius
1119 1800 1130 1820 ,
1156 1781 1245 1808 11011
1267 1765 1357 1824 ejus
1375 1765 1502 1824 cujus
1518 1764 1681 1808 semine
1699 1773 1761 1809 est

373 1837 568 1895 genitus⁷
606 1837 681 1880 sed
710 1836 824 1880 illius
858 1835 1077 1890 defuncti,
1110 1835 1179 1879 cui
1208 1850 1354 1878 semen
1383 1835 1636 1878 suscitatum
1673 1844 1756 1890 est,

370 1908 508 1951 haeres
538 1907 840 1950 constituatur.
880 1906 1010 1959 Quod
1044 1907 1158 1949 enim
1183 1904 1382 1949 additum
1410 1915 1498 1959 est,
1541 1924 1560 1948 «
1585 1908 1642 1948 Et
1671 1921 1762 1949 non

376 1995 395 2018 »
431 1976 649 2021 delebitur
683 1992 842 2019 nomen
874 1982 963 2033 ejus
987 1992 1037 2020 ex
1061 1974 1191 2019 Israel
1208 2010 1218 2029 ‚
1250 1993 1270 2016 n
1297 1984 1439 2034 potest
1465 1975 1524 2018 ita
1551 1974 1757 2033 intelligi,

373 2062 461 2095 non
496 2046 617 2106 quod
646 2062 805 2090 nomen
834 2048 924 2106 ejus
958 2062 1064 2105 puer
1092 2054 1409 2105 consequenter
1443 2045 1649 2105 accipiat3
1685 2044 1760 2090 sed

371 2116 493 2178 quod
512 2116 584 2160 ille
606 2133 693 2161 non
724 2118 814 2161 sine
838 2117 1087 2176 posteritate
1115 2127 1312 2161 mortuus
1341 2132 1431 2160 esse
1452 2116 1687 2172 videbitur,
1717 2126 1760 2161 et

370 2188 470 2232 ideo
485 2196 707 2247 permanet
729 2188 819 2247 ejus
843 2202 1018 2241 nomen,
1035 2188 1117 2231 hoc
1133 2196 1209 2243 est,
1230 2187 1449 2231 memoria.
1474 2189 1623 2247 Neque
1643 2187 1758 2230 enim

372 2258 537 2305 etiamsi
558 2258 647 2318 ipse
674 2258 810 2302 filium
837 2258 1073 2316 genuisset,
1100 2274 1260 2303 nomen
1282 2273 1409 2302 suum
1441 2257 1480 2300 ei
1509 2256 1652 2302 fuerat
1674 2257 1758 2302 im·-

370 2329 611 2387 positurus,
637 2338 686 2372 ut
704 2344 863 2373 nomen
885 2329 974 2387 ejus
998 2344 1086 2371 11011
1109 2327 1326 2372 deleretur
1349 2343 1399 2371 ex
1424 2326 1553 2371 Israel
1578 2347 1586 2372 :
1612 2326 1686 2371 sed
1706 2342 1757 2371 ex

371 2399 455 2444 hoc
483 2399 635 2459 utique
664 2415 752 2444 11011
781 2398 1012 2453 deleretur,
1049 2399 1150 2459 quia
1181 2414 1268 2443 non
1295 2398 1386 2442 sine
1413 2397 1560 2441 liberis
1591 2413 1641 2440 ex
1672 2397 1752 2441 hac

426 2489 432 2503 ¹
452 2485 543 2513 Dent.
566 2494 643 2524 xxv,
665 2484 695 2523 Γ),
715 2485 746 2514 (ἱ.
768 2500 808 2505 --
836 2490 846 2504 Ἰ
873 2485 915 2513 Do
930 2494 1080 2513 coffinum
1102 2485 1218 2521 Evaug.
1241 2482 1294 2512 lib.
1313 2493 1346 2522 n,
1372 2492 1401 2511 c.
1421 2481 1450 2511 3.
1471 2481 1579 2513 Mnuh.
1598 2493 1629 2522 ι,
1655 2480 1704 2522 16,
1722 2485 1754 2511 ct

379 2540 451 2569 Luv.
476 2551 520 2575 111,
542 2540 595 2570 123.
