<?xml version="1.0" encoding="UTF-8"?>
<!DOCTYPE html PUBLIC "-//W3C//DTD XHTML 1.0 Transitional//EN"
    "http://www.w3.org/TR/xhtml1/DTD/xhtml1-transitional.dtd">
<html xmlns="http://www.w3.org/1999/xhtml" xml:lang="en" lang="en">
 <head>
  <title>
</title>
<meta http-equiv="Content-Type" content="text/html;charset=utf-8" />
  <meta name='ocr-system' content='tesseract 3.04.00' />
  <meta name='ocr-capabilities' content='ocr_page ocr_carea ocr_par ocr_line ocrx_word'/>
</head>
<body>
  <div class='ocr_page' id='page_1' title='image "./operaomniaaccura06auguuoft_0085.png"; bbox 0 0 1872 3267; ppageno 0'>
   <div class='ocr_carea' id='block_1_1' title="bbox 378 261 1479 311">
    <p class='ocr_par' dir='ltr' id='par_1_1' title="bbox 378 261 1479 311">
     <span class='ocr_line' id='line_1_1' title="bbox 378 261 1479 311; baseline -0.001 -10"><span class='ocrx_word' id='word_1_1' title='bbox 378 273 638 302; x_wconf 79' lang='lat' dir='ltr'><strong>LOCUTIONES</strong></span> <span class='ocrx_word' id='word_1_2' title='bbox 670 273 724 300; x_wconf 79' lang='lat' dir='ltr'>m:</span> <span class='ocrx_word' id='word_1_3' title='bbox 755 273 974 311; x_wconf 69' lang='lat' dir='ltr'>nummus,</span> <span class='ocrx_word' id='word_1_4' title='bbox 1010 273 1093 301; x_wconf 77' lang='lat' dir='ltr'>un.</span> <span class='ocrx_word' id='word_1_5' title='bbox 1129 274 1188 300; x_wconf 90' lang='lat' dir='ltr'>1v.</span> <span class='ocrx_word' id='word_1_6' title='bbox 1423 261 1479 301; x_wconf 87' lang='lat'>75</span> 
     </span>
    </p>
   </div>
   <div class='ocr_carea' id='block_1_2' title="bbox 79 337 1480 2527">
    <p class='ocr_par' dir='ltr' id='par_1_2' title="bbox 85 337 1480 1323">
     <span class='ocr_line' id='line_1_2' title="bbox 93 337 1480 399; baseline 0.001 -17"><span class='ocrx_word' id='word_1_7' title='bbox 93 338 210 382; x_wconf 87' lang='lat' dir='ltr'>enim</span> <span class='ocrx_word' id='word_1_8' title='bbox 230 337 358 385; x_wconf 89' lang='lat' dir='ltr'>simul</span> <span class='ocrx_word' id='word_1_9' title='bbox 381 339 438 383; x_wconf 88' lang='lat' dir='ltr'>ita</span> <span class='ocrx_word' id='word_1_10' title='bbox 460 338 546 384; x_wconf 88' lang='lat' dir='ltr'>dici</span> <span class='ocrx_word' id='word_1_11' title='bbox 568 347 726 398; x_wconf 88' lang='lat' dir='ltr'>posset:</span> <span class='ocrx_word' id='word_1_12' title='bbox 748 338 944 383; x_wconf 85' lang='lat' dir='ltr'>exorabit</span> <span class='ocrx_word' id='word_1_13' title='bbox 961 352 1150 383; x_wconf 86' lang='lat' dir='ltr'>exorare.</span> <span class='ocrx_word' id='word_1_14' title='bbox 1177 340 1234 382; x_wconf 90' lang='lat' dir='ltr'>Et</span> <span class='ocrx_word' id='word_1_15' title='bbox 1250 337 1341 394; x_wconf 86' lang='lat' dir='ltr'>illa,</span> <span class='ocrx_word' id='word_1_16' title='bbox 1357 338 1480 399; x_wconf 90' lang='lat' dir='ltr'>quod</span> 
     </span>
     <span class='ocr_line' id='line_1_3' title="bbox 93 406 1480 469; baseline 0 -15"><span class='ocrx_word' id='word_1_17' title='bbox 93 424 116 454; x_wconf 88' lang='lat' dir='ltr'>a</span> <span class='ocrx_word' id='word_1_18' title='bbox 139 406 365 456; x_wconf 87' lang='lat' dir='ltr'>foeminino</span> <span class='ocrx_word' id='word_1_19' title='bbox 379 424 535 467; x_wconf 78' lang='lat' dir='ltr'><strong>genere</strong></span> <span class='ocrx_word' id='word_1_20' title='bbox 551 409 763 469; x_wconf 86' lang='lat' dir='ltr'>incipiens</span> <span class='ocrx_word' id='word_1_21' title='bbox 786 408 841 453; x_wconf 89' lang='lat' dir='ltr'>ad</span> <span class='ocrx_word' id='word_1_22' title='bbox 861 408 1153 454; x_wconf 85' lang='lat' dir='ltr'>masculinum</span> <span class='ocrx_word' id='word_1_23' title='bbox 1171 408 1338 453; x_wconf 79' lang='lat' dir='ltr'>clausit.</span> <span class='ocrx_word' id='word_1_24' title='bbox 1366 411 1480 455; x_wconf 91' lang='lat' dir='ltr'>Cum</span> 
     </span>
     <span class='ocr_line' id='line_1_4' title="bbox 91 478 1478 539; baseline 0 -16"><span class='ocrx_word' id='word_1_25' title='bbox 91 479 207 524; x_wconf 86' lang='lat' dir='ltr'>enim</span> <span class='ocrx_word' id='word_1_26' title='bbox 229 480 423 535; x_wconf 81' lang='lat' dir='ltr'>dixisset,</span> <span class='ocrx_word' id='word_1_27' title='bbox 453 498 473 523; x_wconf 87' lang='lat'>«</span> <span class='ocrx_word' id='word_1_28' title='bbox 500 479 543 527; x_wconf 88' lang='lat' dir='ltr'>Si</span> <span class='ocrx_word' id='word_1_29' title='bbox 565 479 707 525; x_wconf 85' lang='lat' dir='ltr'>anima</span> <span class='ocrx_word' id='word_1_30' title='bbox 729 495 816 525; x_wconf 87' lang='lat' dir='ltr'>una</span> <span class='ocrx_word' id='word_1_31' title='bbox 838 479 1105 539; x_wconf 67' lang='lat' dir='ltr'>peccaverit,</span> <span class='ocrx_word' id='word_1_32' title='bbox 1134 497 1152 520; x_wconf 86' lang='lat'>»</span> <span class='ocrx_word' id='word_1_33' title='bbox 1179 478 1394 524; x_wconf 88' lang='lat' dir='ltr'><strong>conclusit</strong></span> <span class='ocrx_word' id='word_1_34' title='bbox 1417 478 1478 523; x_wconf 89' lang='lat' dir='ltr'>di-</span> 
     </span>
     <span class='ocr_line' id='line_1_5' title="bbox 90 550 1476 610; baseline 0.001 -16"><span class='ocrx_word' id='word_1_35' title='bbox 90 565 206 605; x_wconf 88' lang='lat' dir='ltr'>cens,</span> <span class='ocrx_word' id='word_1_36' title='bbox 237 569 256 591; x_wconf 91' lang='lat'>«</span> <span class='ocrx_word' id='word_1_37' title='bbox 273 566 448 595; x_wconf 86' lang='lat' dir='ltr'>exorare</span> <span class='ocrx_word' id='word_1_38' title='bbox 460 566 539 610; x_wconf 92' lang='lat' dir='ltr'>pro</span> <span class='ocrx_word' id='word_1_39' title='bbox 551 566 602 595; x_wconf 90' lang='lat' dir='ltr'>eo</span> <span class='ocrx_word' id='word_1_40' title='bbox 623 571 634 608; x_wconf 82' lang='lat'>3</span> <span class='ocrx_word' id='word_1_41' title='bbox 657 569 678 591; x_wconf 84' lang='lat'>»</span> <span class='ocrx_word' id='word_1_42' title='bbox 703 550 780 594; x_wconf 92' lang='lat' dir='ltr'>ubi</span> <span class='ocrx_word' id='word_1_43' title='bbox 803 550 1076 610; x_wconf 80' lang='lat' dir='ltr'>intelligitur,</span> <span class='ocrx_word' id='word_1_44' title='bbox 1102 565 1182 610; x_wconf 92' lang='lat' dir='ltr'>pro</span> <span class='ocrx_word' id='word_1_45' title='bbox 1204 565 1256 594; x_wconf 92' lang='lat' dir='ltr'>eo</span> <span class='ocrx_word' id='word_1_46' title='bbox 1273 550 1476 595; x_wconf 85' lang='lat' dir='ltr'>homine:</span> 
     </span>
     <span class='ocr_line' id='line_1_6' title="bbox 90 620 1479 682; baseline -0.001 -15"><span class='ocrx_word' id='word_1_47' title='bbox 90 637 191 667; x_wconf 86' lang='lat' dir='ltr'>nam</span> <span class='ocrx_word' id='word_1_48' title='bbox 208 630 252 666; x_wconf 88' lang='lat' dir='ltr'>et</span> <span class='ocrx_word' id='word_1_49' title='bbox 269 621 390 682; x_wconf 90' lang='lat' dir='ltr'>quod</span> <span class='ocrx_word' id='word_1_50' title='bbox 409 621 622 682; x_wconf 82' lang='lat' dir='ltr'>adjunxit,</span> <span class='ocrx_word' id='word_1_51' title='bbox 648 641 668 664; x_wconf 91' lang='lat'>«</span> <span class='ocrx_word' id='word_1_52' title='bbox 704 631 747 666; x_wconf 92' lang='lat' dir='ltr'>et</span> <span class='ocrx_word' id='word_1_53' title='bbox 763 621 1008 667; x_wconf 77' lang='lat' dir='ltr'>dimittetur</span> <span class='ocrx_word' id='word_1_54' title='bbox 1026 621 1088 677; x_wconf 89' lang='lat' dir='ltr'>ei,</span> <span class='ocrx_word' id='word_1_55' title='bbox 1108 639 1128 663; x_wconf 91' lang='lat'>»</span> <span class='ocrx_word' id='word_1_56' title='bbox 1154 622 1200 665; x_wconf 93' lang='lat' dir='ltr'>in</span> <span class='ocrx_word' id='word_1_57' title='bbox 1222 620 1357 665; x_wconf 92' lang='lat' dir='ltr'>latino</span> <span class='ocrx_word' id='word_1_58' title='bbox 1376 622 1479 682; x_wconf 86' lang='lat' dir='ltr'>qui-</span> 
     </span>
     <span class='ocr_line' id='line_1_7' title="bbox 89 691 1477 753; baseline -0.001 -16"><span class='ocrx_word' id='word_1_59' title='bbox 89 691 190 738; x_wconf 90' lang='lat' dir='ltr'>dem</span> <span class='ocrx_word' id='word_1_60' title='bbox 211 708 303 737; x_wconf 91' lang='lat' dir='ltr'>non</span> <span class='ocrx_word' id='word_1_61' title='bbox 321 703 520 753; x_wconf 87' lang='lat' dir='ltr'>apparet,</span> <span class='ocrx_word' id='word_1_62' title='bbox 542 692 645 753; x_wconf 86' lang='lat' dir='ltr'>quia</span> <span class='ocrx_word' id='word_1_63' title='bbox 662 693 745 737; x_wconf 88' lang='lat' dir='ltr'>hoe</span> <span class='ocrx_word' id='word_1_64' title='bbox 762 708 1007 752; x_wconf 80' lang='lat' dir='ltr'>pronomen</span> <span class='ocrx_word' id='word_1_65' title='bbox 1030 692 1196 750; x_wconf 83' lang='lat' dir='ltr'>generis</span> <span class='ocrx_word' id='word_1_66' title='bbox 1219 692 1361 736; x_wconf 90' lang='lat' dir='ltr'>omnis</span> <span class='ocrx_word' id='word_1_67' title='bbox 1390 701 1477 751; x_wconf 80' lang='lat' dir='ltr'>est3</span> 
     </span>
     <span class='ocr_line' id='line_1_8' title="bbox 89 762 1480 824; baseline -0.001 -16"><span class='ocrx_word' id='word_1_68' title='bbox 89 763 164 809; x_wconf 91' lang='lat' dir='ltr'>sed</span> <span class='ocrx_word' id='word_1_69' title='bbox 187 764 232 809; x_wconf 94' lang='lat' dir='ltr'>in</span> <span class='ocrx_word' id='word_1_70' title='bbox 261 780 402 824; x_wconf 83' lang='lat' dir='ltr'>graeco</span> <span class='ocrx_word' id='word_1_71' title='bbox 421 763 710 810; x_wconf 82' lang='lat' dir='ltr'>masculinum</span> <span class='ocrx_word' id='word_1_72' title='bbox 733 762 876 810; x_wconf 88' lang='lat' dir='ltr'>elucet</span> <span class='ocrx_word' id='word_1_73' title='bbox 903 784 912 809; x_wconf 91' lang='grc'>;</span> <span class='ocrx_word' id='word_1_74' title='bbox 941 763 1018 808; x_wconf 90' lang='lat' dir='ltr'>ubi</span> <span class='ocrx_word' id='word_1_75' title='bbox 1055 762 1190 807; x_wconf 86' lang='lat' dir='ltr'>habet</span> <span class='ocrx_word' id='word_1_76' title='bbox 1218 771 1327 819; x_wconf 75' lang='grc' dir='ltr'>αὐτῷ,</span> <span class='ocrx_word' id='word_1_77' title='bbox 1357 762 1480 824; x_wconf 89' lang='lat' dir='ltr'>quod</span> 
     </span>
     <span class='ocr_line' id='line_1_9' title="bbox 88 833 1480 896; baseline 0 -16"><span class='ocrx_word' id='word_1_78' title='bbox 88 836 159 880; x_wconf 90' lang='lat' dir='ltr'>hic</span> <span class='ocrx_word' id='word_1_79' title='bbox 181 837 371 896; x_wconf 89' lang='lat' dir='ltr'>positum</span> <span class='ocrx_word' id='word_1_80' title='bbox 392 845 456 880; x_wconf 89' lang='lat' dir='ltr'>est</span> <span class='ocrx_word' id='word_1_81' title='bbox 471 871 483 891; x_wconf 93' lang='lat'>,</span> <span class='ocrx_word' id='word_1_82' title='bbox 520 856 540 878; x_wconf 70' lang='grc' dir='ltr'>α</span> <span class='ocrx_word' id='word_1_83' title='bbox 566 836 620 880; x_wconf 87' lang='lat' dir='ltr'>ei.</span> <span class='ocrx_word' id='word_1_84' title='bbox 649 854 669 877; x_wconf 87' lang='lat'>»</span> <span class='ocrx_word' id='word_1_85' title='bbox 696 835 826 890; x_wconf 86' lang='lat' dir='ltr'>Quod</span> <span class='ocrx_word' id='word_1_86' title='bbox 845 851 948 881; x_wconf 89' lang='lat' dir='ltr'>vero</span> <span class='ocrx_word' id='word_1_87' title='bbox 970 835 1041 880; x_wconf 88' lang='lat' dir='ltr'>hic</span> <span class='ocrx_word' id='word_1_88' title='bbox 1062 833 1232 879; x_wconf 86' lang='lat' dir='ltr'>dictum</span> <span class='ocrx_word' id='word_1_89' title='bbox 1254 843 1334 890; x_wconf 88' lang='lat' dir='ltr'>est,</span> <span class='ocrx_word' id='word_1_90' title='bbox 1363 850 1480 895; x_wconf 87' lang='lat' dir='ltr'>«pro</span> 
     </span>
     <span class='ocr_line' id='line_1_10' title="bbox 87 905 1479 967; baseline 0.001 -17"><span class='ocrx_word' id='word_1_91' title='bbox 87 907 230 951; x_wconf 87' lang='lat' dir='ltr'>anima</span> <span class='ocrx_word' id='word_1_92' title='bbox 259 907 416 963; x_wconf 88' lang='lat' dir='ltr'>invita,</span> <span class='ocrx_word' id='word_1_93' title='bbox 446 926 465 951; x_wconf 67' lang='grc' dir='ltr'><strong><em>η</em></strong></span> <span class='ocrx_word' id='word_1_94' title='bbox 501 906 760 965; x_wconf 83' lang='lat' dir='ltr'>intelligitur</span> <span class='ocrx_word' id='word_1_95' title='bbox 792 922 892 967; x_wconf 82' lang='lat' dir='ltr'>quoe</span> <span class='ocrx_word' id='word_1_96' title='bbox 919 905 1055 952; x_wconf 88' lang='lat' dir='ltr'>invita</span> <span class='ocrx_word' id='word_1_97' title='bbox 1087 905 1355 965; x_wconf 88' lang='lat' dir='ltr'>peccaverit,</span> <span class='ocrx_word' id='word_1_98' title='bbox 1387 921 1479 956; x_wconf 89' lang='lat' dir='ltr'>non</span> 
     </span>
     <span class='ocr_line' id='line_1_11' title="bbox 86 977 1479 1040; baseline -0.001 -17"><span class='ocrx_word' id='word_1_99' title='bbox 86 977 208 1040; x_wconf 83' lang='lat' dir='ltr'>quod</span> <span class='ocrx_word' id='word_1_100' title='bbox 240 978 352 1024; x_wconf 88' lang='lat' dir='ltr'>nolit</span> <span class='ocrx_word' id='word_1_101' title='bbox 382 994 461 1039; x_wconf 89' lang='lat' dir='ltr'>pro</span> <span class='ocrx_word' id='word_1_102' title='bbox 491 994 536 1023; x_wconf 86' lang='lat' dir='ltr'>se</span> <span class='ocrx_word' id='word_1_103' title='bbox 561 978 723 1024; x_wconf 84' lang='lat' dir='ltr'>offerri.</span> <span class='ocrx_word' id='word_1_104' title='bbox 754 980 847 1025; x_wconf 84' lang='lat' dir='ltr'>Hoc</span> <span class='ocrx_word' id='word_1_105' title='bbox 871 978 988 1022; x_wconf 90' lang='lat' dir='ltr'>enim</span> <span class='ocrx_word' id='word_1_106' title='bbox 1006 977 1138 1022; x_wconf 88' lang='lat' dir='ltr'>etiam</span> <span class='ocrx_word' id='word_1_107' title='bbox 1155 987 1479 1038; x_wconf 87' lang='lat' dir='ltr'>consequenter</span> 
     </span>
     <span class='ocr_line' id='line_1_12' title="bbox 86 1047 1479 1110; baseline 0 -16"><span class='ocrx_word' id='word_1_108' title='bbox 86 1049 301 1110; x_wconf 83' lang='lat' dir='ltr'>exposuit,</span> <span class='ocrx_word' id='word_1_109' title='bbox 325 1065 425 1095; x_wconf 91' lang='lat' dir='ltr'>cum</span> <span class='ocrx_word' id='word_1_110' title='bbox 449 1050 523 1105; x_wconf 89' lang='lat' dir='ltr'>ait,</span> <span class='ocrx_word' id='word_1_111' title='bbox 549 1069 569 1092; x_wconf 88' lang='lat'>«</span> <span class='ocrx_word' id='word_1_112' title='bbox 588 1052 644 1095; x_wconf 87' lang='lat' dir='ltr'>Et</span> <span class='ocrx_word' id='word_1_113' title='bbox 657 1065 757 1110; x_wconf 84' lang='lat' dir='ltr'>quae</span> <span class='ocrx_word' id='word_1_114' title='bbox 771 1048 1014 1109; x_wconf 83' lang='lat' dir='ltr'>peccaverit</span> <span class='ocrx_word' id='word_1_115' title='bbox 1031 1047 1283 1097; x_wconf 79' lang='lat' dir='ltr'>nolenter.»</span> <span class='ocrx_word' id='word_1_116' title='bbox 1305 1051 1362 1094; x_wconf 91' lang='lat' dir='ltr'>Et</span> <span class='ocrx_word' id='word_1_117' title='bbox 1377 1049 1479 1094; x_wconf 88' lang='lat' dir='ltr'>ideo</span> 
     </span>
     <span class='ocr_line' id='line_1_13' title="bbox 89 1119 1478 1182; baseline 0.002 -20"><span class='ocrx_word' id='word_1_118' title='bbox 89 1121 262 1167; x_wconf 88' lang='lat' dir='ltr'>«invita</span> <span class='ocrx_word' id='word_1_119' title='bbox 280 1139 300 1163; x_wconf 89' lang='lat'>»</span> <span class='ocrx_word' id='word_1_120' title='bbox 319 1122 511 1182; x_wconf 87' lang='lat' dir='ltr'>positum</span> <span class='ocrx_word' id='word_1_121' title='bbox 523 1130 601 1176; x_wconf 82' lang='lat' dir='ltr'>est,</span> <span class='ocrx_word' id='word_1_122' title='bbox 622 1121 723 1182; x_wconf 87' lang='lat' dir='ltr'>quia</span> <span class='ocrx_word' id='word_1_123' title='bbox 745 1119 880 1165; x_wconf 90' lang='lat' dir='ltr'>latine</span> <span class='ocrx_word' id='word_1_124' title='bbox 891 1135 980 1165; x_wconf 92' lang='lat' dir='ltr'>non</span> <span class='ocrx_word' id='word_1_125' title='bbox 994 1119 1138 1179; x_wconf 86' lang='lat' dir='ltr'>potuit</span> <span class='ocrx_word' id='word_1_126' title='bbox 1157 1120 1338 1180; x_wconf 86' lang='lat' dir='ltr'>exprimi</span> <span class='ocrx_word' id='word_1_127' title='bbox 1356 1120 1478 1181; x_wconf 91' lang='lat' dir='ltr'>quod</span> 
     </span>
     <span class='ocr_line' id='line_1_14' title="bbox 85 1180 1477 1251; baseline -0.001 -15"><span class='ocrx_word' id='word_1_128' title='bbox 85 1207 224 1251; x_wconf 83' lang='lat' dir='ltr'>graece</span> <span class='ocrx_word' id='word_1_129' title='bbox 247 1191 413 1236; x_wconf 87' lang='lat' dir='ltr'>dictum</span> <span class='ocrx_word' id='word_1_130' title='bbox 436 1200 500 1236; x_wconf 91' lang='lat' dir='ltr'>est</span> <span class='ocrx_word' id='word_1_131' title='bbox 513 1200 776 1237; x_wconf 62' lang='grc' dir='ltr'>ἀκουσιασθέισης,</span> <span class='ocrx_word' id='word_1_132' title='bbox 804 1206 895 1235; x_wconf 90' lang='lat' dir='ltr'>non</span> <span class='ocrx_word' id='word_1_133' title='bbox 912 1191 1029 1237; x_wconf 87' lang='lat' dir='ltr'>enirn</span> <span class='ocrx_word' id='word_1_134' title='bbox 1051 1191 1197 1251; x_wconf 88' lang='lat' dir='ltr'>potuit</span> <span class='ocrx_word' id='word_1_135' title='bbox 1214 1180 1299 1236; x_wconf 85' lang='lat' dir='ltr'>dici</span> <span class='ocrx_word' id='word_1_136' title='bbox 1317 1190 1477 1239; x_wconf 89' lang='lat' dir='ltr'>nolen-</span> 
     </span>
     <span class='ocr_line' id='line_1_15' title="bbox 85 1260 1199 1323; baseline -0.002 -16"><span class='ocrx_word' id='word_1_137' title='bbox 85 1271 188 1318; x_wconf 83' lang='lat' dir='ltr'>tata,</span> <span class='ocrx_word' id='word_1_138' title='bbox 213 1262 282 1306; x_wconf 91' lang='lat' dir='ltr'>vel</span> <span class='ocrx_word' id='word_1_139' title='bbox 304 1261 413 1323; x_wconf 90' lang='lat' dir='ltr'>quid</span> <span class='ocrx_word' id='word_1_140' title='bbox 426 1261 544 1306; x_wconf 86' lang='lat' dir='ltr'>aliud</span> <span class='ocrx_word' id='word_1_141' title='bbox 568 1262 622 1306; x_wconf 90' lang='lat' dir='ltr'>ab</span> <span class='ocrx_word' id='word_1_142' title='bbox 641 1277 692 1306; x_wconf 91' lang='lat' dir='ltr'>eo</span> <span class='ocrx_word' id='word_1_143' title='bbox 710 1263 832 1322; x_wconf 87' lang='lat' dir='ltr'>quod</span> <span class='ocrx_word' id='word_1_144' title='bbox 855 1261 1007 1306; x_wconf 90' lang='lat' dir='ltr'>nolens</span> <span class='ocrx_word' id='word_1_145' title='bbox 1031 1260 1199 1306; x_wconf 85' lang='lat' dir='ltr'>fecerit.</span> 
     </span>
    </p>

    <p class='ocr_par' dir='ltr' id='par_1_3' title="bbox 80 1331 1477 1605">
     <span class='ocr_line' id='line_1_16' title="bbox 142 1331 1477 1393; baseline 0.001 -16"><span class='ocrx_word' id='word_1_146' title='bbox 142 1335 214 1377; x_wconf 83' lang='lat' dir='ltr'>LI.</span> <span class='ocrx_word' id='word_1_147' title='bbox 257 1334 356 1377; x_wconf 90' lang='lat' dir='ltr'>«Et</span> <span class='ocrx_word' id='word_1_148' title='bbox 386 1333 528 1376; x_wconf 87' lang='lat' dir='ltr'>anima</span> <span class='ocrx_word' id='word_1_149' title='bbox 566 1347 859 1393; x_wconf 87' lang='lat' dir='ltr'>quaecumque</span> <span class='ocrx_word' id='word_1_150' title='bbox 894 1331 1045 1376; x_wconf 84' lang='lat' dir='ltr'>feeerit</span> <span class='ocrx_word' id='word_1_151' title='bbox 1075 1333 1121 1376; x_wconf 91' lang='lat' dir='ltr'>in</span> <span class='ocrx_word' id='word_1_152' title='bbox 1153 1348 1287 1378; x_wconf 89' lang='lat' dir='ltr'>manu</span> <span class='ocrx_word' id='word_1_153' title='bbox 1321 1348 1477 1393; x_wconf 88' lang='lat' dir='ltr'>super-</span> 
     </span>
     <span class='ocr_line' id='line_1_17' title="bbox 85 1402 1477 1465; baseline 0.004 -22"><span class='ocrx_word' id='word_1_154' title='bbox 85 1420 106 1444; x_wconf 79' lang='lat'>»</span> <span class='ocrx_word' id='word_1_155' title='bbox 141 1402 242 1447; x_wconf 85' lang='lat' dir='ltr'>biae¹</span> <span class='ocrx_word' id='word_1_156' title='bbox 270 1423 278 1448; x_wconf 89' lang='lat'><strong>:</strong></span> <span class='ocrx_word' id='word_1_157' title='bbox 302 1422 322 1444; x_wconf 89' lang='lat'>»</span> <span class='ocrx_word' id='word_1_158' title='bbox 349 1403 630 1459; x_wconf 80' lang='lat' dir='ltr'>subauditur,</span> <span class='ocrx_word' id='word_1_159' title='bbox 655 1412 886 1464; x_wconf 87' lang='lat' dir='ltr'>peccatum</span> <span class='ocrx_word' id='word_1_160' title='bbox 904 1423 912 1447; x_wconf 93' lang='lat'>:</span> <span class='ocrx_word' id='word_1_161' title='bbox 931 1402 1177 1448; x_wconf 87' lang='lat' dir='ltr'>notandum</span> <span class='ocrx_word' id='word_1_162' title='bbox 1200 1403 1331 1447; x_wconf 90' lang='lat' dir='ltr'>etiam</span> <span class='ocrx_word' id='word_1_163' title='bbox 1355 1404 1477 1465; x_wconf 88' lang='lat' dir='ltr'>quod</span> 
     </span>
     <span class='ocr_line' id='line_1_18' title="bbox 81 1474 1476 1536; baseline 0.001 -18"><span class='ocrx_word' id='word_1_164' title='bbox 81 1474 166 1530; x_wconf 80' lang='lat' dir='ltr'>ait,</span> <span class='ocrx_word' id='word_1_165' title='bbox 195 1490 370 1519; x_wconf 87' lang='lat' dir='ltr'>«manu</span> <span class='ocrx_word' id='word_1_166' title='bbox 391 1474 608 1534; x_wconf 71' lang='lat' dir='ltr'>superbiae</span> <span class='ocrx_word' id='word_1_167' title='bbox 624 1510 636 1530; x_wconf 80' lang='lat'>,</span> <span class='ocrx_word' id='word_1_168' title='bbox 671 1492 691 1515; x_wconf 93' lang='lat'>»</span> <span class='ocrx_word' id='word_1_169' title='bbox 716 1489 898 1518; x_wconf 88' lang='lat' dir='ltr'>manum</span> <span class='ocrx_word' id='word_1_170' title='bbox 920 1490 1088 1534; x_wconf 89' lang='lat' dir='ltr'>ponens</span> <span class='ocrx_word' id='word_1_171' title='bbox 1114 1490 1193 1536; x_wconf 91' lang='lat' dir='ltr'>pro</span> <span class='ocrx_word' id='word_1_172' title='bbox 1228 1490 1358 1534; x_wconf 90' lang='lat' dir='ltr'>opere</span> <span class='ocrx_word' id='word_1_173' title='bbox 1387 1476 1476 1521; x_wconf 90' lang='lat' dir='ltr'>sive</span> 
     </span>
     <span class='ocr_line' id='line_1_19' title="bbox 80 1554 308 1605; baseline 0 -16"><span class='ocrx_word' id='word_1_174' title='bbox 80 1554 308 1605; x_wconf 85' lang='lat' dir='ltr'>potestate.</span> 
     </span>
    </p>

    <p class='ocr_par' dir='ltr' id='par_1_4' title="bbox 80 1615 1473 1875">
     <span class='ocr_line' id='line_1_20' title="bbox 141 1615 1473 1677; baseline 0.002 -17"><span class='ocrx_word' id='word_1_175' title='bbox 141 1619 237 1660; x_wconf 90' lang='lat' dir='ltr'><strong>LII.</strong></span> <span class='ocrx_word' id='word_1_176' title='bbox 274 1619 452 1661; x_wconf 82' lang='lat' dir='ltr'>«Morte</span> <span class='ocrx_word' id='word_1_177' title='bbox 471 1616 683 1661; x_wconf 86' lang='lat' dir='ltr'>moriatur</span> <span class='ocrx_word' id='word_1_178' title='bbox 708 1617 862 1670; x_wconf 88' lang='lat' dir='ltr'>homo,</span> <span class='ocrx_word' id='word_1_179' title='bbox 893 1615 1084 1676; x_wconf 88' lang='lat' dir='ltr'>lapidate</span> <span class='ocrx_word' id='word_1_180' title='bbox 1117 1632 1219 1661; x_wconf 90' lang='lat' dir='ltr'>eum</span> <span class='ocrx_word' id='word_1_181' title='bbox 1250 1615 1473 1677; x_wconf 80' lang='lat' dir='ltr'>lapidibus</span> 
     </span>
     <span class='ocr_line' id='line_1_21' title="bbox 83 1687 1473 1747; baseline 0.003 -20"><span class='ocrx_word' id='word_1_182' title='bbox 83 1705 104 1728; x_wconf 81' lang='lat'>»</span> <span class='ocrx_word' id='word_1_183' title='bbox 139 1687 279 1731; x_wconf 87' lang='lat' dir='ltr'>omnis</span> <span class='ocrx_word' id='word_1_184' title='bbox 300 1689 549 1745; x_wconf 79' lang='lat' dir='ltr'>synagoga²</span> <span class='ocrx_word' id='word_1_185' title='bbox 571 1706 581 1731; x_wconf 86' lang='lat'>:</span> <span class='ocrx_word' id='word_1_186' title='bbox 609 1704 629 1728; x_wconf 70' lang='grc' dir='ltr'><strong>η</strong></span> <span class='ocrx_word' id='word_1_187' title='bbox 655 1695 714 1742; x_wconf 87' lang='lat' dir='ltr'>et,</span> <span class='ocrx_word' id='word_1_188' title='bbox 744 1696 920 1730; x_wconf 87' lang='lat' dir='ltr'>«morte</span> <span class='ocrx_word' id='word_1_189' title='bbox 940 1688 1167 1742; x_wconf 88' lang='lat' dir='ltr'>moriatur,</span> <span class='ocrx_word' id='word_1_190' title='bbox 1188 1705 1208 1728; x_wconf 91' lang='lat'>»</span> <span class='ocrx_word' id='word_1_191' title='bbox 1236 1695 1294 1742; x_wconf 86' lang='lat' dir='ltr'>et,</span> <span class='ocrx_word' id='word_1_192' title='bbox 1324 1707 1344 1729; x_wconf 85' lang='lat'>«</span> <span class='ocrx_word' id='word_1_193' title='bbox 1361 1688 1473 1747; x_wconf 88' lang='lat' dir='ltr'>lapi-</span> 
     </span>
     <span class='ocr_line' id='line_1_22' title="bbox 84 1757 1471 1818; baseline 0.004 -19"><span class='ocrx_word' id='word_1_194' title='bbox 84 1776 104 1800; x_wconf 86' lang='lat'>»</span> <span class='ocrx_word' id='word_1_195' title='bbox 139 1757 240 1803; x_wconf 87' lang='lat' dir='ltr'>date</span> <span class='ocrx_word' id='word_1_196' title='bbox 260 1757 501 1818; x_wconf 85' lang='lat' dir='ltr'>lapidibus,</span> <span class='ocrx_word' id='word_1_197' title='bbox 529 1776 549 1799; x_wconf 87' lang='lat'>»</span> <span class='ocrx_word' id='word_1_198' title='bbox 575 1767 640 1813; x_wconf 90' lang='lat' dir='ltr'>et,</span> <span class='ocrx_word' id='word_1_199' title='bbox 671 1777 688 1798; x_wconf 87' lang='lat'><em>«</em></span> <span class='ocrx_word' id='word_1_200' title='bbox 707 1757 898 1817; x_wconf 88' lang='lat' dir='ltr'>lapidate</span> <span class='ocrx_word' id='word_1_201' title='bbox 920 1758 1060 1802; x_wconf 90' lang='lat' dir='ltr'>omnis</span> <span class='ocrx_word' id='word_1_202' title='bbox 1083 1774 1326 1818; x_wconf 83' lang='lat' dir='ltr'>synagoga,</span> <span class='ocrx_word' id='word_1_203' title='bbox 1356 1778 1375 1802; x_wconf 84' lang='lat'>»</span> <span class='ocrx_word' id='word_1_204' title='bbox 1401 1759 1471 1805; x_wconf 92' lang='lat' dir='ltr'>lo·-</span> 
     </span>
     <span class='ocr_line' id='line_1_23' title="bbox 80 1829 800 1875; baseline 0 -2"><span class='ocrx_word' id='word_1_205' title='bbox 80 1829 276 1875; x_wconf 83' lang='lat' dir='ltr'>cutiones</span> <span class='ocrx_word' id='word_1_206' title='bbox 298 1839 400 1874; x_wconf 88' lang='lat' dir='ltr'>sunt</span> <span class='ocrx_word' id='word_1_207' title='bbox 420 1829 639 1874; x_wconf 84' lang='lat' dir='ltr'>inusitatae</span> <span class='ocrx_word' id='word_1_208' title='bbox 658 1829 800 1874; x_wconf 89' lang='lat' dir='ltr'>nobis.</span> 
     </span>
    </p>

    <p class='ocr_par' dir='ltr' id='par_1_5' title="bbox 139 1900 1318 1961">
     <span class='ocr_line' id='line_1_24' title="bbox 139 1900 1318 1961; baseline -0.001 -17"><span class='ocrx_word' id='word_1_209' title='bbox 139 1903 256 1945; x_wconf 89' lang='lat' dir='ltr'><strong>LIII.</strong></span> <span class='ocrx_word' id='word_1_210' title='bbox 295 1920 315 1943; x_wconf 78' lang='grc' dir='ltr'>ι(</span> <span class='ocrx_word' id='word_1_211' title='bbox 336 1903 393 1945; x_wconf 90' lang='lat' dir='ltr'>Et</span> <span class='ocrx_word' id='word_1_212' title='bbox 420 1901 601 1961; x_wconf 86' lang='lat' dir='ltr'>accipite</span> <span class='ocrx_word' id='word_1_213' title='bbox 623 1901 783 1960; x_wconf 85' lang='lat' dir='ltr'>singuli</span> <span class='ocrx_word' id='word_1_214' title='bbox 806 1900 1083 1945; x_wconf 87' lang='lat' dir='ltr'>thuribulum</span> <span class='ocrx_word' id='word_1_215' title='bbox 1105 1902 1277 1946; x_wconf 64' lang='lat' dir='ltr'>suumss.</span> <span class='ocrx_word' id='word_1_216' title='bbox 1300 1920 1318 1943; x_wconf 66' lang='grc' dir='ltr'><em>η</em></span> 
     </span>
    </p>

    <p class='ocr_par' dir='ltr' id='par_1_6' title="bbox 79 1970 1469 2158">
     <span class='ocr_line' id='line_1_25' title="bbox 139 1970 1467 2032; baseline -0.001 -16"><span class='ocrx_word' id='word_1_217' title='bbox 139 1974 252 2016; x_wconf 90' lang='lat' dir='ltr'><strong>LIV.</strong></span> <span class='ocrx_word' id='word_1_218' title='bbox 277 1974 368 2016; x_wconf 88' lang='lat' dir='ltr'>«Et</span> <span class='ocrx_word' id='word_1_219' title='bbox 391 1970 711 2015; x_wconf 86' lang='lat' dir='ltr'>descenderunt</span> <span class='ocrx_word' id='word_1_220' title='bbox 729 1971 827 2031; x_wconf 89' lang='lat' dir='ltr'>ipsi,</span> <span class='ocrx_word' id='word_1_221' title='bbox 851 1981 895 2015; x_wconf 89' lang='lat' dir='ltr'>et</span> <span class='ocrx_word' id='word_1_222' title='bbox 914 1972 1060 2017; x_wconf 90' lang='lat' dir='ltr'>omnia</span> <span class='ocrx_word' id='word_1_223' title='bbox 1077 1987 1177 2032; x_wconf 80' lang='lat' dir='ltr'>quae</span> <span class='ocrx_word' id='word_1_224' title='bbox 1195 1981 1297 2016; x_wconf 88' lang='lat' dir='ltr'>sunt</span> <span class='ocrx_word' id='word_1_225' title='bbox 1318 1973 1395 2017; x_wconf 74' lang='lat' dir='ltr'>eis⁴</span> <span class='ocrx_word' id='word_1_226' title='bbox 1416 1993 1424 2018; x_wconf 90' lang='lat'><strong>:</strong></span> <span class='ocrx_word' id='word_1_227' title='bbox 1447 1993 1467 2015; x_wconf 93' lang='lat'>»</span> 
     </span>
     <span class='ocr_line' id='line_1_26' title="bbox 79 2042 1469 2103; baseline 0.002 -18"><span class='ocrx_word' id='word_1_228' title='bbox 79 2056 266 2103; x_wconf 87' lang='lat' dir='ltr'>praesens</span> <span class='ocrx_word' id='word_1_229' title='bbox 297 2042 444 2103; x_wconf 90' lang='lat' dir='ltr'>posuit</span> <span class='ocrx_word' id='word_1_230' title='bbox 464 2058 543 2103; x_wconf 91' lang='lat' dir='ltr'>pro</span> <span class='ocrx_word' id='word_1_231' title='bbox 566 2042 811 2102; x_wconf 83' lang='lat' dir='ltr'>praeterito,</span> <span class='ocrx_word' id='word_1_232' title='bbox 848 2062 868 2084; x_wconf 74' lang='grc' dir='ltr'>ι(</span> <span class='ocrx_word' id='word_1_233' title='bbox 891 2052 1015 2098; x_wconf 86' lang='lat' dir='ltr'>sunt,</span> <span class='ocrx_word' id='word_1_234' title='bbox 1038 2061 1058 2085; x_wconf 86' lang='lat'>»</span> <span class='ocrx_word' id='word_1_235' title='bbox 1096 2058 1197 2102; x_wconf 92' lang='lat' dir='ltr'>pro,</span> <span class='ocrx_word' id='word_1_236' title='bbox 1221 2053 1345 2088; x_wconf 86' lang='lat' dir='ltr'>erant</span> <span class='ocrx_word' id='word_1_237' title='bbox 1367 2077 1374 2083; x_wconf 92' lang='lat'><em>.</em></span> <span class='ocrx_word' id='word_1_238' title='bbox 1399 2044 1469 2088; x_wconf 90' lang='lat' dir='ltr'>vel</span> 
     </span>
     <span class='ocr_line' id='line_1_27' title="bbox 81 2114 275 2158; baseline 0.005 -1"><span class='ocrx_word' id='word_1_239' title='bbox 81 2114 275 2158; x_wconf 83' lang='lat' dir='ltr'>fuerunt.</span> 
     </span>
    </p>

    <p class='ocr_par' dir='ltr' id='par_1_7' title="bbox 81 2184 1470 2386">
     <span class='ocr_line' id='line_1_28' title="bbox 139 2184 1470 2245; baseline 0.001 -16"><span class='ocrx_word' id='word_1_240' title='bbox 139 2187 228 2229; x_wconf 92' lang='lat' dir='ltr'>LV.</span> <span class='ocrx_word' id='word_1_241' title='bbox 260 2204 276 2225; x_wconf 89' lang='lat'>«</span> <span class='ocrx_word' id='word_1_242' title='bbox 295 2185 503 2230; x_wconf 89' lang='lat' dir='ltr'>Etomnis</span> <span class='ocrx_word' id='word_1_243' title='bbox 528 2184 659 2229; x_wconf 79' lang='lat' dir='ltr'>Israe&#39;l</span> <span class='ocrx_word' id='word_1_244' title='bbox 681 2185 757 2245; x_wconf 88' lang='lat' dir='ltr'>qui</span> <span class='ocrx_word' id='word_1_245' title='bbox 780 2186 826 2229; x_wconf 91' lang='lat' dir='ltr'>in</span> <span class='ocrx_word' id='word_1_246' title='bbox 848 2185 1032 2230; x_wconf 87' lang='lat' dir='ltr'>circuitu</span> <span class='ocrx_word' id='word_1_247' title='bbox 1050 2201 1219 2242; x_wconf 87' lang='lat' dir='ltr'>eorum,</span> <span class='ocrx_word' id='word_1_248' title='bbox 1260 2185 1470 2244; x_wconf 81' lang='lat' dir='ltr'>fugerunt</span> 
     </span>
     <span class='ocr_line' id='line_1_29' title="bbox 83 2255 1464 2314; baseline 0.004 -19"><span class='ocrx_word' id='word_1_249' title='bbox 83 2273 103 2295; x_wconf 82' lang='lat'>»</span> <span class='ocrx_word' id='word_1_250' title='bbox 139 2271 162 2299; x_wconf 91' lang='lat' dir='ltr'>a</span> <span class='ocrx_word' id='word_1_251' title='bbox 181 2270 288 2299; x_wconf 86' lang='lat' dir='ltr'>voce</span> <span class='ocrx_word' id='word_1_252' title='bbox 301 2258 533 2300; x_wconf 77' lang='lat' dir='ltr'>eorum52»</span> <span class='ocrx_word' id='word_1_253' title='bbox 560 2255 837 2311; x_wconf 77' lang='lat' dir='ltr'>subauditur,</span> <span class='ocrx_word' id='word_1_254' title='bbox 863 2266 982 2314; x_wconf 66' lang='lat' dir='ltr'>erat,</span> <span class='ocrx_word' id='word_1_255' title='bbox 1013 2255 1057 2301; x_wconf 90' lang='lat' dir='ltr'>id</span> <span class='ocrx_word' id='word_1_256' title='bbox 1068 2267 1147 2313; x_wconf 86' lang='lat' dir='ltr'>est,</span> <span class='ocrx_word' id='word_1_257' title='bbox 1172 2257 1312 2302; x_wconf 91' lang='lat' dir='ltr'>omnis</span> <span class='ocrx_word' id='word_1_258' title='bbox 1336 2256 1464 2301; x_wconf 78' lang='lat' dir='ltr'>Israel</span> 
     </span>
     <span class='ocr_line' id='line_1_30' title="bbox 81 2327 737 2386; baseline 0.002 -16"><span class='ocrx_word' id='word_1_259' title='bbox 81 2327 163 2386; x_wconf 87' lang='lat' dir='ltr'>qui</span> <span class='ocrx_word' id='word_1_260' title='bbox 184 2335 276 2370; x_wconf 90' lang='lat' dir='ltr'>erat</span> <span class='ocrx_word' id='word_1_261' title='bbox 294 2327 340 2370; x_wconf 89' lang='lat' dir='ltr'>in</span> <span class='ocrx_word' id='word_1_262' title='bbox 360 2327 548 2371; x_wconf 78' lang='lat' dir='ltr'>circuitu</span> <span class='ocrx_word' id='word_1_263' title='bbox 569 2343 737 2371; x_wconf 91' lang='lat' dir='ltr'>eorum.</span> 
     </span>
    </p>

    <p class='ocr_par' dir='ltr' id='par_1_8' title="bbox 84 2399 1469 2527">
     <span class='ocr_line' id='line_1_31' title="bbox 143 2399 1469 2460; baseline 0.002 -18"><span class='ocrx_word' id='word_1_264' title='bbox 143 2400 257 2442; x_wconf 87' lang='lat' dir='ltr'><strong>LVI.</strong></span> <span class='ocrx_word' id='word_1_265' title='bbox 288 2417 308 2440; x_wconf 88' lang='lat'>«</span> <span class='ocrx_word' id='word_1_266' title='bbox 325 2399 538 2452; x_wconf 85' lang='lat' dir='ltr'>Quoniam</span> <span class='ocrx_word' id='word_1_267' title='bbox 549 2399 930 2444; x_wconf 78' lang='lat' dir='ltr'>sanctificaverunt</span> <span class='ocrx_word' id='word_1_268' title='bbox 947 2399 1170 2444; x_wconf 85' lang='lat' dir='ltr'>thuribula</span> <span class='ocrx_word' id='word_1_269' title='bbox 1188 2409 1469 2460; x_wconf 87' lang='lat' dir='ltr'>peccatorum</span> 
     </span>
     <span class='ocr_line' id='line_1_32' title="bbox 84 2469 1468 2527; baseline 0.004 -17"><span class='ocrx_word' id='word_1_270' title='bbox 84 2489 102 2509; x_wconf 87' lang='lat'>»</span> <span class='ocrx_word' id='word_1_271' title='bbox 135 2469 295 2513; x_wconf 87' lang='lat' dir='ltr'>horum</span> <span class='ocrx_word' id='word_1_272' title='bbox 307 2470 352 2513; x_wconf 92' lang='lat' dir='ltr'>in</span> <span class='ocrx_word' id='word_1_273' title='bbox 374 2470 601 2515; x_wconf 86' lang='lat' dir='ltr'>animabus</span> <span class='ocrx_word' id='word_1_274' title='bbox 624 2471 728 2515; x_wconf 66' lang='lat' dir='ltr'>suisfi</span> <span class='ocrx_word' id='word_1_275' title='bbox 743 2491 751 2516; x_wconf 92' lang='grc'>;</span> <span class='ocrx_word' id='word_1_276' title='bbox 769 2490 788 2512; x_wconf 85' lang='lat'>»</span> <span class='ocrx_word' id='word_1_277' title='bbox 812 2487 901 2516; x_wconf 91' lang='lat' dir='ltr'>non</span> <span class='ocrx_word' id='word_1_278' title='bbox 913 2470 1039 2527; x_wconf 76' lang='lat' dir='ltr'>dixit,</span> <span class='ocrx_word' id='word_1_279' title='bbox 1064 2472 1211 2525; x_wconf 88' lang='lat' dir='ltr'>«Quia</span> <span class='ocrx_word' id='word_1_280' title='bbox 1229 2471 1468 2516; x_wconf 82' lang='lat' dir='ltr'>sanctifica-</span> 
     </span>
    </p>
   </div>
   <div class='ocr_carea' id='block_1_3' title="bbox 83 2566 1458 2664">
    <p class='ocr_par' dir='ltr' id='par_1_9' title="bbox 83 2566 1458 2664">
     <span class='ocr_line' id='line_1_33' title="bbox 127 2566 1458 2611; baseline 0.004 -15"><span class='ocrx_word' id='word_1_281' title='bbox 127 2571 136 2586; x_wconf 87' lang='lat'><strong>¹</strong></span> <span class='ocrx_word' id='word_1_282' title='bbox 156 2566 248 2597; x_wconf 82' lang='lat' dir='ltr'>Num.</span> <span class='ocrx_word' id='word_1_283' title='bbox 270 2577 321 2606; x_wconf 76' lang='lat' dir='ltr'>xv,</span> <span class='ocrx_word' id='word_1_284' title='bbox 347 2566 399 2598; x_wconf 88' lang='grc' dir='ltr'>3ο.</span> <span class='ocrx_word' id='word_1_285' title='bbox 427 2574 441 2589; x_wconf 84' lang='lat'><strong>²</strong></span> <span class='ocrx_word' id='word_1_286' title='bbox 462 2584 503 2590; x_wconf 86' lang='lat'><em>—</em></span> <span class='ocrx_word' id='word_1_287' title='bbox 521 2568 601 2600; x_wconf 86' lang='lat' dir='ltr'>lbid.</span> <span class='ocrx_word' id='word_1_288' title='bbox 623 2568 676 2601; x_wconf 87' lang='lat'>35.</span> <span class='ocrx_word' id='word_1_289' title='bbox 701 2585 743 2591; x_wconf 89' lang='lat'><strong>—</strong></span> <span class='ocrx_word' id='word_1_290' title='bbox 764 2566 777 2591; x_wconf 81' lang='lat'><em>3</em></span> <span class='ocrx_word' id='word_1_291' title='bbox 795 2569 841 2600; x_wconf 88' lang='lat' dir='ltr'>Id.</span> <span class='ocrx_word' id='word_1_292' title='bbox 861 2579 927 2609; x_wconf 81' lang='lat' dir='ltr'>xvi,</span> <span class='ocrx_word' id='word_1_293' title='bbox 946 2579 997 2611; x_wconf 79' lang='lat'>1¹5·</span> <span class='ocrx_word' id='word_1_294' title='bbox 1013 2587 1055 2592; x_wconf 91' lang='grc'>-</span> <span class='ocrx_word' id='word_1_295' title='bbox 1075 2567 1091 2599; x_wconf 73' lang='grc'>4</span> <span class='ocrx_word' id='word_1_296' title='bbox 1110 2569 1191 2601; x_wconf 80' lang='lat' dir='ltr'>lbid.</span> <span class='ocrx_word' id='word_1_297' title='bbox 1213 2569 1267 2601; x_wconf 84' lang='lat'>33.</span> <span class='ocrx_word' id='word_1_298' title='bbox 1282 2586 1323 2593; x_wconf 87' lang='lat'>-</span> <span class='ocrx_word' id='word_1_299' title='bbox 1338 2567 1458 2601; x_wconf 83' lang='lat' dir='ltr'>⁵1bid.</span> 
     </span>
     <span class='ocr_line' id='line_1_34' title="bbox 83 2618 404 2664; baseline 0.003 -13"><span class='ocrx_word' id='word_1_300' title='bbox 83 2619 134 2662; x_wconf 63' lang='grc'>34.</span> <span class='ocrx_word' id='word_1_301' title='bbox 161 2637 201 2642; x_wconf 82' lang='grc'>-</span> <span class='ocrx_word' id='word_1_302' title='bbox 220 2618 320 2652; x_wconf 62' lang='lat'>611254</span> <span class='ocrx_word' id='word_1_303' title='bbox 353 2621 404 2664; x_wconf 76' lang='lat'>37·</span> 
     </span>
    </p>
   </div>
  </div>
 </body>
</html>
