<?xml version="1.0" encoding="UTF-8"?>
<!DOCTYPE html PUBLIC "-//W3C//DTD XHTML 1.0 Transitional//EN"
    "http://www.w3.org/TR/xhtml1/DTD/xhtml1-transitional.dtd">
<html xmlns="http://www.w3.org/1999/xhtml" xml:lang="en" lang="en">
 <head>
  <title>
</title>
<meta http-equiv="Content-Type" content="text/html;charset=utf-8" />
  <meta name='ocr-system' content='tesseract 3.04.00' />
  <meta name='ocr-capabilities' content='ocr_page ocr_carea ocr_par ocr_line ocrx_word'/>
</head>
<body>
  <div class='ocr_page' id='page_1' title='image "./operaomniaaccura06auguuoft_0281.png"; bbox 0 0 1872 3267; ppageno 0'>
   <div class='ocr_carea' id='block_1_1' title="bbox 331 315 1420 365">
    <p class='ocr_par' dir='ltr' id='par_1_1' title="bbox 331 315 1420 365">
     <span class='ocr_line' id='line_1_1' title="bbox 331 315 1420 365; baseline -0.003 -9"><span class='ocrx_word' id='word_1_1' title='bbox 331 325 601 365; x_wconf 77' lang='lat' dir='ltr'><strong>QUAESTIONES</strong></span> <span class='ocrx_word' id='word_1_2' title='bbox 631 325 677 353; x_wconf 75' lang='lat' dir='ltr'>m</span> <span class='ocrx_word' id='word_1_3' title='bbox 711 324 922 363; x_wconf 73' lang='lat' dir='ltr'>ExonUM,</span> <span class='ocrx_word' id='word_1_4' title='bbox 958 324 1041 353; x_wconf 71' lang='lat' dir='ltr'>Lus.</span> <span class='ocrx_word' id='word_1_5' title='bbox 1077 326 1125 351; x_wconf 90' lang='lat'>11.</span> <span class='ocrx_word' id='word_1_6' title='bbox 1340 315 1420 353; x_wconf 80' lang='lat'>271</span> 
     </span>
    </p>
   </div>
   <div class='ocr_carea' id='block_1_2' title="bbox 524 437 928 489">
    <p class='ocr_par' dir='ltr' id='par_1_2' title="bbox 524 437 928 489">
     <span class='ocr_line' id='line_1_2' title="bbox 524 437 928 489; baseline -0.002 -10"><span class='ocrx_word' id='word_1_7' title='bbox 524 437 761 489; x_wconf 87' lang='lat' dir='ltr'>QUAESTIO</span> <span class='ocrx_word' id='word_1_8' title='bbox 792 438 928 480; x_wconf 79' lang='lat' dir='ltr'><strong>XCVI.</strong></span> 
     </span>
    </p>
   </div>
   <div class='ocr_carea' id='block_1_3' title="bbox 0 539 1432 1526">
    <p class='ocr_par' dir='ltr' id='par_1_3' title="bbox 0 539 1432 1526">
     <span class='ocr_line' id='line_1_3' title="bbox 93 539 1424 602; baseline 0 -15"><span class='ocrx_word' id='word_1_9' title='bbox 93 544 346 588; x_wconf 63' lang='lat' dir='ltr'>Noa-Annum</span> <span class='ocrx_word' id='word_1_10' title='bbox 382 549 467 597; x_wconf 81' lang='lat' dir='ltr'>est,</span> <span class='ocrx_word' id='word_1_11' title='bbox 503 539 625 602; x_wconf 88' lang='lat' dir='ltr'>quod</span> <span class='ocrx_word' id='word_1_12' title='bbox 658 539 818 585; x_wconf 88' lang='lat' dir='ltr'>iterum</span> <span class='ocrx_word' id='word_1_13' title='bbox 851 539 1041 602; x_wconf 84' lang='lat' dir='ltr'>populus</span> <span class='ocrx_word' id='word_1_14' title='bbox 1068 540 1128 585; x_wconf 84' lang='lat' dir='ltr'>ita</span> <span class='ocrx_word' id='word_1_15' title='bbox 1161 540 1424 601; x_wconf 85' lang='lat' dir='ltr'>respondet:</span> 
     </span>
     <span class='ocr_line' id='line_1_4' title="bbox 0 610 1432 674; baseline 0.001 -17"><span class='ocrx_word' id='word_1_16' title='bbox 0 663 1 670; x_wconf 10' lang='grc' dir='ltr'>ἵ</span> <span class='ocrx_word' id='word_1_17' title='bbox 40 634 60 657; x_wconf 90' lang='lat'>«</span> <span class='ocrx_word' id='word_1_18' title='bbox 93 614 251 658; x_wconf 87' lang='lat' dir='ltr'>Omnia</span> <span class='ocrx_word' id='word_1_19' title='bbox 274 613 407 659; x_wconf 85' lang='lat' dir='ltr'>verba</span> <span class='ocrx_word' id='word_1_20' title='bbox 427 649 437 669; x_wconf 81' lang='lat'><strong>‚</strong></span> <span class='ocrx_word' id='word_1_21' title='bbox 463 629 561 674; x_wconf 83' lang='lat' dir='ltr'>quae</span> <span class='ocrx_word' id='word_1_22' title='bbox 583 611 756 658; x_wconf 90' lang='lat' dir='ltr'>locutus</span> <span class='ocrx_word' id='word_1_23' title='bbox 779 622 843 658; x_wconf 91' lang='lat' dir='ltr'>est</span> <span class='ocrx_word' id='word_1_24' title='bbox 866 613 1103 669; x_wconf 87' lang='lat' dir='ltr'><strong>Dominus,</strong></span> <span class='ocrx_word' id='word_1_25' title='bbox 1129 610 1361 668; x_wconf 84' lang='lat' dir='ltr'>faciemus,</span> <span class='ocrx_word' id='word_1_26' title='bbox 1387 623 1432 659; x_wconf 89' lang='lat' dir='ltr'>et</span> 
     </span>
     <span class='ocr_line' id='line_1_5' title="bbox 0 680 1427 744; baseline 0.002 -18"><span class='ocrx_word' id='word_1_27' title='bbox 0 680 1 690; x_wconf 56' lang='lat'>¹</span> <span class='ocrx_word' id='word_1_28' title='bbox 39 705 59 727; x_wconf 89' lang='lat'>»</span> <span class='ocrx_word' id='word_1_29' title='bbox 94 685 343 730; x_wconf 82' lang='lat' dir='ltr'>audiemus:</span> <span class='ocrx_word' id='word_1_30' title='bbox 362 704 381 726; x_wconf 89' lang='lat'>»</span> <span class='ocrx_word' id='word_1_31' title='bbox 404 701 505 729; x_wconf 89' lang='lat' dir='ltr'>cum</span> <span class='ocrx_word' id='word_1_32' title='bbox 522 684 723 729; x_wconf 86' lang='lat' dir='ltr'>videatur</span> <span class='ocrx_word' id='word_1_33' title='bbox 740 684 849 729; x_wconf 86' lang='lat' dir='ltr'>ordo</span> <span class='ocrx_word' id='word_1_34' title='bbox 867 683 1102 744; x_wconf 79' lang='lat' dir='ltr'>postulare,</span> <span class='ocrx_word' id='word_1_35' title='bbox 1118 694 1170 729; x_wconf 92' lang='lat' dir='ltr'>ut</span> <span class='ocrx_word' id='word_1_36' title='bbox 1186 684 1427 730; x_wconf 83' lang='lat' dir='ltr'>diceretur:</span> 
     </span>
     <span class='ocr_line' id='line_1_6' title="bbox 40 755 1431 817; baseline 0.003 -19"><span class='ocrx_word' id='word_1_37' title='bbox 40 776 60 799; x_wconf 90' lang='lat'>«</span> <span class='ocrx_word' id='word_1_38' title='bbox 94 757 333 801; x_wconf 86' lang='lat' dir='ltr'>Audiemus</span> <span class='ocrx_word' id='word_1_39' title='bbox 347 764 390 800; x_wconf 87' lang='lat' dir='ltr'>et</span> <span class='ocrx_word' id='word_1_40' title='bbox 402 755 656 801; x_wconf 84' lang='lat' dir='ltr'>faciemus.»</span> <span class='ocrx_word' id='word_1_41' title='bbox 666 756 750 801; x_wconf 89' lang='lat' dir='ltr'>Sed</span> <span class='ocrx_word' id='word_1_42' title='bbox 763 757 924 802; x_wconf 86' lang='lat' dir='ltr'>mirum</span> <span class='ocrx_word' id='word_1_43' title='bbox 936 758 1018 801; x_wconf 92' lang='lat' dir='ltr'>nisi</span> <span class='ocrx_word' id='word_1_44' title='bbox 1032 756 1186 817; x_wconf 81' lang='lat' dir='ltr'>aliquis</span> <span class='ocrx_word' id='word_1_45' title='bbox 1197 773 1345 802; x_wconf 89' lang='lat' dir='ltr'>sensus</span> <span class='ocrx_word' id='word_1_46' title='bbox 1359 758 1431 802; x_wconf 90' lang='lat' dir='ltr'>hic</span> 
     </span>
     <span class='ocr_line' id='line_1_7' title="bbox 35 827 1431 889; baseline 0.001 -17"><span class='ocrx_word' id='word_1_47' title='bbox 35 828 156 872; x_wconf 84' lang='lat' dir='ltr'>latet.</span> <span class='ocrx_word' id='word_1_48' title='bbox 173 831 281 874; x_wconf 86' lang='lat' dir='ltr'>Nam</span> <span class='ocrx_word' id='word_1_49' title='bbox 296 828 331 872; x_wconf 92' lang='lat' dir='ltr'>si</span> <span class='ocrx_word' id='word_1_50' title='bbox 353 827 580 873; x_wconf 88' lang='lat' dir='ltr'>audiemus</span> <span class='ocrx_word' id='word_1_51' title='bbox 596 863 607 884; x_wconf 79' lang='grc'>,</span> <span class='ocrx_word' id='word_1_52' title='bbox 631 844 712 888; x_wconf 90' lang='lat' dir='ltr'>pro</span> <span class='ocrx_word' id='word_1_53' title='bbox 735 844 786 873; x_wconf 90' lang='lat' dir='ltr'>eo</span> <span class='ocrx_word' id='word_1_54' title='bbox 809 829 1000 889; x_wconf 88' lang='lat' dir='ltr'>positum</span> <span class='ocrx_word' id='word_1_55' title='bbox 1019 838 1106 885; x_wconf 82' lang='lat' dir='ltr'>est,</span> <span class='ocrx_word' id='word_1_56' title='bbox 1131 828 1254 889; x_wconf 89' lang='lat' dir='ltr'>quod</span> <span class='ocrx_word' id='word_1_57' title='bbox 1276 839 1341 874; x_wconf 90' lang='lat' dir='ltr'>est</span> <span class='ocrx_word' id='word_1_58' title='bbox 1362 830 1431 873; x_wconf 91' lang='lat' dir='ltr'>in-</span> 
     </span>
     <span class='ocr_line' id='line_1_8' title="bbox 36 897 1431 959; baseline 0.001 -17"><span class='ocrx_word' id='word_1_59' title='bbox 36 897 304 957; x_wconf 81' lang='lat' dir='ltr'>telligemus,</span> <span class='ocrx_word' id='word_1_60' title='bbox 328 899 448 959; x_wconf 87' lang='lat' dir='ltr'>prius</span> <span class='ocrx_word' id='word_1_61' title='bbox 463 908 638 959; x_wconf 81' lang='lat' dir='ltr'>oportet</span> <span class='ocrx_word' id='word_1_62' title='bbox 659 899 802 944; x_wconf 83' lang='lat' dir='ltr'>verbis</span> <span class='ocrx_word' id='word_1_63' title='bbox 826 899 903 944; x_wconf 89' lang='lat' dir='ltr'>Dei</span> <span class='ocrx_word' id='word_1_64' title='bbox 924 899 1106 944; x_wconf 85' lang='lat' dir='ltr'>reddere</span> <span class='ocrx_word' id='word_1_65' title='bbox 1130 898 1322 945; x_wconf 84' lang='lat' dir='ltr'>faciendi</span> <span class='ocrx_word' id='word_1_66' title='bbox 1339 916 1431 946; x_wconf 89' lang='lat' dir='ltr'>ser-</span> 
     </span>
     <span class='ocr_line' id='line_1_9' title="bbox 36 968 1432 1032; baseline 0.001 -17"><span class='ocrx_word' id='word_1_67' title='bbox 36 968 247 1025; x_wconf 78' lang='lat' dir='ltr'>vitutem,</span> <span class='ocrx_word' id='word_1_68' title='bbox 287 979 335 1014; x_wconf 90' lang='lat' dir='ltr'>ut</span> <span class='ocrx_word' id='word_1_69' title='bbox 364 969 419 1014; x_wconf 85' lang='lat' dir='ltr'>ad</span> <span class='ocrx_word' id='word_1_70' title='bbox 449 969 784 1029; x_wconf 85' lang='lat' dir='ltr'>intelligentiam</span> <span class='ocrx_word' id='word_1_71' title='bbox 819 986 970 1016; x_wconf 91' lang='lat' dir='ltr'>earum</span> <span class='ocrx_word' id='word_1_72' title='bbox 998 986 1171 1028; x_wconf 83' lang='lat' dir='ltr'>rerum,</span> <span class='ocrx_word' id='word_1_73' title='bbox 1203 987 1304 1032; x_wconf 86' lang='lat' dir='ltr'>quae</span> <span class='ocrx_word' id='word_1_74' title='bbox 1336 972 1432 1032; x_wconf 89' lang='lat' dir='ltr'>ipso</span> 
     </span>
     <span class='ocr_line' id='line_1_10' title="bbox 33 1040 1426 1103; baseline 0.003 -19"><span class='ocrx_word' id='word_1_75' title='bbox 33 1040 313 1102; x_wconf 72' lang='lat' dir='ltr'>praecipiente</span> <span class='ocrx_word' id='word_1_76' title='bbox 331 1042 460 1096; x_wconf 89' lang='lat' dir='ltr'>fiunt,</span> <span class='ocrx_word' id='word_1_77' title='bbox 476 1041 632 1086; x_wconf 88' lang='lat' dir='ltr'>merito</span> <span class='ocrx_word' id='word_1_78' title='bbox 650 1041 892 1087; x_wconf 84' lang='lat' dir='ltr'>devotionis</span> <span class='ocrx_word' id='word_1_79' title='bbox 904 1078 915 1097; x_wconf 81' lang='grc'>,</span> <span class='ocrx_word' id='word_1_80' title='bbox 936 1059 1023 1102; x_wconf 87' lang='lat' dir='ltr'>qua</span> <span class='ocrx_word' id='word_1_81' title='bbox 1039 1059 1128 1088; x_wconf 90' lang='lat' dir='ltr'>non</span> <span class='ocrx_word' id='word_1_82' title='bbox 1145 1052 1426 1103; x_wconf 72' lang='lat' dir='ltr'>contemptae,</span> 
     </span>
     <span class='ocr_line' id='line_1_11' title="bbox 0 1111 1429 1172; baseline 0.002 -17"><span class='ocrx_word' id='word_1_83' title='bbox 0 1135 1 1142; x_wconf 50' lang='lat'>1</span> <span class='ocrx_word' id='word_1_84' title='bbox 34 1111 110 1156; x_wconf 91' lang='lat' dir='ltr'>sed</span> <span class='ocrx_word' id='word_1_85' title='bbox 129 1111 258 1156; x_wconf 79' lang='lat' dir='ltr'>factae</span> <span class='ocrx_word' id='word_1_86' title='bbox 279 1122 406 1168; x_wconf 82' lang='lat' dir='ltr'>sunt,</span> <span class='ocrx_word' id='word_1_87' title='bbox 430 1112 522 1172; x_wconf 88' lang='lat' dir='ltr'>ipse</span> <span class='ocrx_word' id='word_1_88' title='bbox 546 1111 770 1172; x_wconf 83' lang='lat' dir='ltr'>perducat.</span> <span class='ocrx_word' id='word_1_89' title='bbox 800 1112 885 1158; x_wconf 91' lang='lat' dir='ltr'>Sed</span> <span class='ocrx_word' id='word_1_90' title='bbox 903 1112 1145 1157; x_wconf 78' lang='lat' dir='ltr'>videndum</span> <span class='ocrx_word' id='word_1_91' title='bbox 1167 1123 1232 1158; x_wconf 88' lang='lat' dir='ltr'>est</span> <span class='ocrx_word' id='word_1_92' title='bbox 1248 1148 1259 1168; x_wconf 83' lang='grc'><em>,</em></span> <span class='ocrx_word' id='word_1_93' title='bbox 1280 1123 1429 1158; x_wconf 85' lang='lat' dir='ltr'>utrum</span> 
     </span>
     <span class='ocr_line' id='line_1_12' title="bbox 0 1181 1430 1246; baseline 0.001 -19"><span class='ocrx_word' id='word_1_94' title='bbox 0 1199 2 1207; x_wconf 71' lang='grc'>’</span> <span class='ocrx_word' id='word_1_95' title='bbox 34 1183 112 1228; x_wconf 88' lang='lat' dir='ltr'>iste</span> <span class='ocrx_word' id='word_1_96' title='bbox 133 1181 323 1243; x_wconf 89' lang='lat' dir='ltr'>populus</span> <span class='ocrx_word' id='word_1_97' title='bbox 352 1182 414 1227; x_wconf 87' lang='lat' dir='ltr'>illi</span> <span class='ocrx_word' id='word_1_98' title='bbox 447 1183 536 1228; x_wconf 88' lang='lat' dir='ltr'>filio</span> <span class='ocrx_word' id='word_1_99' title='bbox 560 1183 708 1228; x_wconf 89' lang='lat' dir='ltr'>similis</span> <span class='ocrx_word' id='word_1_100' title='bbox 730 1184 978 1229; x_wconf 82' lang='lat' dir='ltr'>inveniatur</span> <span class='ocrx_word' id='word_1_101' title='bbox 1010 1185 1088 1244; x_wconf 89' lang='lat' dir='ltr'>qui</span> <span class='ocrx_word' id='word_1_102' title='bbox 1118 1185 1231 1244; x_wconf 85' lang='lat' dir='ltr'>patri</span> <span class='ocrx_word' id='word_1_103' title='bbox 1253 1186 1430 1246; x_wconf 86' lang='lat' dir='ltr'>jubenti</span> 
     </span>
     <span class='ocr_line' id='line_1_13' title="bbox 35 1252 1430 1317; baseline 0.001 -19"><span class='ocrx_word' id='word_1_104' title='bbox 35 1252 144 1298; x_wconf 80' lang='lat' dir='ltr'>dixit</span> <span class='ocrx_word' id='word_1_105' title='bbox 165 1273 174 1299; x_wconf 89' lang='lat'><strong>:</strong></span> <span class='ocrx_word' id='word_1_106' title='bbox 203 1273 223 1295; x_wconf 90' lang='lat'>«</span> <span class='ocrx_word' id='word_1_107' title='bbox 250 1253 330 1299; x_wconf 88' lang='lat' dir='ltr'>Ibo</span> <span class='ocrx_word' id='word_1_108' title='bbox 353 1254 398 1298; x_wconf 91' lang='lat' dir='ltr'>in</span> <span class='ocrx_word' id='word_1_109' title='bbox 419 1255 614 1310; x_wconf 80' lang='lat' dir='ltr'>vineam,</span> <span class='ocrx_word' id='word_1_110' title='bbox 651 1264 695 1299; x_wconf 91' lang='lat' dir='ltr'>et</span> <span class='ocrx_word' id='word_1_111' title='bbox 712 1270 801 1299; x_wconf 85' lang='lat' dir='ltr'>non</span> <span class='ocrx_word' id='word_1_112' title='bbox 829 1255 879 1300; x_wconf 89' lang='lat' dir='ltr'>iit</span> <span class='ocrx_word' id='word_1_113' title='bbox 897 1257 924 1299; x_wconf 88' lang='lat'>¹.</span> <span class='ocrx_word' id='word_1_114' title='bbox 950 1274 968 1296; x_wconf 72' lang='lat' dir='ltr'>n</span> <span class='ocrx_word' id='word_1_115' title='bbox 997 1257 1160 1300; x_wconf 83' lang='lat' dir='ltr'>Gentes</span> <span class='ocrx_word' id='word_1_116' title='bbox 1183 1257 1299 1300; x_wconf 91' lang='lat' dir='ltr'>enim</span> <span class='ocrx_word' id='word_1_117' title='bbox 1329 1273 1430 1317; x_wconf 84' lang='lat' dir='ltr'>quae</span> 
     </span>
     <span class='ocr_line' id='line_1_14' title="bbox 0 1324 1429 1387; baseline 0.004 -21"><span class='ocrx_word' id='word_1_118' title='bbox 0 1354 3 1366; x_wconf 45' lang='grc'>1</span> <span class='ocrx_word' id='word_1_119' title='bbox 35 1324 270 1369; x_wconf 89' lang='lat' dir='ltr'>Dominum</span> <span class='ocrx_word' id='word_1_120' title='bbox 289 1325 464 1385; x_wconf 84' lang='lat' dir='ltr'>penitus</span> <span class='ocrx_word' id='word_1_121' title='bbox 485 1334 842 1385; x_wconf 85' lang='lat' dir='ltr'>contempserunt</span> <span class='ocrx_word' id='word_1_122' title='bbox 860 1361 871 1382; x_wconf 66' lang='lat'>7</span> <span class='ocrx_word' id='word_1_123' title='bbox 896 1336 1046 1386; x_wconf 87' lang='lat' dir='ltr'>postea</span> <span class='ocrx_word' id='word_1_124' title='bbox 1068 1342 1146 1387; x_wconf 87' lang='lat' dir='ltr'>per</span> <span class='ocrx_word' id='word_1_125' title='bbox 1174 1328 1303 1372; x_wconf 87' lang='lat' dir='ltr'>unius</span> <span class='ocrx_word' id='word_1_126' title='bbox 1321 1328 1429 1372; x_wconf 83' lang='lat' dir='ltr'>obe-</span> 
     </span>
     <span class='ocr_line' id='line_1_15' title="bbox 35 1393 1429 1458; baseline 0.004 -20"><span class='ocrx_word' id='word_1_127' title='bbox 35 1393 242 1438; x_wconf 84' lang='lat' dir='ltr'>dientiam</span> <span class='ocrx_word' id='word_1_128' title='bbox 254 1395 526 1455; x_wconf 73' lang='lat' dir='ltr'>justificatae,</span> <span class='ocrx_word' id='word_1_129' title='bbox 551 1411 651 1456; x_wconf 85' lang='lat' dir='ltr'>quae</span> <span class='ocrx_word' id='word_1_130' title='bbox 676 1411 766 1440; x_wconf 90' lang='lat' dir='ltr'>non</span> <span class='ocrx_word' id='word_1_131' title='bbox 787 1396 1066 1442; x_wconf 82' lang='lat' dir='ltr'>sectabantur</span> <span class='ocrx_word' id='word_1_132' title='bbox 1080 1398 1296 1458; x_wconf 81' lang='lat' dir='ltr'>justitiam</span> <span class='ocrx_word' id='word_1_133' title='bbox 1312 1433 1324 1454; x_wconf 83' lang='lat'>‚</span> <span class='ocrx_word' id='word_1_134' title='bbox 1349 1414 1429 1458; x_wconf 83' lang='lat' dir='ltr'>ap-</span> 
     </span>
     <span class='ocr_line' id='line_1_16' title="bbox 0 1463 601 1526; baseline 0 -17"><span class='ocrx_word' id='word_1_135' title='bbox 0 1504 1 1509; x_wconf 73' lang='grc'>,</span> <span class='ocrx_word' id='word_1_136' title='bbox 37 1463 601 1526; x_wconf 83' lang='lat' dir='ltr'>prehenderuntjustitiam.</span> 
     </span>
    </p>
   </div>
   <div class='ocr_carea' id='block_1_4' title="bbox 523 1574 946 1624">
    <p class='ocr_par' dir='ltr' id='par_1_4' title="bbox 523 1574 946 1624">
     <span class='ocr_line' id='line_1_17' title="bbox 523 1574 946 1624; baseline 0.007 -11"><span class='ocrx_word' id='word_1_137' title='bbox 523 1574 762 1624; x_wconf 85' lang='lat' dir='ltr'>QUAESTIO</span> <span class='ocrx_word' id='word_1_138' title='bbox 794 1576 946 1616; x_wconf 74' lang='lat' dir='ltr'>xcvii.</span> 
     </span>
    </p>
   </div>
   <div class='ocr_carea' id='block_1_5' title="bbox 0 1674 1433 1908">
    <p class='ocr_par' dir='ltr' id='par_1_5' title="bbox 0 1674 1433 1908">
     <span class='ocr_line' id='line_1_18' title="bbox 95 1674 1428 1737; baseline 0.002 -16"><span class='ocrx_word' id='word_1_139' title='bbox 95 1679 346 1722; x_wconf 81' lang='lat' dir='ltr'><strong>NOTANDUM</strong></span> <span class='ocrx_word' id='word_1_140' title='bbox 369 1674 489 1737; x_wconf 89' lang='lat' dir='ltr'>quod</span> <span class='ocrx_word' id='word_1_141' title='bbox 516 1695 535 1717; x_wconf 90' lang='lat'>«</span> <span class='ocrx_word' id='word_1_142' title='bbox 560 1678 732 1734; x_wconf 85' lang='lat' dir='ltr'>Moyses</span> <span class='ocrx_word' id='word_1_143' title='bbox 754 1675 984 1721; x_wconf 71' lang='lat' dir='ltr'>aedificavit</span> <span class='ocrx_word' id='word_1_144' title='bbox 1006 1676 1140 1721; x_wconf 79' lang='lat' dir='ltr'>altare</span> <span class='ocrx_word' id='word_1_145' title='bbox 1157 1678 1239 1722; x_wconf 89' lang='lat' dir='ltr'>sub</span> <span class='ocrx_word' id='word_1_146' title='bbox 1262 1689 1428 1736; x_wconf 86' lang='lat' dir='ltr'>monte,</span> 
     </span>
     <span class='ocr_line' id='line_1_19' title="bbox 41 1745 1433 1805; baseline 0.005 -17"><span class='ocrx_word' id='word_1_147' title='bbox 41 1765 62 1788; x_wconf 77' lang='lat'>)›</span> <span class='ocrx_word' id='word_1_148' title='bbox 96 1756 138 1791; x_wconf 87' lang='lat' dir='ltr'>et</span> <span class='ocrx_word' id='word_1_149' title='bbox 155 1745 388 1791; x_wconf 87' lang='lat' dir='ltr'>duodecim</span> <span class='ocrx_word' id='word_1_150' title='bbox 406 1745 572 1805; x_wconf 82' lang='lat' dir='ltr'>lapides</span> <span class='ocrx_word' id='word_1_151' title='bbox 590 1746 636 1789; x_wconf 91' lang='lat' dir='ltr'>in</span> <span class='ocrx_word' id='word_1_152' title='bbox 653 1745 886 1790; x_wconf 85' lang='lat' dir='ltr'>duodecim</span> <span class='ocrx_word' id='word_1_153' title='bbox 902 1747 1040 1791; x_wconf 84' lang='lat' dir='ltr'>tribus</span> <span class='ocrx_word' id='word_1_154' title='bbox 1060 1748 1233 1793; x_wconf 69' lang='lat' dir='ltr'>Isra&#39;e&#39;l‘2.</span> <span class='ocrx_word' id='word_1_155' title='bbox 1256 1768 1275 1790; x_wconf 85' lang='lat'>»</span> <span class='ocrx_word' id='word_1_156' title='bbox 1297 1750 1433 1794; x_wconf 88' lang='lat' dir='ltr'>Intel-</span> 
     </span>
     <span class='ocr_line' id='line_1_20' title="bbox 0 1817 1433 1908; baseline 0.003 -46"><span class='ocrx_word' id='word_1_157' title='bbox 0 1835 20 1908; x_wconf 51' lang='grc'>1</span> <span class='ocrx_word' id='word_1_158' title='bbox 38 1817 185 1876; x_wconf 87' lang='lat' dir='ltr'>ligitur</span> <span class='ocrx_word' id='word_1_159' title='bbox 201 1818 318 1862; x_wconf 88' lang='lat' dir='ltr'>enim</span> <span class='ocrx_word' id='word_1_160' title='bbox 334 1834 388 1862; x_wconf 82' lang='lat' dir='ltr'>ex</span> <span class='ocrx_word' id='word_1_161' title='bbox 405 1817 639 1862; x_wconf 84' lang='lat' dir='ltr'>duodecim</span> <span class='ocrx_word' id='word_1_162' title='bbox 657 1817 875 1878; x_wconf 80' lang='lat' dir='ltr'>lapidibus</span> <span class='ocrx_word' id='word_1_163' title='bbox 895 1818 1067 1864; x_wconf 83' lang='lat' dir='ltr'>altareae</span> <span class='ocrx_word' id='word_1_164' title='bbox 1085 1819 1326 1876; x_wconf 79' lang='lat' dir='ltr'>dificatum,</span> <span class='ocrx_word' id='word_1_165' title='bbox 1346 1823 1433 1880; x_wconf 85' lang='lat' dir='ltr'>sig-</span> 
     </span>
    </p>
   </div>
   <div class='ocr_carea' id='block_1_6' title="bbox 0 1887 1432 2003">
    <p class='ocr_par' dir='ltr' id='par_1_6' title="bbox 0 1887 1432 2003">
     <span class='ocr_line' id='line_1_21' title="bbox 0 1887 1432 1953; baseline 0.003 -21"><span class='ocrx_word' id='word_1_166' title='bbox 0 1904 2 1919; x_wconf 64' lang='lat'><em>*</em></span> <span class='ocrx_word' id='word_1_167' title='bbox 17 1911 20 1914; x_wconf 59' lang='lat'><em>&gt;</em></span> <span class='ocrx_word' id='word_1_168' title='bbox 39 1889 232 1935; x_wconf 86' lang='lat' dir='ltr'>nificasse</span> <span class='ocrx_word' id='word_1_169' title='bbox 246 1889 391 1949; x_wconf 87' lang='lat' dir='ltr'>ipsum</span> <span class='ocrx_word' id='word_1_170' title='bbox 404 1887 621 1948; x_wconf 89' lang='lat' dir='ltr'>populum</span> <span class='ocrx_word' id='word_1_171' title='bbox 635 1904 725 1933; x_wconf 89' lang='lat' dir='ltr'>esse</span> <span class='ocrx_word' id='word_1_172' title='bbox 741 1887 876 1933; x_wconf 84' lang='lat' dir='ltr'>altare</span> <span class='ocrx_word' id='word_1_173' title='bbox 890 1890 967 1934; x_wconf 91' lang='lat' dir='ltr'>Dei</span> <span class='ocrx_word' id='word_1_174' title='bbox 980 1924 992 1943; x_wconf 75' lang='lat'><strong>‚</strong></span> <span class='ocrx_word' id='word_1_175' title='bbox 1010 1891 1122 1936; x_wconf 87' lang='lat' dir='ltr'>sicut</span> <span class='ocrx_word' id='word_1_176' title='bbox 1136 1900 1200 1936; x_wconf 90' lang='lat' dir='ltr'>est</span> <span class='ocrx_word' id='word_1_177' title='bbox 1215 1892 1432 1953; x_wconf 91' lang='lat' dir='ltr'>templum</span> 
     </span>
     <span class='ocr_line' id='line_1_22' title="bbox 5 1958 158 2003; baseline 0 -1"><span class='ocrx_word' id='word_1_178' title='bbox 5 1981 9 1997; x_wconf 59' lang='lat'>1</span> <span class='ocrx_word' id='word_1_179' title='bbox 40 1958 116 2003; x_wconf 90' lang='lat' dir='ltr'>Dei</span> <span class='ocrx_word' id='word_1_180' title='bbox 127 1960 158 2002; x_wconf 92' lang='grc'>’0.</span> 
     </span>
    </p>
   </div>
   <div class='ocr_carea' id='block_1_7' title="bbox 0 693 19 1836">
    <p class='ocr_par' dir='ltr' id='par_1_7' title="bbox 0 693 19 1836">
     <span class='ocr_line' id='line_1_23' title="bbox 0 693 19 1836; baseline 0 0"><span class='ocrx_word' id='word_1_181' title='bbox 0 693 19 1836; x_wconf 95' lang='lat' dir='ltr'> </span> 
     </span>
    </p>
   </div>
   <div class='ocr_carea' id='block_1_8' title="bbox 513 2064 955 2114">
    <p class='ocr_par' dir='ltr' id='par_1_8' title="bbox 513 2064 955 2114">
     <span class='ocr_line' id='line_1_24' title="bbox 513 2064 955 2114; baseline 0.007 -12"><span class='ocrx_word' id='word_1_182' title='bbox 513 2064 750 2114; x_wconf 75' lang='lat' dir='ltr'>QUAEsrlo</span> <span class='ocrx_word' id='word_1_183' title='bbox 785 2064 955 2105; x_wconf 81' lang='lat' dir='ltr'>xcvnl.</span> 
     </span>
    </p>
   </div>
   <div class='ocr_carea' id='block_1_9' title="bbox 26 2165 1435 2599">
    <p class='ocr_par' dir='ltr' id='par_1_9' title="bbox 26 2165 1435 2599">
     <span class='ocr_line' id='line_1_25' title="bbox 102 2165 1435 2216; baseline 0.005 -7"><span class='ocrx_word' id='word_1_184' title='bbox 102 2187 122 2210; x_wconf 89' lang='lat'>«</span> <span class='ocrx_word' id='word_1_185' title='bbox 147 2170 211 2213; x_wconf 84' lang='lat' dir='ltr'>ET</span> <span class='ocrx_word' id='word_1_186' title='bbox 239 2165 579 2211; x_wconf 82' lang='lat' dir='ltr'>immolaverunt</span> <span class='ocrx_word' id='word_1_187' title='bbox 599 2165 786 2209; x_wconf 80' lang='lat' dir='ltr'>hostiam</span> <span class='ocrx_word' id='word_1_188' title='bbox 815 2165 1011 2210; x_wconf 85' lang='lat' dir='ltr'>salutaris</span> <span class='ocrx_word' id='word_1_189' title='bbox 1034 2169 1123 2211; x_wconf 89' lang='lat' dir='ltr'>Deo</span> <span class='ocrx_word' id='word_1_190' title='bbox 1139 2168 1171 2211; x_wconf 81' lang='lat'>4.</span> <span class='ocrx_word' id='word_1_191' title='bbox 1201 2185 1220 2209; x_wconf 87' lang='lat'>»</span> <span class='ocrx_word' id='word_1_192' title='bbox 1246 2171 1344 2214; x_wconf 91' lang='lat' dir='ltr'>Non</span> <span class='ocrx_word' id='word_1_193' title='bbox 1365 2170 1435 2216; x_wconf 90' lang='lat' dir='ltr'>di-</span> 
     </span>
     <span class='ocr_line' id='line_1_26' title="bbox 42 2235 1430 2297; baseline 0 -15"><span class='ocrx_word' id='word_1_194' title='bbox 42 2238 128 2294; x_wconf 82' lang='lat' dir='ltr'>xit,</span> <span class='ocrx_word' id='word_1_195' title='bbox 157 2257 178 2280; x_wconf 92' lang='lat'>«</span> <span class='ocrx_word' id='word_1_196' title='bbox 203 2238 400 2282; x_wconf 86' lang='lat' dir='ltr'>Hostiam</span> <span class='ocrx_word' id='word_1_197' title='bbox 420 2236 677 2291; x_wconf 81' lang='lat' dir='ltr'>salutarem,</span> <span class='ocrx_word' id='word_1_198' title='bbox 704 2254 724 2277; x_wconf 83' lang='grc'><em>»</em></span> <span class='ocrx_word' id='word_1_199' title='bbox 750 2235 854 2291; x_wconf 81' lang='lat' dir='ltr'>sed,</span> <span class='ocrx_word' id='word_1_200' title='bbox 886 2256 906 2279; x_wconf 87' lang='lat'>«</span> <span class='ocrx_word' id='word_1_201' title='bbox 932 2237 1130 2281; x_wconf 78' lang='lat' dir='ltr'>Hostiam</span> <span class='ocrx_word' id='word_1_202' title='bbox 1157 2238 1381 2297; x_wconf 78' lang='lat' dir='ltr'>salutaris,</span> <span class='ocrx_word' id='word_1_203' title='bbox 1411 2261 1430 2283; x_wconf 89' lang='lat'>»</span> 
     </span>
     <span class='ocr_line' id='line_1_27' title="bbox 43 2306 1430 2371; baseline 0.002 -17"><span class='ocrx_word' id='word_1_204' title='bbox 43 2309 160 2371; x_wconf 87' lang='lat' dir='ltr'>quod</span> <span class='ocrx_word' id='word_1_205' title='bbox 183 2324 348 2369; x_wconf 73' lang='lat' dir='ltr'>graecus</span> <span class='ocrx_word' id='word_1_206' title='bbox 375 2308 507 2352; x_wconf 82' lang='lat' dir='ltr'>habet</span> <span class='ocrx_word' id='word_1_207' title='bbox 529 2314 698 2349; x_wconf 67' lang='grc' dir='ltr'>σοτηστίω.</span> <span class='ocrx_word' id='word_1_208' title='bbox 724 2306 849 2352; x_wconf 90' lang='lat' dir='ltr'>Unde</span> <span class='ocrx_word' id='word_1_209' title='bbox 871 2309 916 2352; x_wconf 91' lang='lat' dir='ltr'>in</span> <span class='ocrx_word' id='word_1_210' title='bbox 939 2308 1110 2354; x_wconf 85' lang='lat' dir='ltr'>Psalmo</span> <span class='ocrx_word' id='word_1_211' title='bbox 1130 2329 1138 2354; x_wconf 93' lang='lat'>:</span> <span class='ocrx_word' id='word_1_212' title='bbox 1170 2328 1189 2351; x_wconf 86' lang='lat'>«</span> <span class='ocrx_word' id='word_1_213' title='bbox 1213 2311 1403 2357; x_wconf 84' lang='lat' dir='ltr'>Calicem</span> <span class='ocrx_word' id='word_1_214' title='bbox 1419 2349 1430 2368; x_wconf 82' lang='lat'>‚</span> 
     </span>
     <span class='ocr_line' id='line_1_28' title="bbox 47 2378 1433 2441; baseline 0.002 -20"><span class='ocrx_word' id='word_1_215' title='bbox 47 2399 67 2422; x_wconf 87' lang='lat'>»</span> <span class='ocrx_word' id='word_1_216' title='bbox 99 2381 266 2441; x_wconf 81' lang='lat' dir='ltr'>inquit,</span> <span class='ocrx_word' id='word_1_217' title='bbox 303 2378 503 2423; x_wconf 82' lang='lat' dir='ltr'>salutaris</span> <span class='ocrx_word' id='word_1_218' title='bbox 543 2378 809 2437; x_wconf 75' lang='lat' dir='ltr'>accipiam5:</span> <span class='ocrx_word' id='word_1_219' title='bbox 844 2397 863 2419; x_wconf 90' lang='lat'>»</span> <span class='ocrx_word' id='word_1_220' title='bbox 904 2395 993 2424; x_wconf 89' lang='lat' dir='ltr'>non</span> <span class='ocrx_word' id='word_1_221' title='bbox 1022 2379 1157 2438; x_wconf 80' lang='lat' dir='ltr'>dixit3</span> <span class='ocrx_word' id='word_1_222' title='bbox 1198 2381 1433 2428; x_wconf 81' lang='lat' dir='ltr'>«Calicem</span> 
     </span>
     <span class='ocr_line' id='line_1_29' title="bbox 45 2448 1430 2512; baseline 0.003 -17"><span class='ocrx_word' id='word_1_223' title='bbox 45 2450 287 2495; x_wconf 85' lang='lat' dir='ltr'>salutarem.</span> <span class='ocrx_word' id='word_1_224' title='bbox 310 2469 329 2492; x_wconf 86' lang='lat'>»</span> <span class='ocrx_word' id='word_1_225' title='bbox 353 2450 438 2495; x_wconf 89' lang='lat' dir='ltr'>Ubi</span> <span class='ocrx_word' id='word_1_226' title='bbox 459 2448 701 2494; x_wconf 87' lang='lat' dir='ltr'>videndum</span> <span class='ocrx_word' id='word_1_227' title='bbox 719 2457 783 2492; x_wconf 86' lang='lat' dir='ltr'>est</span> <span class='ocrx_word' id='word_1_228' title='bbox 799 2484 809 2504; x_wconf 82' lang='lat'>,</span> <span class='ocrx_word' id='word_1_229' title='bbox 832 2464 887 2493; x_wconf 93' lang='lat' dir='ltr'>ne</span> <span class='ocrx_word' id='word_1_230' title='bbox 909 2449 1022 2494; x_wconf 88' lang='lat' dir='ltr'>forte</span> <span class='ocrx_word' id='word_1_231' title='bbox 1050 2450 1124 2495; x_wconf 90' lang='lat' dir='ltr'>ille</span> <span class='ocrx_word' id='word_1_232' title='bbox 1146 2451 1430 2512; x_wconf 84' lang='lat' dir='ltr'>significetur,</span> 
     </span>
     <span class='ocr_line' id='line_1_30' title="bbox 26 2511 1432 2599; baseline 0.004 -33"><span class='ocrx_word' id='word_1_233' title='bbox 26 2511 100 2599; x_wconf 45' lang='lat' dir='ltr'>lde</span> <span class='ocrx_word' id='word_1_234' title='bbox 120 2538 207 2583; x_wconf 92' lang='lat' dir='ltr'>quo</span> <span class='ocrx_word' id='word_1_235' title='bbox 229 2522 337 2567; x_wconf 87' lang='lat' dir='ltr'>dixit</span> <span class='ocrx_word' id='word_1_236' title='bbox 363 2521 538 2567; x_wconf 85' lang='lat' dir='ltr'>Simeon</span> <span class='ocrx_word' id='word_1_237' title='bbox 560 2540 569 2565; x_wconf 78' lang='lat'>2</span> <span class='ocrx_word' id='word_1_238' title='bbox 598 2519 853 2573; x_wconf 86' lang='lat' dir='ltr'>«Quoniam</span> <span class='ocrx_word' id='word_1_239' title='bbox 877 2521 1080 2566; x_wconf 90' lang='lat' dir='ltr'>viderunt</span> <span class='ocrx_word' id='word_1_240' title='bbox 1103 2523 1219 2568; x_wconf 93' lang='lat' dir='ltr'>oculi</span> <span class='ocrx_word' id='word_1_241' title='bbox 1242 2526 1326 2569; x_wconf 89' lang='lat' dir='ltr'>mei</span> <span class='ocrx_word' id='word_1_242' title='bbox 1352 2529 1432 2571; x_wconf 84' lang='lat' dir='ltr'>Sa-</span> 
     </span>
    </p>
   </div>
   <div class='ocr_carea' id='block_1_10' title="bbox 23 2361 30 2502">
    <p class='ocr_par' dir='ltr' id='par_1_10' title="bbox 23 2361 30 2502">
     <span class='ocr_line' id='line_1_31' title="bbox 23 2361 30 2502; baseline 0 765"><span class='ocrx_word' id='word_1_243' title='bbox 23 2361 30 2502; x_wconf 95' lang='lat' dir='ltr'> </span> 
     </span>
    </p>
   </div>
   <div class='ocr_carea' id='block_1_11' title="bbox 48 2615 1430 2716">
    <p class='ocr_par' dir='ltr' id='par_1_11' title="bbox 48 2615 1430 2716">
     <span class='ocr_line' id='line_1_32' title="bbox 94 2615 1430 2662; baseline 0.003 -12"><span class='ocrx_word' id='word_1_244' title='bbox 94 2625 102 2641; x_wconf 89' lang='lat'><strong>¹</strong></span> <span class='ocrx_word' id='word_1_245' title='bbox 123 2619 233 2652; x_wconf 82' lang='lat' dir='ltr'>Matth.</span> <span class='ocrx_word' id='word_1_246' title='bbox 260 2629 313 2651; x_wconf 76' lang='lat' dir='ltr'>xxi</span> <span class='ocrx_word' id='word_1_247' title='bbox 327 2643 337 2661; x_wconf 90' lang='lat'>‚</span> <span class='ocrx_word' id='word_1_248' title='bbox 366 2619 419 2651; x_wconf 87' lang='lat'>30.</span> <span class='ocrx_word' id='word_1_249' title='bbox 445 2635 488 2641; x_wconf 95' lang='lat'>—-</span> <span class='ocrx_word' id='word_1_250' title='bbox 517 2624 530 2641; x_wconf 81' lang='lat'>²</span> <span class='ocrx_word' id='word_1_251' title='bbox 549 2617 648 2650; x_wconf 82' lang='lat' dir='ltr'>Exod.</span> <span class='ocrx_word' id='word_1_252' title='bbox 670 2627 769 2658; x_wconf 76' lang='lat' dir='ltr'>xxiv,</span> <span class='ocrx_word' id='word_1_253' title='bbox 790 2615 822 2658; x_wconf 71' lang='grc'>4.</span> <span class='ocrx_word' id='word_1_254' title='bbox 842 2634 884 2640; x_wconf 89' lang='lat'>———</span> <span class='ocrx_word' id='word_1_255' title='bbox 901 2615 914 2641; x_wconf 84' lang='lat'>³</span> <span class='ocrx_word' id='word_1_256' title='bbox 939 2627 958 2650; x_wconf 86' lang='lat'><em>2</em></span> <span class='ocrx_word' id='word_1_257' title='bbox 977 2620 1051 2652; x_wconf 87' lang='lat' dir='ltr'>Cor.</span> <span class='ocrx_word' id='word_1_258' title='bbox 1072 2630 1127 2662; x_wconf 79' lang='lat' dir='ltr'>vr,</span> <span class='ocrx_word' id='word_1_259' title='bbox 1163 2620 1213 2654; x_wconf 84' lang='lat'>16.</span> <span class='ocrx_word' id='word_1_260' title='bbox 1234 2637 1277 2645; x_wconf 87' lang='lat'>—</span> <span class='ocrx_word' id='word_1_261' title='bbox 1294 2620 1312 2652; x_wconf 73' lang='lat'><strong><em>4</em></strong></span> <span class='ocrx_word' id='word_1_262' title='bbox 1329 2625 1430 2658; x_wconf 78' lang='lat' dir='ltr'>Exod.</span> 
     </span>
     <span class='ocr_line' id='line_1_33' title="bbox 48 2672 543 2716; baseline 0 -11"><span class='ocrx_word' id='word_1_263' title='bbox 48 2683 136 2716; x_wconf 81' lang='lat' dir='ltr'>xxw,</span> <span class='ocrx_word' id='word_1_264' title='bbox 161 2674 192 2707; x_wconf 74' lang='grc' dir='ltr'>ὁ.</span> <span class='ocrx_word' id='word_1_265' title='bbox 212 2692 253 2697; x_wconf 92' lang='grc'><strong>-</strong></span> <span class='ocrx_word' id='word_1_266' title='bbox 268 2672 282 2697; x_wconf 83' lang='grc'><strong><em>5</em></strong></span> <span class='ocrx_word' id='word_1_267' title='bbox 299 2673 379 2706; x_wconf 80' lang='lat' dir='ltr'>Psal.</span> <span class='ocrx_word' id='word_1_268' title='bbox 397 2684 471 2716; x_wconf 79' lang='lat' dir='ltr'>cxv,</span> <span class='ocrx_word' id='word_1_269' title='bbox 492 2672 543 2705; x_wconf 79' lang='lat'>13.</span> 
     </span>
    </p>
   </div>
   <div class='ocr_carea' id='block_1_12' title="bbox 29 2601 33 2721">
    <p class='ocr_par' dir='ltr' id='par_1_12' title="bbox 29 2601 33 2721">
     <span class='ocr_line' id='line_1_34' title="bbox 29 2601 33 2721; baseline 0 546"><span class='ocrx_word' id='word_1_270' title='bbox 29 2601 33 2721; x_wconf 95' lang='lat' dir='ltr'> </span> 
     </span>
    </p>
   </div>
  </div>
 </body>
</html>
