1872 3267
391 228 656 266 Quaes'rtomzs
688 228 731 254 ΙΝ
765 228 954 265 sumens,
990 229 1072 254 Lm.
1109 229 1186 255 vu.
1399 215 1477 254 581

571 341 805 391 QUAESTIO
837 343 1012 381 xxvm.

156 448 235 491 Um
254 446 378 490 Jahel
402 444 557 489 mulier
577 460 677 504 quae
699 443 857 489 occidit
877 445 1074 500 Sisaram,
1100 459 1201 488 cum
1218 443 1363 488 locuta
1376 453 1486 488 esset

97 516 152 562 ad
174 519 329 571 Barac,
348 516 539 577 quicum
557 514 804 575 quaerebat,
827 515 1036 575 scriptum
1055 524 1118 558 cst
1140 514 1194 558 de
1215 515 1307 574 ipso
1330 517 1479 570 Barac,

95 589 196 650 quia
217 608 236 630 «
255 588 438 632 Intravit
458 587 513 631 ad
534 602 629 631 eam
645 589 657 613 ¹
679 606 687 631 :
710 605 729 627 »
754 585 1191 631 animadvertendum
1208 595 1272 630 est
1286 601 1375 631 non
1394 602 1485 631 esse

96 674 366 719 consequens
384 694 394 713 ,
419 667 470 702 ut
490 673 590 701 cum
617 658 835 717 Scriptura
859 656 964 701 dicit
984 656 1038 701 de
1059 656 1175 711 viro,
1203 655 1324 717 quod
1345 657 1484 701 intra-

94 731 158 775 vit
171 729 226 774 ad
243 730 432 790 aliquam
451 728 694 784 foeminam,
707 731 797 788 jam
816 730 945 773 etiam
959 729 1244 774 concubuisse
1264 728 1482 774 credatur.

95 801 276 846 Assidue
290 801 454 861 quippe
473 800 532 844 sic
550 799 747 862 loquitur
767 800 1004 859 Scriptura,
1027 800 1246 844 «Intravit
1266 799 1321 844 ad
1335 815 1446 855 eam,
1461 819 1482 842 »

94 881 145 916 ut
167 872 278 916 nolit
300 871 482 929 intelligi
505 871 586 915 nisi
607 872 729 932 quod
746 871 784 914 ei
803 871 960 915 mixtus
982 871 1050 915 sit.
1076 871 1156 915 Hic
1184 884 1285 929 ergo
1314 872 1487 931 proprie

95 942 258 987 dictum
287 951 372 997 est,
402 961 421 983 «
448 942 631 986 Intravit
654 942 708 985 ad
734 957 851 996 eam,
892 960 911 982 η
940 941 985 985 id
1007 950 1086 996 est,
1112 941 1158 984 in
1183 940 1366 985 domum
1395 942 1486 1002 ejus

93 1014 292 1070 intravit,
318 1029 407 1058 non
430 1023 479 1058 ut
495 1030 572 1074 per
595 1014 688 1058 baec
711 1014 843 1058 verba
861 1012 1130 1072 intelligatur
1151 1013 1423 1058 concubitus.

585 1123 821 1173 QuAEsrio
853 1125 993 1162 xxlx.

152 1230 203 1271 ΙΝ
227 1227 409 1272 Cantico
437 1226 653 1271 Debborae
682 1225 866 1281 dicitur,
896 1244 916 1267 ‹<
943 1224 1207 1269 Defecerunt
1242 1225 1489 1270 habitantes

95 1299 182 1342 »in
213 1297 364 1353 Isra'e'l,
399 1297 655 1342 defecerunt
693 1296 833 1341 donec
868 1296 1052 1340 surrexit
1087 1296 1312 1351 Debbora,
1348 1295 1488 1342 donee

95 1388 115 1410 »
137 1369 322 1412 surrexit
335 1368 528 1412 materin
544 1367 692 1422 Isra'e'l,
714 1366 940 1424 elegerunt
954 1376 1002 1410 ut
1020 1382 1176 1426 panem
1194 1367 1489 1412 hordeaceum

95 1457 118 1482 n
143 1438 245 1483 deos
259 1454 395 1483 novos
413 1448 542 1483 :tunc
560 1446 923 1497 expugnaverunt
945 1437 1139 1481 civitates
1162 1437 1484 1497 principumss.»

93 1511 174 1555 Hic
211 1510 487 1554 intermixtus
525 1509 633 1554 ordo
670 1508 904 1552 verborum
940 1509 1251 1553 obscuritatem
1283 1508 1414 1564 facit,
1446 1518 1491 1555 et

91 1581 375 1642 quaestionem
405 1589 565 1624 movet.
601 1578 833 1633 Quomodo
856 1579 970 1623 enim
1004 1579 1301 1646 intelligatur,
1338 1600 1356 1622 «
1383 1580 1488 1624 Ele-

94 1669 114 1692 »
137 1660 293 1710 gerunt
310 1659 359 1694 ut
381 1644 539 1709 panem
558 1648 851 1693 hordeaceum
882 1649 986 1693 deos
1008 1665 1164 1704 novos,
1191 1658 1298 1693 tunc
1321 1665 1489 1710 expug-

94 1731 353 1767 »naverunt
387 1722 580 1766 civitates
614 1721 890 1780 principum?
915 1739 934 1760 »
965 1720 1088 1779 quasi
1116 1729 1222 1763 tunc
1251 1720 1310 1764 eis
1336 1720 1491 1766 faverit

91 1797 205 1838 Deus
228 1793 283 1837 ad
300 1791 611 1852 expugnandas
636 1792 829 1835 civitates
851 1791 1097 1850 principum
1111 1827 1121 1846 ,
1143 1791 1322 1851 quando
1345 1793 1490 1851 elege-

92 1874 195 1909 runt
216 1873 266 1907 ut
298 1879 457 1923 panem
478 1861 771 1906 hordeaceum
796 1863 899 1906 deos
929 1877 1078 1906 novos.
1107 1861 1192 1906 Sed
1214 1862 1259 1905 in
1289 1862 1380 1906 aliis
1397 1864 1489 1923 jam

95 1937 414 1996 Scripturarum
440 1934 544 1978 locis
567 1949 679 1994 saepe
706 1934 959 1988 didicimus,
985 1932 1358 1993 quemadmodum
1381 1934 1490 1979 fiant

91 2008 335 2067 hyperbata
362 2026 369 2050 ε
396 2021 585 2066 quorum
614 2005 854 2049 directione
893 2020 993 2049 cum
1030 2005 1163 2048 verba
1202 2004 1256 2048 ad
1289 2005 1487 2049 ordinem

92 2078 298 2133 redeunt,
325 2093 474 2122 sensus
497 2075 769 2135 explanatur.
805 2080 889 2120 Iste
911 2092 1013 2135 ergo
1044 2085 1106 2120 est
1128 2075 1236 2120 ordo
1272 2096 1280 2120 :
1311 2096 1331 2118 α
1357 2076 1486 2120 Defe-

96 2168 115 2191 »
141 2158 295 2194 ccrunt
322 2148 567 2192 habitantes
595 2147 641 2189 in
676 2146 831 2202 Israel,
869 2146 1150 2202 defecerunt,
1182 2146 1405 2204 elegerunt
1435 2157 1488 2192 ut

95 2240 114 2263 »
139 2236 297 2281 panem
309 2219 603 2264 hordeaceum
617 2218 720 2263 deos
736 2235 886 2273 novos,
907 2218 1045 2263 donec
1065 2218 1250 2262 surrexit
1264 2218 1481 2274 Debbom,

95 2310 115 2332 >›
139 2291 278 2335 donec
312 2290 495 2334 surrexit
527 2298 665 2333 mater
703 2290 748 2333 in
783 2289 913 2334 lsra'e'l
947 2309 956 2335 ;
994 2300 1099 2334 tunc
1128 2298 1487 2348 expugnaverunt

96 2382 114 2404 »
139 2362 331 2407 civitates
350 2361 649 2422 principum.»

141 2459 264 2490 «judie.
282 2469 310 2489 iv
331 2468 382 2490 2‘2.
405 2476 444 2481 —
463 2465 474 2479 Ἰ
496 2458 540 2488 Μ·
563 2469 592 2493 Υ,
611 2468 641 2498 ζ’,
671 2457 700 2488 3·
