1872 3267
316 245 585 283 QUAESTIONES
617 245 662 272 nv
696 243 961 281 anrricum,
997 243 1078 269 Lm.
1114 241 1177 268 111.
1355 225 1434 266 421

54 331 76 356 »
110 322 259 368 tuum,
281 321 325 357 et
345 327 418 357 sex
440 311 562 357 annis
584 310 759 371 putabis
780 310 914 354 vitem
937 318 1072 363 tuam,
1093 316 1136 352 et
1158 305 1441 366 congregabis

54 404 75 427 »
111 386 306 430 fructum
329 386 420 445 ejus
450 404 459 429 ;
496 398 610 428 anno
640 391 786 427 autem
818 382 1001 442 septimo
1033 379 1235 434 sabbata,
1271 379 1441 439 requies

55 475 74 499 υ
110 458 189 501 erit
212 466 359 512 terrae,
390 456 567 501 sabbata
590 455 776 500 Domini.
804 457 972 513 Agrum
992 463 1118 498 tuum
1147 467 1236 496 non
1256 451 1442 495 semina-

54 547 74 571 »
109 529 196 585 bis,
228 539 271 573 et
297 529 468 573 vineam
494 537 612 572 tuam
636 543 726 571 non
757 527 948 586 putabis.
979 543 997 567 »
1025 528 1081 569 Et
1102 539 1179 584 per
1209 524 1293 567 hoe
1321 521 1442 583 quod

52 601 110 645 ait
134 620 143 645 :
174 620 193 642 (ι
214 603 312 645 Non
334 599 533 659 putabis,
562 618 581 640 »
605 613 780 643 omnem
799 597 1017 641 culturam
1039 611 1090 640 eo
1109 610 1223 639 anno
1243 593 1445 654 prohihi-

52 681 140 716 tam
164 671 374 715 debemus
402 671 611 731 accipere.
638 673 789 730 Neque
820 669 935 713 enim
959 669 993 712 si
1018 666 1215 728 putanda
1237 681 1327 710 non
1349 674 1443 720 est,

52 742 210 788 aranda
237 752 323 798 est,
361 752 436 787 aut
458 740 732 786 adminiculis
762 738 1065 800 suspendenda
1082 774 1092 794 ,
1116 737 1187 783 vel
1218 735 1448 797 quodlibet

52 813 191 869 aliud,
224 813 344 874 quod
379 813 434 857 ad
466 812 683 858 culturam
709 814 798 873 ejus
834 811 1069 871 pertineat,
1107 807 1441 853 adhibendum:

50 885 126 930 sed
148 885 370 946 quomodo
395 884 505 929 solet
528 901 551 928 a
574 894 697 945 parte
722 893 864 928 totum
895 881 1101 940 intelligi,
1129 880 1187 925 ita
1212 894 1289 940 per
1313 888 1445 939 puta-

52 957 213 1001 tionem
236 956 374 1000 omnis
401 955 573 1000 cultura
602 955 839 1014 significata
863 963 940 997 est.
968 956 1024 997 Et
1046 967 1123 1011 per
1140 966 1294 1010 agrum
1312 959 1444 1009 atque

50 1028 217 1071 vineam
231 1063 240 1081 ,
268 1042 367 1071 eum
386 1036 428 1071 et
442 1026 567 1072 illum
585 1026 808 1079 seminari,
834 1033 877 1068 et
898 1024 1009 1067 hane
1030 1023 1175 1082 putari
1196 1020 1440 1081 prohibuit,

52 1112 181 1142 omne
205 1098 295 1157 agri
319 1113 453 1156 genus
470 1095 805 1154 intelligendum
826 1104 904 1138 est.
935 1097 1088 1154 Neque
1110 1092 1226 1136 enim
1244 1092 1290 1136 in
1307 1090 1446 1136 olive-

50 1178 95 1214 to
110 1204 121 1224 ‚
157 1168 226 1213 vel
248 1168 447 1229 quolibet
470 1168 645 1212 alterius
667 1167 831 1225 generis
856 1181 959 1224 agro
982 1164 1148 1226 aliquid
1177 1163 1446 1224 operandum

51 1249 134 1295 est,
157 1239 211 1284 de
228 1240 388 1300 quibus
411 1239 563 1284 tacuit.
589 1237 719 1291 Quod
740 1253 842 1281 vero
866 1236 951 1281 ait:
985 1255 1004 1277 «
1028 1239 1085 1280 Et
1108 1244 1237 1279 erunt
1265 1235 1447 1279 sabbata

54 1328 74 1352 >›
113 1320 234 1355 terrae
267 1326 362 1355 esea
390 1310 498 1365 tibi,
530 1319 574 1354 et
601 1324 738 1369 puero
770 1317 871 1362 tuo⁷
903 1316 946 1351 et
976 1306 1137 1366 puellae
1166 1316 1281 1361 tuae,
1314 1314 1397 1350 ete.
1422 1324 1442 1346 »

51 1383 150 1426 satis
173 1382 344 1441 aperuit
359 1397 439 1425 nee
463 1381 694 1424 dominum
711 1379 801 1438 agri
823 1378 1095 1438 prohibitum
1113 1377 1228 1421 vesei
1245 1377 1320 1432 eis,
1348 1392 1448 1437 quae

51 1469 140 1498 non
163 1454 356 1497 adhibita
371 1452 542 1497 cultura
565 1451 641 1496 illo
660 1467 774 1495 anno
792 1459 947 1510 sponte
971 1459 1219 1504 nascantur,
1237 1447 1313 1492 sed
1330 1448 1448 1492 frue-

54 1534 119 1569 tus
142 1523 336 1582 redigere
370 1523 655 1583 prohibitum.
693 1522 761 1566 Sie
791 1537 894 1579 ergo
926 1520 1159 1580 permissus
1194 1529 1258 1564 est
1280 1519 1447 1580 aliquid

51 1594 152 1639 inde
170 1595 215 1638 in
239 1610 377 1639 eseam
403 1609 572 1638 sumere
590 1629 600 1648 ‚
622 1591 846 1653 quomodo
869 1591 1101 1647 transiens,
1129 1600 1177 1635 ut
1198 1592 1281 1635 hoe
1305 1590 1447 1635 solum

51 1675 245 1726 caperet,
271 1665 391 1726 quod
415 1665 559 1710 statim
582 1663 799 1709 vescendo
820 1673 1121 1718 consumeret,
1148 1679 1238 1708 non
1257 1662 1377 1723 quod
1402 1662 1447 1706 in

52 1753 152 1783 usus
175 1746 419 1798 reponeret.

575 1832 812 1882 QUAES'rlo
845 1832 925 1871 xo.

114 1957 134 1980 «
158 1939 224 1981 ΕΤ
264 1947 378 1981 terra
413 1951 503 1979 non
535 1934 881 1979 venumdabitur
910 1935 954 1977 in
991 1933 1371 1994 profanationem¹
1393 1952 1401 1978 :
1426 1952 1446 1974 »

54 2009 122 2054 alii
148 2008 318 2055 codices
340 2008 530 2061 habent,
562 2026 582 2048 «
608 2009 658 2050 In
682 2006 1057 2050 confirmationem
1089 2026 1097 2050 :
1128 2025 1146 2047 »
1176 2021 1306 2066 quam
1333 2020 1453 2048 men-

54 2081 280 2125 dositatem
304 2080 349 2123 in
372 2078 589 2122 alterutris
619 2078 737 2136 prius
766 2078 811 2120 in
835 2092 974 2134 graeco
1004 2076 1210 2122 accidisse
1239 2077 1443 2131 arbitror,

53 2161 229 2211 propter
259 2151 380 2196 verbi
411 2149 596 2193 similem
625 2164 781 2192 sonum
809 2168 816 2193 2
853 2155 1023 2197 (lez-dim„
1052 2149 1169 2192 enim
1201 2148 1450 2209 profanatio

54 2223 228 2278 dieitur,
254 2228 420 2271 βεέοιίωσις
442 2230 587 2265 autem
618 2221 906 2265 confirmatio.
937 2219 1022 2265 Sed
1042 2219 1115 2264 ille
1150 2236 1298 2264 sensus
1322 2234 1450 2278 aper-

0 2337 2 2342 ,
55 2303 123 2339 tus
140 2303 219 2349 est,
241 2296 333 2337 «Et
353 2302 466 2336 terra
492 2308 581 2336 non
603 2291 946 2336 venumdabitur
966 2292 1009 2334 in
1026 2291 1403 2350 profanationem:
1426 2308 1446 2330 »

55 2364 100 2409 id
121 2373 211 2419 est,
230 2380 286 2408 ne
308 2363 404 2424 quis
427 2363 607 2407 auderet
631 2372 806 2418 terram,
827 2378 959 2423 quam
983 2362 1149 2422 aceepit
1172 2379 1194 2406 a
1217 2365 1325 2416 Deo,
1344 2376 1451 2405 ven-

56 2436 157 2479 dere
178 2433 371 2494 profanis
389 2470 399 2489 ,
425 2434 501 2494 qui
524 2449 572 2477 ea
595 2442 776 2477 utantur
799 2432 852 2477 ad
891 2434 1162 2493 impietatem
1192 2432 1454 2492 cultumque

0 2498 20 2506 '⁵
59 2505 237 2550 deorum
263 2505 505 2550 alienorum
524 2514 656 2565 atque
669 2504 893 2549 falsorum.
912 2504 1029 2549 illud
1050 2514 1193 2548 autem
1215 2504 1454 2547 subobscu-

104 2608 111 2624 ¹
137 2601 239 2633 Levih
264 2612 340 2641 «v,
357 2601 410 2632 ¹23.
