1872 3267
322 230 590 269 QuAEs'rmmzs
623 232 673 260 ιΝ
705 234 936 273 nummos,
971 235 1054 262 m.
1091 237 1150 263 xv.
1343 223 1430 265 475

43 314 64 339 ι)
99 298 259 342 eum¹P
295 314 317 338 ³»
356 299 463 342 Nam
503 312 642 356 graeca
675 296 895 343 locutione
926 303 1089 348 τῆςδὸξης
1121 299 1277 356 habet,
1311 300 1433 362 quod

39 367 315 413 tantumdem
339 368 456 413 valet
475 385 523 414 ac
545 370 578 414 si
601 369 786 424 diceret„
817 390 836 412 «
869 374 931 415 De
962 370 1118 430 gloria,
1143 390 1163 413 n
1187 372 1232 416 id
1257 382 1343 428 est,
1369 380 1432 415 ἀπὸ

39 449 94 485 τῆς
114 442 219 485 δόξης.
254 440 395 484 Latini
425 450 571 484 autem
604 441 805 485 nonnulli
836 442 1106 502 interpretati
1132 452 1262 499 sunt,
1303 462 1323 486 «
1356 446 1434 488 Da-

43 525 64 556 »
99 508 165 552 bis
194 508 374 568 gloriam
400 521 543 565 tuam,
574 529 593 551 »
619 527 710 555 non
736 531 756 554 «
781 513 836 556 de
869 513 1003 572 gloria
1033 522 1124 557 tua.
1163 531 1185 553 »
1223 512 1308 558 Sed
1344 514 1432 558 sive

33 578 152 626 *illud
177 590 308 632 esset,
335 590 385 625 ut
410 600 430 623 «
456 580 649 626 Gloriam
673 591 809 636 tuam,
837 602 857 624 n
886 581 1069 638 diceret,
1095 599 1186 627 non
1211 583 1312 628 ideo
1332 599 1433 644 eam

40 665 129 697 non
147 650 375 696 habiturus
397 661 488 696 erat
509 655 706 709 Moyses:
732 669 812 697 nec
834 654 936 714 quia
959 653 1066 698 dixit
1091 672 1111 695 «
1133 656 1195 698 De
1217 653 1375 711 gloria,
1408 672 1428 695 η

37 720 138 766 ideo
166 721 385 766 minutum
409 731 472 766 est
495 721 616 782 quod
646 723 853 767 habebat.
883 725 950 769 Sic
983 724 1098 768 enim
1129 723 1434 784 accipiendum

35 800 126 846 est,
151 808 199 838 ac
222 793 256 837 si
279 791 462 838 diceret:
486 813 501 833 «
522 794 670 838 Facies
690 811 790 839 eum
813 795 978 839 socium
999 795 1146 854 gloriae
1169 805 1257 840 tuae
1277 815 1286 841 :
1308 816 1325 838 »
1342 811 1433 841 non

40 872 186 909 autem
205 863 454 924 hujusmodi
478 881 560 919 res,
584 867 706 926 quasi
727 866 940 926 partiliter
959 867 1124 923 divisae,
1146 868 1431 926 minuuntur3

39 933 116 980 sed
138 943 241 980 totae
269 945 371 979 sunt
393 936 617 992 omnibus,
646 946 749 981 totae
770 938 973 997 singulis,
995 938 1071 999 qui
1093 953 1243 982 earum
1269 939 1433 983 habent

38 1004 199 1051 >sociem
206 1014 289 1050 tem
299 1040 307 1050 .

576 1117 814 1167 QUAEs‘rlo
846 1119 943 1158 Lvi.

105 1236 125 1260 «
163 1220 319 1274 Homo,
355 1219 488 1263 homo
521 1220 790 1281 quicumque
822 1223 990 1267 voverit
1032 1231 1184 1268 votum
1219 1224 1431 1277 Domino,

44 1307 65 1330 »
100 1299 175 1333 aut
199 1290 411 1349 juraverit
431 1291 754 1349 juramentum,
777 1302 852 1336 aut
884 1292 1102 1338 definierit
1134 1294 1434 1340 definitionem

44 1377 66 1401 ³)
101 1359 155 1404 de
184 1360 327 1404 anima
356 1377 455 1415 sua,
481 1377 570 1405 non
602 1361 853 1421 profanabit
883 1364 1067 1408 verbum
1102 1381 1230 1409 suum
1255 1385 1264 1409 :
1290 1366 1435 1410 omnia

0 1445 1 1453 ¹
45 1449 64 1472 »
100 1447 392 1491 quaecumque
419 1432 599 1476 exierint
622 1449 672 1476 ex
698 1449 771 1477 ore
793 1435 883 1493 ejus
907 1433 1078 1479 faciet2.
1110 1455 1129 1476 »
1156 1438 1255 1480 Non
1272 1436 1357 1480 hoc
1381 1436 1435 1480 ad

43 1516 218 1546 omnem
235 1502 500 1561 jurationem
522 1503 733 1561 pertinet,
755 1503 831 1547 sed
861 1504 916 1548 ad
944 1520 1039 1549 eam
1061 1506 1138 1549 ubi
1164 1506 1351 1566 quisque
1381 1505 1437 1551 de

0 1592 3 1609 ι
44 1573 185 1617 anima
202 1589 277 1617 sua
294 1573 462 1617 voverit
479 1573 660 1634 alicujus
677 1575 830 1635 utique
853 1576 913 1619 rei
938 1576 1246 1622 abstinentiam
1261 1613 1271 1633 ‚
1294 1593 1381 1638 qua
1399 1578 1437 1621 ei

42 1641 200 1688 licebat
219 1644 283 1688 uti
302 1659 379 1703 per
401 1647 561 1703 Legem
575 1680 584 1698 ,
612 1645 687 1689 sed
706 1661 783 1704 per
805 1655 959 1690 votum
981 1647 1063 1691 sibi
1086 1647 1176 1707 ipse
1194 1649 1326 1693 eflicit
1347 1663 1437 1692 non

42 1715 187 1760 licere.

546 1816 783 1867 QUAESTIO
814 1804 930 1858 ml.

109 1937 127 1960 «
165 1921 209 1963 S1
239 1928 383 1963 autern
416 1918 573 1963 mulier
604 1920 771 1964 voverit
802 1930 956 1965 votum
990 1923 1201 1979 Domino,
1223 1932 1298 1967 aut
1330 1923 1440 1971 defi-

2 2007 5 2030 :
49 2006 69 2030 »
103 1988 232 2033 nierit
253 1989 550 2033 definitionem
575 1990 620 2033 in
643 1990 775 2034 domo
796 1993 928 2051 patris
952 1993 1019 2036 sui
1041 1993 1086 2036 in
1104 1995 1339 2054 juventute
1362 2011 1439 2039 sua

2 2078 5 2098 ;
49 2076 69 2100 »
104 2068 146 2102 et
179 2058 365 2103 audierit
393 2069 516 2118 pater
544 2060 636 2119 ejus
663 2069 764 2105 vota
797 2063 913 2121 ejus,
941 2072 984 2106 et
1018 2062 1294 2109 definitiones
1326 2067 1436 2125 ejus,

46 2146 69 2172 2»
104 2145 211 2189 quas
233 2129 429 2173 definivit
459 2130 662 2173 adversus
685 2130 875 2175 animam
904 2148 1049 2188 suam,
1077 2143 1121 2178 et
1149 2135 1332 2179 tacuerit
1358 2151 1439 2195 pa·-

50 2218 70 2242 »
105 2209 170 2244 ter
205 2202 322 2260 ejus3
359 2209 402 2244 et
424 2201 604 2245 stabunt
637 2201 782 2246 omnia
812 2213 914 2248 vota
946 2206 1060 2265 ejus,
1086 2215 1129 2249 et
1151 2221 1301 2250 omnes
1329 2205 1441 2250 defi-

5 2264 7 2268 *
40 2289 71 2313 -n
106 2272 292 2316 nitiones
323 2273 435 2331 ejus,
460 2288 565 2333 quas
596 2271 794 2318 definivit
826 2275 1031 2320 adversus
1065 2277 1255 2320 animam
1290 2293 1436 2331 suam,

52 2359 72 2386 υ
106 2343 350 2387 manebunt
382 2344 434 2386 ei.
464 2344 506 2387 Si
534 2352 680 2387 autem
715 2345 910 2389 abnuens
941 2346 1144 2390 abnuerit
1176 2356 1299 2406 pater
1322 2350 1437 2408 ejus,

6 2419 8 2427 ⁸
42 2431 73 2456 a»
107 2429 386 2473 quacumque
408 2413 477 2457 die
501 2412 685 2458 audierit
707 2416 849 2459 onmia
867 2426 965 2460 vota
981 2419 1086 2477 ejuS,
1109 2427 1151 2462 et
1165 2417 1441 2463 definitiones

8 2539 9 2543 Ἰ
55 2501 74 2526 n
109 2486 213 2543 ejus,
230 2501 335 2544 quas
351 2484 547 2529 definivit
565 2485 768 2530 adversus
786 2487 974 2531 animam
993 2504 1113 2533 suam
1131 2505 1221 2533 non
1233 2489 1436 2535 stabunt:

100 2587 107 2601 ¹
127 2582 218 2611 Nutu.
245 2592 344 2616 xxvii,
367 2590 419 2611 90.
448 2598 489 2602 —-
512 2588 523 2604 2
544 2582 589 2612 hl.
609 2593 683 2616 xxx,
706 2583 735 2612 53.
