1872 3267
332 271 375 304 «gi
406 268 599 296 [salomas
633 270 675 294 liv
711 269 916 301 ΕΧυῡυΜ,
955 268 1036 293 Lus.
1077 267 1120 291 ιι.
1339 254 1412 293 241

587 381 823 432 QLAESTJO
856 383 933 420 LV.

105 507 121 527 ι(
149 489 312 531 Μιειετι
353 486 558 544 Spiritum
581 493 734 538 tuum,
776 493 818 527 et
840 485 1066 543 cooperuit
1088 499 1159 528 cos
1195 499 1309 527 mare
1328 486 1355 527 ¹.
1401 502 1420 524 n

42 561 151 602 Ecce
170 559 259 617 jani
281 557 436 617 quinto
473 564 839 600 commemoratur
873 556 1053 615 Spiritus
1077 555 1152 599 Dei
1168 590 1178 609 ,
1203 564 1254 598 ut
1276 555 1321 598 in
1344 555 1424 599 hoc

41 644 223 673 numero
247 628 506 686 accipiamus
528 636 571 671 et
590 626 711 687 quod
728 626 896 670 dictum
912 636 976 671 est
999 643 1010 670 .·
1035 626 1238 684 «Digitus
1263 626 1340 670 Dei
1363 636 1428 670 est

48 722 64 741 »
101 700 182 743 hoc
196 703 227 742 ⁴³.
257 717 276 739 n
304 699 448 742 Primo
472 699 548 742 ubi
580 697 790 757 scriptum
812 707 903 742 est:
936 716 955 739 ‹<
980 698 1160 756 Spiritus
1181 696 1258 741 Dei
1273 712 1426 755 super—

100 770 322 814 ferebatur
338 785 466 829 super
489 785 619 829 aquas
635 771 665 812 ³.
695 788 714 809 »
744 768 944 814 Secundo
966 769 1042 812 ubi
1065 768 1225 812 dicitur
1246 788 1254 812 :
1285 787 1305 810 «
1331 771 1427 812 ‘Non

102 841 373 901 permanebit
392 840 437 884 in
466 840 555 884 istis
577 840 828 884 hominibus
851 840 1033 899 Spiritus
1056 855 1200 894 meus,
1221 840 1425 900 quoniam

102 928 250 956 carnes
287 912 434 956 sunt4.
465 931 483 952 »
512 912 656 955 Tertio
674 947 683 965 ‚
710 912 785 955 ubi
817 912 984 955 Pharao
1005 910 1109 954 dicit
1140 911 1196 954 ad
1225 912 1387 970 Josepli
1415 930 1423 954 :

48 1002 67 1025 «
101 983 315 1036 Quoniam
342 982 525 1042 Spiritus
548 982 626 1026 Dei
647 991 710 1026 est
733 982 776 1026 in
801 985 885 1026 te5.
915 1001 934 1023 »
962 984 1149 1037 Quarto,
1175 982 1254 1025 ubi
1274 982 1428 1026 incan-

48 1064 202 1100 tatores
231 1055 535 1114 AEgyptiorum
569 1054 723 1098 dicunt
757 1074 766 1098 ε
803 1073 822 1096 t<
854 1055 1019 1112 Digitus
1051 1053 1128 1098 Dei
1160 1063 1224 1098 est
1263 1054 1362 1098 hoc.
1407 1073 1425 1093 »

0 1131 2 1178 ᾗ
43 1126 205 1180 Quinto
222 1161 232 1180 ‚
253 1126 298 1169 in
316 1126 398 1170 hoc
421 1126 602 1172 Cantico
625 1146 632 1170 :
663 1146 682 1168 «
703 1126 855 1171 Misisti
880 1125 1089 1184 Spiritum
1111 1134 1238 1168 tuum
1255 1160 1265 1179 ,
1292 1134 1335 1168 et
1357 1141 1433 1169 co-

47 1215 66 1238 »
102 1199 275 1256 operuit
297 1212 368 1241 eos
392 1212 522 1240 mare.
554 1216 573 1237 »
595 1196 923 1241 Meminerimus
946 1205 1091 1239 autem
1122 1195 1331 1255 Spiritum
1355 1196 1432 1239 Dei

46 1284 133 1313 non
161 1267 303 1312 solum
324 1267 380 1311 ad
402 1268 635 1327 beneficia,
662 1267 948 1311 verumetiam
973 1266 1028 1311 ad
1048 1266 1286 1311 vindictam
1309 1282 1432 1310 com-

46 1338 288 1382 memorari.
313 1341 422 1383 Nam
447 1338 555 1398 quid
572 1337 692 1382 aliud
715 1339 843 1382 etiam
865 1354 994 1398 supra
1017 1337 1123 1382 dixit
1148 1357 1156 1383 :
1188 1358 1207 1380 «
1232 1341 1314 1382 Per
1340 1338 1435 1397 Spi-

49 1427 69 1450 »
97 1409 234 1453 -ritum
269 1409 343 1452 irfe
366 1418 452 1452 tuae
481 1408 615 1453 divisa
643 1419 706 1453 est
728 1411 903 1469 aquafi?
928 1427 948 1450 ))
975 1413 1060 1453 iste
1082 1409 1229 1469 itaque
1250 1408 1432 1468 Spiritus

51 1480 121 1523 Dei
144 1479 188 1523 in
225 1480 473 1539 AEgypfios,
515 1480 689 1539 spiritus
711 1480 786 1523 irae
816 1481 906 1540 ejus
945 1479 1052 1535 fuit,
1090 1480 1249 1540 quibus
1282 1479 1432 1524 nocuit

47 1566 259 1610 aquarum
292 1550 442 1594 divisio
460 1586 470 1605 ‚
496 1560 545 1594 ut
577 1551 786 1594 intrantes
807 1560 983 1610 possent
1005 1551 1126 1611 aquis
1147 1550 1433 1594 redeuntibus

47 1621 172 1665 obrui
194 1641 202 1665 :
228 1620 326 1664 filiis
358 1637 460 1665 vero
483 1620 612 1665 Israel
636 1622 794 1682 quibus
816 1622 983 1681 profuit
1009 1622 1130 1682 quod
1159 1638 1270 1682 aqua
1302 1622 1435 1666 divisa

48 1701 127 1747 est,
149 1708 239 1736 non
261 1691 347 1735 fuit
369 1691 442 1736 ille
464 1693 639 1752 spiritus
655 1693 729 1736 irae
753 1694 844 1737 Dei.
872 1694 995 1737 Unde
1013 1694 1280 1751 significatur
1301 1709 1436 1753 prop-

50 1773 112 1808 ter
141 1764 329 1808 diversas
353 1764 624 1823 operationes
647 1774 690 1808 et
712 1765 893 1809 effectus
919 1766 1128 1824 Spiritum
1148 1766 1226 1810 Dei
1256 1764 1437 1809 dissimi-

52 1834 147 1878 liter
180 1833 414 1893 appellari,
458 1850 560 1878 cum
590 1835 644 1879 sit
670 1851 785 1878 unus
820 1844 950 1895 atque
983 1835 1055 1879 ille
1087 1835 1323 1890 duntaxat,
1362 1836 1436 1895 qui

52 1905 179 1948 etiam
205 1904 388 1963 Spiritus
411 1914 584 1949 sanctus
601 1906 645 1948 in
662 1906 830 1950 unitate
849 1906 1067 1950 Trinitatis
1090 1906 1314 1965 accipitur.
1329 1910 1438 1950 Pro-

55 1975 153 2018 inde
174 1991 263 2019 non
285 1975 471 2019 arbitror
503 1975 635 2019 alium
669 1992 802 2037 quam
838 1976 1040 2020 eumdem
1075 1977 1307 2036 significari
1326 2013 1335 2031 ,
1362 1977 1439 2020 ubi

53 2045 156 2090 dicit
173 2045 405 2105 Apostolus
428 2066 436 2090 ;
459 2066 477 2087 «
495 2049 593 2092 Non
615 2048 732 2091 enim
755 2048 976 2107 accepistis
999 2049 1197 2108 spiritum
1221 2049 1439 2093 servitutis

58 2135 77 2157 u
112 2117 268 2161 iterum
288 2118 332 2161 in
350 2118 506 2162 timore
526 2138 534 2162 2
557 2118 632 2162 sed
654 2119 875 2178 accepistis
897 2120 1106 2179 Spiritum
1129 2119 1373 2180 adoptionis
1395 2120 1441 2162 in

59 2205 78 2228 η
113 2204 200 2247 quo
235 2187 472 2232 clamamus
501 2208 509 2232 :
535 2189 662 2232 Abba
702 2191 886 2247 Pater⁷3
926 2208 945 2231 »
972 2191 1072 2251 quia
1097 2190 1248 2234 eodem
1275 2190 1441 2250 Spiritu

57 2258 158 2311 Dei,
183 2257 228 2302 id
255 2268 346 2312 est,
372 2259 508 2318 digito
532 2259 609 2302 Dei
626 2294 637 2314 7
663 2275 752 2319 quo
777 2263 864 2304 Lex
885 2260 932 2304 in
954 2260 1114 2304 tabulis
1134 2260 1314 2321 lapideis
1332 2277 1442 2305 con-

26 2363 32 2565 ὶ
59 2329 213 2389 scripta
235 2340 298 2375 est
312 2366 322 2385 ‚
348 2331 478 2375 timor
499 2331 693 2376 incussus
716 2340 779 2375 est
802 2332 861 2376 eis
875 2334 889 2357 ⁸
908 2367 918 2387 ,
939 2332 1016 2392 qui
1040 2332 1223 2391 gratiam
1241 2332 1441 2376 nondum

47 791 55 811 )

57 790 65 810 v-

46 860 55 881 )

57 861 65 882 v

46 931 55 951 Ἰ

58 932 66 952 ν

60 2399 371 2459 intelligebant,
392 2410 442 2445 ut
463 2400 517 2445 de
540 2417 616 2446 sua
638 2402 887 2446 infirmitate
908 2412 1039 2464 atque
1061 2403 1246 2463 peccatis
1268 2419 1345 2463 per
1364 2407 1445 2447 Le-

62 2485 155 2529 gem
178 2472 558 2528 convincerentur,
583 2482 627 2516 et
665 2492 685 2514 «
721 2475 807 2516 Lex
838 2472 919 2517 illis
943 2475 1064 2518 fieret
1102 2473 1388 2534 paedagogus,
1422 2490 1445 2517 a

30 2567 35 2663 ἴ
108 2574 115 2589 ¹
147 2569 244 2601 Exod.
276 2580 337 2611 xv,
369 2581 418 2602 io.
450 2587 491 2591 ——
512 2576 524 2591 ²
546 2570 592 2601 Id.
614 2581 681 2611 vni,
706 2581 756 2613 19·
784 2588 825 2593 —-
847 2568 860 2592 3
887 2573 966 2603 Gen.
986 2582 996 2602 1
1012 2596 1020 2612 ‚
1048 2580 1078 2602 2.
1111 2588 1152 2593 —
1170 2569 1185 2600 4
1203 2571 1249 2602 Id.
1281 2582 1329 2611 vi,
1351 2571 1381 2602 3.
1403 2587 1442 2592 -—-

32 2664 35 2725 ἱ
63 2622 77 2646 5
105 2625 151 2657 Id.
173 2636 235 2667 xm,
254 2626 306 2657 38.
330 2643 362 2648 -
388 2626 403 2647 ‘²
424 2627 523 2659 Exod.
545 2638 601 2668 xv,
622 2627 651 2658 S.
671 2635 740 2660 -7
762 2630 851 2659 Itoni.
870 2639 937 2669 vu1,
957 2628 1007 2659 15.
1027 2645 1066 2650 -—
1084 2627 1098 2650 3
1115 2628 1212 2660 Ezod.
1241 2639 1328 2669 xxxi,
1346 2630 1399 2660 ιδ.

196 2690 320 2719 cxiii.
1262 2683 1305 2719 16
