1872 3267
200 238 467 277 qums-mouns
499 241 543 268 m
577 239 984 277 nEnTER0N0M10M‚
1020 240 1101 266 Lm.
1138 239 1179 266 v.
1299 226 1382 266 523

0 321 182 370 qnorum
205 322 251 352 os
272 306 470 352 locutum
498 315 562 351 est
590 305 844 352 vanitatem.
870 307 1052 350 Beatum
1073 304 1278 349 dixerunt
1297 319 1381 364 po-

0 376 147 439 pulum
174 378 244 422 cui
272 378 367 422 haec
388 386 511 432 sunt,
539 391 640 421 cum
663 377 808 436 potius
824 412 835 431 ,
861 376 972 420 sicut
993 391 1093 420 mox
1119 374 1318 435 adjungit
1339 384 1383 419 et

0 448 121 497 docet
135 483 146 503 ,
166 450 354 492 «Beatus
375 448 429 494 sit
450 448 654 507 populus,
675 448 798 508 eujus
819 448 1028 492 Dominus
1049 450 1161 490 Deus
1183 446 1331 506 ipsius.
1358 464 1377 486 »

0 523 97 573 Haec
114 529 178 564 est
193 536 293 564 vera
315 519 511 573 dextera,
537 519 752 579 aequitatis
770 555 780 574 ‚
806 535 897 563 non
918 518 1174 579 iniquitatis.
1200 520 1298 562 Non
1319 525 1384 560 est

0 606 94 650 ergo
129 590 326 636 eundum
358 599 454 650 post
485 589 589 634 deos
627 590 813 643 alienos,
857 605 999 650 neque
1037 590 1082 633 in
1119 588 1269 633 dextra
1284 623 1295 643 ,
1331 597 1383 631 ut

0 661 206 711 existimet
224 662 356 706 homo
375 677 426 706 ex
449 661 548 720 ipsis
568 676 611 705 se
630 661 721 705 fieri
744 662 921 705 beatum
939 682 950 717 3
970 675 1112 720 neque
1132 659 1179 702 in
1192 659 1378 712 sinistra,

0 742 42 786 ut
72 731 357 776 existimando
386 732 486 792 ipsis
514 733 843 777 adversantibus
872 747 916 775 se
941 731 1032 774 fieri
1064 730 1298 784 miserum,
1324 727 1381 773 ad

0 805 74 852 hoc
96 819 169 848 eos
191 803 306 848 colat
333 813 383 848 ut
414 813 593 849 avertat.
625 808 715 848 Aut
737 812 851 848 certe
877 803 910 846 si
932 801 1081 846 dextra
1103 800 1382 859 intelligimus

0 884 151 921 aeterna
167 909 179 930 ,
203 875 371 920 sinistra
392 890 494 919 vero
525 874 781 935 temporalia
805 874 948 931 hona3
971 889 1053 917 nec
1074 882 1252 932 propter
1274 870 1346 915 illa
1366 906 1378 926 ,

0 962 71 992 nec
102 955 280 1006 propter
316 946 394 990 ista
424 961 495 991 eos
525 946 732 992 colendos
756 954 904 990 sancta
929 945 1148 1005 Scriptura
1177 942 1381 988 hocloco

0 1016 266 1063 admonuisse
288 1016 505 1062 credatur.

482 1128 719 1179 QUAESTIO
749 1129 885 1167 XLIX.

53 1249 70 1270 «
90 1232 188 1275 Ha-:c
209 1230 343 1276 verba
365 1229 626 1274 Testamenti
648 1227 769 1289 quod
783 1227 1009 1272 mandavit
1030 1227 1239 1272 Dominus
1253 1229 1382 1286 Moy-

0 1319 15 1344 »
47 1302 81 1345 si
94 1337 110 1357 ,
134 1311 322 1346 statuere
355 1301 453 1346 filiis
481 1301 612 1345 Israel
640 1302 684 1344 in
712 1310 825 1344 terra
859 1300 1012 1355 Moab‚
1045 1308 1201 1359 praeter
1234 1302 1381 1343 Testa-

0 1392 14 1415 »
47 1383 246 1419 mentum
274 1374 394 1434 quod
418 1382 598 1418 testatus
625 1382 690 1417 est
721 1372 780 1416 eis
813 1372 857 1415 in
878 1372 1053 1416 Choreb
1070 1374 1100 1415 ¹.
1127 1390 1147 1412 ³>
1181 1370 1382 1416 Ostendit

0 1444 108 1489 unde
129 1444 374 1505 appellatus
394 1446 448 1489 sit
467 1443 578 1488 liber
601 1444 989 1489 Deuteronomium
1009 1480 1019 1498 ‚
1046 1444 1167 1504 quasi
1189 1444 1379 1488 secunda

0 1518 101 1573 Lex3
125 1516 203 1559 ubi
229 1516 364 1573 magis
395 1514 510 1559 illius
533 1515 731 1574 repetitio
754 1525 817 1558 est
833 1551 843 1570 ,
872 1531 1005 1574 quam
1037 1514 1204 1575 aliquid
1225 1514 1344 1559 aliud
1368 1534 1376 1559 :

0 1600 126 1646 pauca
149 1586 264 1630 enim
299 1594 424 1640 sunt,
450 1602 549 1645 quac
577 1585 638 1628 ibi
664 1601 754 1629 non
777 1586 860 1629 sint
892 1586 937 1629 in
969 1602 1020 1629 eo
1049 1585 1169 1646 quod
1191 1586 1378 1645 primum

0 1654 139 1700 iatum
162 1666 238 1700 est.
266 1659 353 1700 Nec
382 1666 529 1700 tamen
553 1653 829 1715 appellantur
851 1657 945 1700 haee
968 1657 1056 1700 duo
1081 1659 1377 1712 Testamenta,

0 1729 184 1790 quamvis
206 1728 263 1772 ita
287 1729 381 1772 haec
398 1728 532 1772 verba
554 1744 706 1772 sonare
727 1727 959 1773 videantur
979 1748 987 1773 ι
1009 1738 1246 1788 utrumque
1263 1728 1380 1771 enim

0 1815 126 1844 unum
149 1808 212 1842 est
237 1801 561 1842 Testamentum
578 1834 589 1853 ,
614 1799 734 1858 quod
756 1799 801 1842 in
826 1797 1016 1842 Ecclesia
1042 1798 1202 1843 dicitur
1225 1801 1375 1842 Vetus.

0 1873 96 1916 Nam
112 1870 145 1914 si
161 1878 335 1929 propter
353 1870 447 1913 haec
466 1869 599 1913 verba
614 1869 703 1913 duo
719 1872 991 1913 Testamenta
1013 1868 1197 1913 dicenda
1221 1878 1376 1924 essent,

0 1944 192 1997 {amnon
219 1940 335 1995 duo,
375 1941 451 1984 sed
483 1940 609 1999 plura
634 1949 799 1995 essent,
838 1949 1016 1999 excepto
1049 1942 1187 1985 Novo.
1230 1938 1379 1984 Multis

0 2011 104 2055 3111111
126 2011 230 2056 10015
256 2012 475 2071 Scriptura
497 2010 602 2055 dicit
628 2014 950 2055 Testamentum
969 2026 977 2051 :
999 2010 1111 2055 510111
1127 2009 1237 2054 1111111
1260 2010 1379 2071 quod

0 2080 153 2127 factum
185 2091 249 2126 est
272 2082 326 2126 ad
348 2082 570 2127 Abraham
598 2084 652 2125 de
682 2081 1009 2126 circumcisione
1024 2084 1058 2136 ²,
1081 2080 1152 2126 vel
1174 2080 1284 2126 illud
1306 2097 1380 2126 511-

0 2153 132 2212 perius
154 2152 210 2198 ad
226 2156 318 2198 Noe’
332 2153 363 2196 ³.

531 2249 766 2299 QUAESTIO
799 2252 844 2288 L.

53 2375 72 2397 «
102 2358 166 2399 ΕΤ
192 2371 269 2401 vos
297 2354 462 2400 vidistis
496 2354 663 2407 omnia,
703 2369 994 2414 quaecumque
1034 2352 1135 2397 fecit
1167 2353 1378 2397 Dominus

22 2443 43 2466 n
68 2429 182 2470 Deus
204 2427 399 2470 vesterin
422 2435 535 2469 terra
552 2425 730 2484 AEgypti
752 2440 897 2468 coram
918 2424 1042 2469 vobis
1066 2424 1304 2477 Pharaoni,
1335 2432 1378 2467 et

22 2515 41 2537 »
69 2497 268 2541 omnibus
290 2497 418 2541 servis
441 2498 533 2556 ejus
548 2531 558 2550 ,
589 2505 630 2539 et
652 2495 770 2539 omni
788 2504 913 2539 terrae
935 2495 1050 2539 illius
1067 2530 1077 2549 ‚
1119 2495 1377 2538 tentationes

41 2598 47 2614 ¹
72 2595 161 2623 Dent.
180 2604 266 2629 xxix,
291 2605 317 2624 1.
347 2609 382 2615 —-
402 2599 414 2613 ²
441 2595 519 2624 Gen.
541 2603 619 2631 xvu,
640 2590 672 2633 4.
694 2609 735 2614 -
753 2590 830 2623 31d.
858 2603 901 2629 ix,
919 2603 954 2633 9.
