1872 3267
420 257 502 295 398
860 269 893 294 s.
929 264 1011 295 Aue
1020 269 1158 296 Usum
1192 269 1371 295 EPISCOPI

416 352 437 374 »
463 332 624 376 tulerit¹
645 351 654 376 ;
675 350 695 373 »
720 340 764 375 et
779 331 825 374 in
846 331 929 376 hoc
941 333 1165 377 constituit
1184 341 1427 392 peccatum,
1443 342 1487 377 et
1500 334 1791 378 comminatur

410 401 600 458 facienti,
617 400 771 446 nonde
785 401 834 445 iis
850 401 955 446 dicit
968 419 1066 463 quae
1083 402 1342 448 occiduntur
1358 402 1414 447 ad
1426 419 1553 448 usum
1569 404 1785 461 vescendi,

410 472 481 518 vel
498 473 532 517 si
550 471 658 533 quid
680 471 815 527 aliud,
833 471 909 516 sed
925 471 979 517 de
996 473 1223 518 sacrificiis.
1245 472 1476 518 Prohibuit
1492 475 1608 518 enim
1623 475 1793 534 privata

405 543 627 599 sacrific-ia,
642 559 697 587 ne
714 543 796 588 sibi
818 543 1002 603 quique
1024 543 1216 604 quodam
1238 544 1370 588 modo
1390 543 1586 589 sacerdos
1608 560 1696 590 esse
1717 561 1792 590 au-

407 612 508 657 deat
522 649 532 669 ‚
557 613 632 658 sed
648 612 752 657 illuc
770 613 944 669 afferat,
964 614 1042 657 uhi
1055 629 1132 674 per
1140 615 1411 659 sacerdotem
1428 615 1669 660 offerantur
1680 619 1785 661 Deo.

404 685 473 727 Ita
495 683 611 727 enim
632 699 712 728 nec
733 683 853 729 vanis
891 683 1221 743 sacrificabunt3
1242 699 1343 728 nam
1366 693 1409 728 et
1425 685 1509 736 hoc
1530 685 1578 728 in
1608 701 1658 729 ea
1681 701 1789 730 con-

403 754 634 798 suetudine
662 754 908 800 cavendum
932 755 1210 814 praemonuit.
1238 757 1349 800 Cum
1377 771 1481 815 ergo
1514 771 1604 800 non
1639 755 1791 801 liceret

403 825 551 870 offerri
570 826 775 870 sacrificia
796 826 878 870 nisi
899 825 944 869 in
967 825 1249 871 tabernaculo
1268 862 1279 882 ‚
1308 827 1379 870 cui
1396 826 1612 886 'templum
1636 837 1788 888 posttea

402 897 626 955 successit3
652 896 769 941 unde
790 906 833 941 et
854 912 928 940 rex
946 895 1076 940 Israel
1102 897 1336 941 Jeroboam
1358 913 1507 942 vaccas
1528 896 1670 942 facere
1696 914 1787 942 au-

403 984 473 1012 sus
489 977 554 1012 est
570 970 606 1024 ¹,
633 967 792 1028 quibus
820 966 1008 1028 populus
1029 967 1286 1012 sacrificaret
1301 1003 1311 1023 ‚
1343 983 1398 1011 ne
1421 969 1550 1028 hujus
1577 968 1685 1028 legis
1709 973 1790 1013 ne-

404 1039 600 1084 cessitate
616 1040 925 1083 seducerentur
942 1039 996 1082 ab
1014 1054 1064 1083 eo
1081 1039 1157 1099 qui
1170 1039 1251 1082 sub
1267 1054 1400 1098 regno
1418 1040 1508 1100 ejus
1526 1049 1664 1095 erant,
1681 1039 1788 1084 dum

402 1120 633 1171 pergerent
654 1110 895 1155 Jerusalem
915 1120 965 1155 ut
996 1111 1042 1155 in
1062 1110 1225 1171 templo
1255 1111 1334 1155 Dei
1355 1111 1564 1156 offerrent
1583 1111 1787 1156 sacrificia

403 1198 501 1238 sua,
526 1182 572 1226 in
611 1196 700 1243 quo
740 1181 854 1226 sacto
877 1198 900 1225 a
920 1182 1107 1226 Domino
1145 1181 1460 1227 condemnatus
1489 1191 1553 1226 est
1585 1202 1594 1226 ;
1632 1182 1801 1227 merito*

402 1254 639 1314 quaeritur,
665 1253 887 1314 quomodo
924 1252 1039 1298 licite
1069 1253 1371 1311 sacrificaverit
1392 1253 1507 1299 Elias
1533 1263 1651 1298 extra
1672 1263 1785 1298 tem-
1834 1259 1835 1262 ’
1863 1295 1868 1317 ἲ

401 1324 527 1384 plum
546 1326 649 1381 Dei,
676 1324 853 1385 quando
879 1334 921 1369 et
943 1325 1086 1382 ignem
1108 1324 1163 1368 de
1192 1324 1304 1369 coelo
1327 1325 1594 1384 impetravit,
1621 1335 1665 1370 et
1684 1341 1787 1385 pro-

402 1398 554 1456 phetas
586 1397 903 1442 daemoniorum
931 1397 1161 1441 convicit&
1193 1395 1322 1449 Quod
1356 1396 1465 1440 mihi
1495 1412 1585 1441 non
1613 1397 1788 1442 videtur
1827 1431 1829 1437 .
1870 1403 1871 1406 ’

401 1468 483 1512 alia
507 1469 674 1513 ratione
691 1467 892 1524 defendi,
917 1484 1048 1528 quam
1063 1467 1136 1512 illa
1159 1483 1246 1527 qua
1267 1466 1518 1511 defenditur
1536 1477 1580 1512 et
1596 1468 1785 1512 Abrahae
1830 1491 1832 1494 ·

401 1538 594 1596 sactum,
631 1539 753 1601 quod
774 1538 915 1583 filium
930 1542 1022 1583 Deo
1051 1540 1195 1599 jussus
1215 1538 1355 1584 voluit
1381 1537 1645 1583 immolare&
1670 1540 1784 1584 Cum

401 1611 517 1656 enim
530 1612 659 1672 jubet
679 1611 752 1655 ille
768 1611 846 1672 qui
866 1610 1007 1669 legem
1028 1610 1276 1666 constituit,
1301 1609 1466 1671 aliquid
1486 1610 1580 1654 fieri
1597 1609 1716 1670 quod
1738 1610 1784 1654 in
1824 1641 1826 1644 ψ
1860 1642 1861 1647 ¹

400 1682 497 1741 lege
526 1682 773 1743 prohibuit‚
804 1681 939 1743 jussio
972 1681 1062 1741 ipsa
1090 1697 1169 1742 pro
1200 1681 1297 1740 lege
1330 1681 1543 1736 habetur,
1576 1681 1784 1741 quoniam
1818 1683 1820 1692 '

391 1764 554 1799 *auctor
576 1764 639 1798 est
664 1754 784 1812 legis.
820 1756 918 1799 Non
941 1754 1057 1797 enim
1082 1752 1239 1797 deesse
1260 1761 1435 1812 possent
1465 1752 1675 1796 miracula
1700 1752 1782 1796 alia

400 1835 559 1885 praeter
575 1825 1025 1885 sacrificium‚·quibus
1041 1832 1405 1884 superarenturet
1421 1823 1782 1868 convincerentur

394 1898 624 1957 prophetae
642 1895 847 1941 ‘lucorum
873 1915 882 1940 :
907 1895 983 1939 sed
1013 1895 1193 1954 Spiritus
1221 1892 1558 1955 Dei²clui-t'ue1'at
1588 1894 1635 1938 in
1656 1893 1776 1950 Elia»
1842 1891 1866 1955 i‘ae

399 1966 617 2028 quidquid
643 1967 687 2011 in
709 1967 790 2010 hac
812 1981 857 2009 re
891 1964 1014 2022 fecit,
1038 1963 1464 2024 contradegemesse
1493 1980 1584 2010 non
1614 1972 1777 2024 potest-5
1858 1983 1866 2016 ¹.

389 2038 502 2098 quia
523 2037 649 2083 dator
665 2046 728 2082 est
748 2037 866 2095 legis.

901 2145 1138 2195 QUAESTIO
1170 2147 1287 2186 LVII.

458 2252 492 2293 I.
514 2251 629 2302 Qun)
647 2256 710 2292 est
731 2247 850 2308 quod
869 2247 1105 2306 prohibens
1127 2245 1346 2290 edendum
1368 2245 1623 2303 sanguinem
1644 2244 1774 2300 dicit,

401 2337 422 2361 «
446 2319 601 2363 Anima
625 2318 764 2363 omnis
796 2318 956 2372 carnis,
992 2317 1165 2376 sanguis
1188 2317 1277 2376 ejus
1305 2319 1393 2360 est?
1418 2335 1436 2357 n
1466 2318 1605 2369 Quem
1635 2324 1775 2359 totum
1827 2331 1842 2353 z.

396 2388 543 2433 locum
565 2389 624 2433 sic
642 2387 847 2448 explicat,
877 2390 971 2431 «Et
992 2388 1145 2442 homo,
1163 2388 1302 2431 >homo
1324 2385 1512 2430 filiorum
1528 2383 1680 2440 lsrael,
1700 2393 1776 2429 aut
1831 2400 1834 2423 ε
1853 2412 1864 2441 <³

399 2477 419 2500 »
440 2459 495 2503 de
516 2459 764 2519 proselytis,
787 2459 863 2519 qui
897 2457 1079 2517 appositi
1111 2466 1212 2501 sunt
1252 2456 1299 2500 in
1329 2456 1473 2511 vobis,
1506 2455 1774 2515 quicumque
1830 2488 1857 2512 ,Γ

1806 2533 1813 2549 ¹,

443 2563 451 2579 ¹
482 2557 586 2590 Levit.
610 2567 694 2598 xvii,
723 2555 753 2588 3.
783 2572 823 2578 —-—
854 2561 866 2576 ²
890 2555 908 2586 3
934 2556 1011 2596 ch.
1039 2565 1101 2595 χιι,
1128 2553 1170 2586 28
1202 2570 1243 2575 —-
1266 2551 1279 2575 3
1303 2552 1349 2584 Id.
1381 2563 1476 2594 xviii,
1508 2551 1561 2584 36.
1588 2569 1629 2574 —-
1655 2549 1672 2580 ⁴4
1692 2552 1769 2584 Gen.
1806 2551 1808 2555 '
1870 2576 1872 2600 1

396 2624 472 2654 xxii,
492 2614 522 2645 3.
