1872 3267
352 288 434 328 348
774 299 808 329 s.
843 300 1075 331 ‚mmmmm
1106 302 1289 330 Emscom

350 366 540 410 nesciens
561 365 743 426 juravit,
769 365 877 410 dixit
898 367 1044 412 offerri
1064 382 1218 426 agnam
1240 366 1310 412 vel
1331 369 1538 428 capram?
1559 369 1627 412 An
1650 383 1730 428 pro

350 437 552 481 omnibus
584 452 712 496 supra
748 436 872 482 dictis
904 438 988 483 hoc
1021 439 1278 484 sacrificium
1316 447 1488 498 oportet
1521 438 1732 498 intelligi?

350 508 498 552 Voluit
520 509 636 552 enim
662 508 783 567 prius
813 509 958 554 omnia
987 525 1256 565 enumcrare,
1278 519 1321 554 et
1350 509 1409 554 sic
1444 508 1604 554 inferre
1641 526 1731 570 quo

349 578 555 623 sacrificio
574 579 740 638 possint
761 579 936 638 expiari.
964 579 1049 624 Sed
1074 580 1120 623 in
1139 581 1196 624 eis
1219 579 1421 624 omnibus
1446 595 1576 639 supra
1605 578 1730 624 dictis

349 649 576 708 generibus
598 659 891 709 pcccatorum,
917 660 1019 695 sunt
1042 650 1242 711 quaedam
1263 660 1440 711 propter
1456 650 1729 707 locutionum

349 719 499 763 modos
522 720 787 764 subobscure
814 721 975 780 posita,
997 721 1123 766 sicuti
1144 730 1207 765 est
1228 721 1349 782 quod
1370 721 1450 777 ait,
1480 741 1501 764 «
1532 720 1730 766 Mortici-

351 809 371 832 »
407 806 512 834 num
539 792 854 851 jumentorum.
889 810 908 833 »
935 795 997 836 Ea
1025 793 1140 836 enim
1168 808 1266 853 quae
1296 807 1432 850 graece
1455 799 1549 835 κτήνη
1579 792 1731 852 appel-

348 860 509 916 lantur,
530 860 725 921 plerique
747 871 995 906 nostrorum
1017 881 1036 904 «
1051 863 1249 922 jumenta
1269 881 1288 904 n
1310 863 1580 923 interpretati
1607 871 1726 918 sunt,

345 931 465 992 quod
499 947 658 977 nomen
691 932 736 976 in
764 932 897 978 latina
934 933 1249 978 consuetudine
1285 949 1437 978 eorum
1479 932 1730 978 animalium

346 1011 429 1058 est,
454 1018 643 1063 quorum
671 1002 891 1047 laboribus
919 1002 1197 1064 adjuvamur,
1222 1004 1409 1048 maxime
1439 1004 1486 1048 in
1506 1003 1731 1064 portandis

343 1073 561 1129 oneribus,
587 1074 711 1118 sicuti
733 1083 835 1118 sunt
857 1074 981 1135 equi,
1002 1075 1125 1130 asini,
1150 1075 1279 1131 muli,
1300 1074 1477 1131 cameli,
1497 1084 1540 1119 et
1563 1074 1596 1119 si
1623 1074 1730 1135 quid

344 1143 594 1203 hujusmodi
613 1164 620 1189 :
647 1159 745 1204 quae
767 1160 871 1189 vero
894 1145 1033 1189 Graeci
1051 1151 1144 1189 κτήνη
1164 1154 1322 1190 vocant
1339 1180 1351 1201 ‚
1376 1154 1467 1190 tam
1493 1144 1580 1190 late
1601 1144 1731 1188 intel-

345 1213 563 1271 liguntur,
588 1223 638 1258 ut
664 1214 808 1258 omnia
837 1224 912 1259 aut
939 1230 1075 1275 prope
1097 1216 1241 1259 omnia
1264 1231 1420 1275 pecora
1449 1215 1530 1260 isto
1553 1214 1732 1259 nomine

344 1283 678 1328 concludantur.
705 1287 762 1328 Et
783 1284 882 1329 ideo
904 1300 1018 1329 novo
1043 1300 1198 1344 genere
1220 1284 1466 1341 locutionis,
1490 1284 1611 1330 velut
1631 1298 1729 1330 πληο-

343 1366 468 1410 νασμῷ,
497 1354 695 1399 additum
719 1364 782 1399 est
804 1355 848 1399 in
878 1370 1034 1414 graeco,
1063 1375 1083 1398 «
1108 1355 1458 1411 immundorum,
1485 1374 1505 1397 »
1530 1371 1630 1400 cum
1659 1357 1729 1400 di-

343 1434 535 1482 ceretur,
572 1445 592 1467 «
611 1427 940 1486 jumentorum:
975 1445 995 1468 n
1028 1427 1236 1487 quoniam
1264 1436 1365 1471 sunt
1397 1427 1528 1471 etiam
1561 1428 1726 1472 munda

343 1511 520 1556 pecora,
545 1512 644 1556 quae
676 1502 768 1539 κττῖνη
792 1496 1081 1556 appellantur.
1114 1499 1222 1550 Quae
1245 1506 1389 1541 autem
1405 1498 1604 1557 jumenta
1625 1513 1727 1542 usus

342 1564 501 1610 latinus
523 1566 734 1626 appellat,
760 1566 1000 1613 secundum
1035 1567 1163 1625 Legis
1197 1566 1520 1613 distinctionem
1553 1568 1727 1612 nonnisi

342 1635 567 1683 immunda
590 1647 706 1682 sunt.

875 1744 1111 1795 QUAEsrio
1142 1746 1210 1785 111.

401 1853 511 1894 ITEM
531 1848 653 1910 quod
669 1849 746 1893 ait:
776 1867 796 1890 «
829 1847 985 1893 Anima
1003 1861 1293 1908 quaecumque
1315 1846 1549 1907 juraverit,
1572 1847 1728 1892 distin-

344 1941 363 1963 »
400 1937 535 1980 guens
552 1920 676 1965 labiis
688 1918 944 1964 malefacere
956 1928 1032 1963 aut
1043 1918 1298 1962 benefacere
1308 1921 1340 1974 ¹,
1356 1937 1376 1960 »
1393 1919 1604 1978 quaeritur
1620 1919 1725 1979 quid

340 1993 519 2046 dixerit,
549 2010 569 2033 (ι
594 1990 878 2049 distinguens.
903 2008 922 2031 »
948 1988 1130 2034 Assidue
1155 1989 1319 2049 quippe
1340 1989 1423 2032 hoc
1445 1989 1628 2033 verbum
1646 2005 1726 2049 po-

298 2079 302 2082 *
340 2063 403 2106 nit
433 2062 668 2121 Scriptura.
698 2059 821 2105 Unde
856 2068 921 2103 est
944 2068 986 2102 et
1009 2058 1148 2116 illud3
1182 2078 1202 2101 «
1237 2057 1434 2102 Reddam
1456 2069 1555 2104 vota
1576 2075 1671 2104 mea
1687 2063 1721 2115 Ἰ,

345 2153 364 2173 ι»
399 2148 499 2193 quae
521 2133 810 2176 distinxerunt
827 2130 941 2175 labia
958 2146 1068 2175 nica.
1094 2148 1114 2171 »
1136 2133 1245 2176 Item
1267 2129 1426 2174 dicitur
1447 2129 1501 2175 ad
1517 2131 1722 2174 Ezechie-

342 2204 447 2248 lem:
477 2222 496 2245 «
534 2205 647 2247 Cum
685 2201 826 2246 dicam
850 2201 1027 2260 iniquo:
1063 2203 1204 2245 Morte
1236 2200 1449 2255 moriem,
1478 2209 1520 2244 et
1550 2210 1599 2245 tu
1631 2216 1721 2245 non

344 2294 363 2313 η
401 2273 629 2318 distinxisti
653 2288 796 2332 neque
813 2271 984 2316 locutus
1007 2273 1092 2315 es3.
1121 2274 1268 2316 »Item
1290 2271 1499 2331 scriptum
1521 2280 1610 2316 est:
1630 2292 1650 2314 «
1678 2273 1719 2317 Si

343 2365 363 2386 n
399 2345 547 2405 quain
560 2344 690 2388 domo
712 2343 843 2403 patris
867 2343 932 2387 sui
947 2343 1181 2387 constituta
1197 2343 1364 2388 voverit
1379 2352 1546 2398 votum,
1565 2342 1719 2386 distin-

344 2434 363 2455 »
401 2431 453 2473 gu
461 2430 534 2458 ens
552 2414 675 2458 labiis
692 2414 776 2459 suis
789 2412 991 2457 adversus
1004 2413 1191 2457 animam
1206 2415 1363 2458 suam4.
1380 2431 1400 2454 »
1414 2412 1718 2471 Videturergo

340 2486 415 2529 ista
428 2483 646 2529 distinctio
662 2483 782 2544 quasi
803 2482 998 2527 definitio
1017 2498 1128 2539 esse,
1145 2499 1231 2544 qua
1249 2484 1485 2528 secernitur
1501 2481 1666 2544 aliquid
1688 2498 1709 2526 a

389 2589 395 2604 ¹
422 2584 498 2614 Lev.
532 2594 563 2621 v,
595 2582 625 2624 4.
668 2599 695 2604 -
720 2590 731 2604 2
756 2581 1002 2624 Psal.txv,13,
1028 2579 1076 2622 14.
1105 2597 1145 2605 ·-=·
1165 2578 1178 2603 3
1205 2580 1317 2614 Ezccli.
1351 2591 1404 2621 ιιι,
1430 2582 1477 2612 ι8.
1504 2596 1544 2602 -
1573 2579 1588 2610 4
1618 2580 1712 2612 Num.

342 2636 469 2677 (τιμά.
