1872 3267
440 261 698 292 LOCI‘Tto‘NES
729 264 783 290 m:
814 263 992 300 Gravest,
1030 264 1110 289 Lm.
1147 264 1176 289 1.
1439 252 1488 288 21

114 329 231 375 unde
259 340 300 375 et
325 345 427 389 gens
455 344 584 389 quam
622 327 872 388 propagavit
906 327 1208 385 cognominata
1246 335 1334 381 est,
1373 327 1496 386 cujus

113 402 266 462 utique
290 410 409 461 pater
430 400 529 444 fuit.

170 474 416 516 CXXVIII.
447 491 466 512 «
487 473 598 515 Cum
617 469 804 515 audisset
821 479 966 513 autem
983 468 1159 522 Ruben,
1180 467 1379 512 liberavit
1396 482 1498 511 eum

114 561 134 584 »
159 542 213 586 de
236 542 435 585 manibus
457 556 606 585 eorum
621 576 631 596 ‚
653 550 696 584 et
717 539 847 585 dixit:
866 543 963 585 Non
986 538 1191 583 feriamus
1213 554 1314 582 eum
1335 539 1381 581 in
1404 538 1498 581 ani-

114 632 133 655 »
159 614 318 656 mam¹.
348 615 487 657 »Non
509 627 611 670 ergo
649 611 850 655 liberavit
871 626 993 665 eum,
1028 619 1072 654 et
1103 609 1206 653 inde
1238 609 1321 653 hoc
1353 607 1491 653 dixit:

108 683 183 728 sed
205 684 288 727 hoe
307 682 493 727 dicendo
508 698 608 727 eum
625 682 837 726 liberavit.
860 681 982 726 Prius
999 695 1100 739 ergo
1119 678 1239 734 dixit,
1260 678 1498 723 «liberavit

113 775 130 796 »
157 770 273 809 eum,
302 773 321 795 »
343 763 386 797 et
398 752 556 797 deinde
572 753 690 797 brevi
704 753 1061 813 recapitulatione
1081 749 1305 812 quomodo
1318 765 1419 794 eum
1443 749 1495 793 Ii-

107 825 321 868 beraverit
336 860 346 880 ,
371 824 577 868 insinuat.

165 897 365 940 CXXIX.
393 916 412 938 «
437 898 536 940 Non
565 894 770 939 feriamus
792 910 892 938 eum
916 895 958 938 in
988 894 1176 938 animam
1211 913 1220 938 ;
1250 912 1269 934 »
1296 891 1495 937 hocloco

107 967 282 1010 nomine
300 967 456 1010 animae
471 966 606 1010 vitam
624 965 814 1025 eorporis
840 965 1018 1008 animati
1041 964 1276 1023 significat,
1297 979 1374 1023 per
1396 963 1496 1006 essi-

105 1037 292 1080 cientem
324 1036 370 1081 id
402 1036 521 1096 quod
554 1036 755 1080 eflicitur.
794 1035 1044 1080 Secundum
1075 1035 1159 1078 hoc
1186 1033 1323 1078 videri
1354 1043 1498 1092 potest

104 1107 230 1151 etiam
256 1106 311 1151 ad
333 1106 560 1152 diabolum
593 1107 760 1151 dictum
791 1121 880 1150 esse
907 1105 960 1149 de
987 1105 1072 1150 Job
1100 1125 1108 1150 :
1137 1125 1157 1147 «
1182 1105 1383 1149 Animam
1406 1105 1497 1164 ejus

107 1196 127 1218 »
151 1192 206 1221 ne
224 1180 414 1237 tangasss.
440 1196 459 1218 »
481 1177 525 1222 id
539 1187 616 1232 est,
647 1197 666 1219 «
688 1192 742 1220 ne
766 1175 937 1221 occidas
961 1192 1078 1220 eum.
1119 1179 1229 1221 Nam
1254 1174 1497 1220 secundum

104 1248 221 1292 illam
246 1249 603 1308 significationem
626 1265 713 1309 qua
737 1257 895 1292 natura
915 1248 1071 1292 animae
1097 1256 1466 1292 commemoratur
1481 1282 1492 1301 ‚

103 1319 213 1364 illud
231 1336 254 1364 a
290 1321 474 1364 Domino
506 1321 667 1364 dieitur
693 1340 700 1364 :
737 1340 757 1362 «
781 1319 926 1365 Nolite
960 1320 1114 1363 timere
1137 1335 1208 1363 eos
1237 1319 1314 1380 qui
1337 1334 1496 1378 corpus

106 1409 125 1431 »
147 1390 355 1435 occidunt
372 1427 382 1446 ‚
409 1392 597 1435 animam
622 1400 767 1434 autem
789 1407 878 1435 non
902 1399 1084 1450 possunt
1098 1389 1293 1434 occidere
1310 1392 1340 1433 ⁴.
1370 1409 1390 1430 »

158 1463 335 1505 CXXX.
354 1461 483 1515 Quod
503 1461 638 1506 Judas
656 1461 762 1506 dicit
787 1482 794 1505 ;
826 1464 1018 1506 «Manus
1053 1470 1198 1506 autem
1226 1470 1386 1505 nostrae
1409 1477 1498 1505 non

103 1550 123 1572 »
142 1532 226 1576 sint
243 1548 372 1592 super
391 1535 534 1589 eum⁵‚
553 1551 572 1574 »
584 1533 668 1577 hoe
681 1541 745 1576 est
761 1533 882 1593 quod
897 1522 983 1576 diei
1001 1548 1024 1576 a
1038 1521 1166 1576 'nobis
1185 1532 1294 1576 solet
1312 1551 1319 1575 ε
1338 1535 1497 1577 Manus

101 1602 141 1646 ei
164 1618 253 1647 non
266 1601 517 1647 inferamus.

157 1676 358 1718 CXXXI.
390 1674 643 1728 «Quoniam
662 1671 793 1717 frater
812 1683 959 1717 noster
979 1682 1022 1717 et
1043 1689 1143 1717 earo
1166 1682 1312 1717 nostra
1336 1675 1450 1718 est02
1473 1694 1491 1716 »

98 1759 186 1788 non
208 1743 354 1799 aliud,
383 1744 458 1788 sed
483 1744 548 1787 bis
571 1744 654 1787 hoe
674 1742 790 1787 idem
814 1743 981 1787 dietum
1006 1753 1069 1787 est
1085 1779 1095 1798 ‚
1128 1753 1339 1804 tanquam
1361 1761 1495 1804 expo-

99 1814 244 1858 nendo
266 1813 374 1874 quid
390 1814 444 1858 sit
464 1813 598 1858 frater
615 1823 783 1869 noster,
809 1815 854 1858 id
876 1823 960 1869 est,
986 1830 1087 1859 earo
1106 1825 1251 1859 nostra
1270 1851 1280 1870 ‚
1305 1816 1425 1876 quod
1443 1832 1494 1861 ex

99 1883 252 1927 eadem
273 1900 401 1928 earne
419 1883 593 1927 fuerant
613 1884 845 1944 procreati.
1491 1930 1493 1933 ,

156 1956 380 1998 CXXXII.
409 1974 428 1996 «
450 1953 716 1998 Oceiderunt
745 1955 929 1998 hoedum
946 1958 1199 2014 eaprarum⁷
1229 1976 1237 2001 :
1262 1976 1278 1997 »
1301 1956 1360 2000 sie
1383 1957 1492 2001 solet

98 2023 219 2084 loqui
245 2025 482 2084 Scriptura,
504 2023 881 2084 quemadmodum
902 2025 946 2068 in
968 2025 1138 2070 Psalmo
1163 2046 1171 2071 ε
1202 2046 1221 2067 «
1252 2026 1374 2070 Sicut
1390 2028 1492 2086 agni

102 2114 120 2136 »
147 2096 291 2140 ovium
306 2098 347 2147 ⁸3
373 2114 393 2137 »
418 2096 540 2156 quasi
565 2096 697 2156 possit
717 2111 807 2142 esse
831 2106 906 2141 aut
936 2096 1095 2142 hoedus
1128 2098 1208 2142 nisi
1231 2114 1460 2158 caprarum
1479 2135 1490 2154 ‚

101 2176 176 2210 aut
198 2183 297 2225 agnl
313 2182 393 2211 msl
416 2182 579 2211 ovlum.

155 2239 400 2281 CXXXIII.
423 2257 442 2280 «
463 2241 520 2282 Et
542 2237 793 2281 nuntiatum
827 2247 890 2282 est
912 2238 1042 2282 nurui
1066 2239 1160 2298 ejus
1184 2239 1371 2283 Thamar
1386 2276 1395 2294 ‚
1422 2238 1490 2284 di-

99 2325 120 2348 »
151 2310 338 2352 eentes9:
359 2327 378 2348 »
396 2307 631 2352 dicendum
650 2318 795 2352 autem
813 2308 897 2352 fuit
917 2310 1262 2355 :Nuntiaverunt
1276 2311 1484 2355 dicentes.

155 2380 395 2423 CXXXIV.
425 2398 444 2420 «
476 2382 532 2422 Et
562 2379 766 2438 depositis
794 2379 1061 2423 vestimentis
1089 2380 1312 2425 viduitatis
1343 2397 1431 2425 suae
1463 2398 1487 2426 a

146 2499 154 2514 ¹
183 2494 261 2524 Gen.
284 2504 405 2535 xxxvn,
428 2502 484 2526 21.
510 2511 552 2516 -—
573 2493 757 2525 21bi=1.22.
784 2510 827 2516 —
847 2492 860 2516 3
878 2493 951 2526 Job.
972 2506 1012 2536 n,
1031 2494 1063 2526 6.
1087 2494 1158 2524 -4
1179 2495 1293 2526 Matth.
1313 2506 1346 2537 x,
1368 2496 1420 2527 28.
1445 2512 1488 2518 —-

99 2544 114 2567 5
132 2548 209 2578 Gen.
231 2558 359 2589 xxxvii,
385 2557 438 2589 27.
460 2567 501 2571 —
520 2547 693 2581 0111111-
709 2556 722 2581 7
744 2549 826 2581 Ibid.
852 2549 904 2581 32.
927 2567 969 2573 --
990 2548 1005 2571 ⁸
1032 2550 1110 2581 Psal.
1129 2562 1224 2589 ‹1x111‚
1248 2550 1280 2592 4
1301 2568 1343 2573 -
1362 2557 1377 2581 9
1401 2553 1481 2584 Gen.

100 2613 228 2642 xxxviii,
255 2604 306 2635 13.
