1872 3267
407 260 491 299 286
838 273 873 299 s.
907 270 1138 300 AUGUSTINI
1170 272 1351 300 muscom

406 345 455 380 ut
478 335 643 396 aliquid
667 335 798 379 etiam
818 335 898 395 ipsi
917 352 1168 382 consecrare
1199 346 1402 397 possent:
1427 347 1613 397 potestas
1635 347 1780 383 autem

406 406 496 466 ipsa
524 405 861 451 sanctificatione
901 407 1306 464 consummabatur,
1333 423 1419 468 qua
1443 409 1650 469 praecepti
1680 418 1781 454 sunt

404 477 661 522 sanctificari
683 493 706 521 a
722 478 903 535 Moyse?

872 585 1107 634 QUAESTIO
1137 586 1307 626 CXXVI.

468 706 488 742 ς(
521 689 586 732 ΕΤ
606 686 795 732 adduces
816 685 1006 732 vitulum
1034 686 1088 732 ad
1108 688 1267 733 ostium
1289 687 1560 733 tabernaculi
1586 688 1781 735 testimo-

407 777 428 800 »
463 757 552 814 nii,
583 767 627 802 et
653 758 1010 818 superimponent
1037 761 1183 803 Aaron
1208 769 1251 803 et
1277 758 1355 802 filii
1383 760 1472 820 ejus
1504 775 1657 804 manus
1687 775 1784 804 suas

407 849 427 871 n
462 822 592 890 super
612 823 745 890 caput
762 829 888 875 vituli
914 829 960 873 in
981 817 1215 890 conspectu
1237 831 1406 875 Domini
1424 833 1454 874 ¹.
1479 849 1499 872 >›
1530 833 1642 876 Eece
1665 829 1784 876 unde

403 917 533 962 supra
563 901 730 946 dictum
752 910 836 958 est,
863 901 1226 956 consummandas
1250 917 1338 946 esse
1359 917 1514 946 manus
1534 917 1685 946 eorum
1697 938 1712 959 ι,
1738 902 1784 946 id

404 982 481 1028 est,
502 973 810 1032 perficiendam
832 982 1115 1033 potestatem,
1136 982 1186 1017 ut
1198 973 1326 1018 etiam
1348 973 1428 1033 ipsi
1449 969 1781 1029 sanctificarent,

403 1043 521 1103 quod
544 1042 681 1088 modo'
698 1044 771 1099 fit,
803 1059 905 1091 cum
925 1052 1098 1103 ponunt
1127 1059 1281 1088 manus
1309 1059 1405 1088 suas
1437 1060 1566 1105 super
1595 1044 1784 1089 vitulum

403 1114 736 1159 immolandum.
1083 1119 1085 1122 ⁴

865 1210 1100 1260 QUAESTIO
1132 1210 1319 1252 cxxvss.

467 1333 486 1355 «
521 1317 647 1366 Qoon
673 1313 780 1358 odor
802 1313 1023 1357 suavitatis
1045 1314 1230 1357 Domino
1243 1317 1260 1338 ²
1286 1330 1307 1354 »
1333 1327 1446 1372 saepe
1470 1312 1631 1358 dicitur
1650 1314 1782 1357 sacri-

401 1384 552 1429 ficium
569 1384 623 1428 de
644 1384 827 1429 victimis
849 1399 1055 1443 pecorum
1072 1384 1119 1427 in
1139 1383 1367 1442 Scripturis
1390 1384 1567 1439 sanctis,
1589 1398 1679 1427 non
1694 1384 1784 1427 uti-

399 1471 485 1517 que
505 1459 618 1499 Deus
642 1454 775 1499 odore
803 1453 914 1498 fumi
936 1453 1051 1498 illius
1077 1453 1340 1508 delectatur,
1371 1453 1447 1497 sed
1476 1463 1648 1497 tantum
1672 1454 1783 1498 illud

398 1527 518 1587 quod
542 1527 603 1571 his
621 1526 886 1585 significatur
906 1525 1153 1585 spiritaliter
1174 1529 1314 1570 Deum
1329 1524 1538 1580 delectat⁷
1562 1541 1664 1570 cum
1691 1526 1782 1586 spi-

398 1598 581 1643 ritaliter
603 1598 853 1653 exhibetur,
878 1597 1086 1658 quoniam
1106 1597 1197 1656 ipse
1214 1595 1323 1641 odor
1341 1596 1419 1641 Dei
1443 1595 1689 1657 spiritaliter
1710 1597 1781 1641 in-

397 1668 624 1728 telligitur.
649 1671 748 1713 Non
768 1668 884 1712 enim
909 1668 1020 1712 sicut
1041 1683 1120 1712 nos
1152 1666 1331 1712 odorem
1359 1667 1575 1726 corporeis
1602 1667 1781 1713 naribus

396 1739 533 1785 ducit.
555 1741 679 1786 Sicut·
696 1755 799 1799 ergo
820 1738 893 1783 ille
915 1737 1110 1794 olefacit,
1131 1738 1190 1783 sic
1206 1737 1286 1782 ista
1309 1737 1570 1797 significant.

847 1847 1082 1898 QUAEs'rlo
1114 1848 1319 1888 cxxvln.

457 1969 477 1992 «
512 1952 576 1994 ET
609 1962 751 1992 sumes
782 1946 1087 2007 pectusculum
1120 1947 1175 1991 de
1203 1947 1335 1992 ariete
1368 1949 1773 2005 consummationis,

394 2038 416 2062 »
452 2020 574 2080 quod
590 2029 653 2063 est
669 2020 856 2074 Aaronss,
879 2036 900 2060 >›
925 2017 973 2062 id
995 2027 1073 2074 est,
1093 2019 1223 2079 hujus
1239 2022 1400 2065 Aaron.
1423 2023 1516 2066 Hoc
1538 2021 1654 2065 enim
1673 2036 1775 2082 per-

393 2090 532 2135 tinere
550 2088 690 2135 voluit
711 2088 766 2134 ad
788 2104 1008 2134 summum
1030 2088 1314 2134 sacerdotem.

860 2196 1096 2246 QuAEsno
1128 2197 1297 2237 cxxrx.

449 2304 484 2344 Ι.
523 2318 544 2342 ‹<
568 2302 633 2344 ΕΤ
662 2299 744 2342 erit
770 2301 916 2343 Aaron
943 2307 986 2342 et
1007 2298 1085 2342 filii
1112 2299 1202 2358 ejus
1232 2298 1473 2356 legitimum
1507 2307 1722 2343 aeternum
1745 2316 1768 2344 a

390 2389 411 2412 n
446 2369 544 2413 filiis
574 2368 729 2413 lsra'e'l‘*
752 2388 761 2413 :
789 2387 809 2410 »
842 2383 942 2412 cum
976 2366 1138 2412 diceret
1166 2367 1220 2412 de
1248 2367 1503 2427 pectusculo
1522 2377 1566 2412 et
1588 2369 1768 2414 brachio

386 2440 677 2486 victimarum.
717 2441 838 2484 More
873 2436 949 2482 illo
982 2453 1085 2496 ergo
1122 2457 1143 2481 «
1168 2447 1420 2483 aeternum»
1468 2437 1601 2496 dixit,
1635 2455 1768 2500 quem

386 2526 499 2572 saepe
521 2511 650 2571 supra
671 2509 1118 2556 commemoravimus.

433 2613 441 2630 ¹
463 2607 563 2640 Exod.
580 2617 670 2651 xxix,
692 2618 743 2641 10.
762 2624 804 2629 —
823 2613 836 2629 ²
854 2606 934 2640 Ibid.
959 2609 1010 2640 18.
1024 2623 1059 2630 -
1085 2604 1098 2629 3
1115 2605 1197 2640 Ibid.
1218 2605 1273 2640 26,
1289 2623 1331 2630 -
1349 2604 1365 2637 l,
1383 2606 1465 2640 lbid.
1489 2607 1543 2639 28.
