1872 3267
398 241 480 281 428
828 250 862 279 s.
899 250 1130 281 Aucvs'rnw
1161 253 1344 281 EPISCOPI

396 337 416 359 »
453 327 496 362 et
517 315 731 362 custodias
760 316 951 362 filiorum
978 318 1135 374 Israel,
1170 327 1269 363 ante
1297 317 1629 363 tabernaculum
1655 319 1775 364 testi-

396 408 416 431 »
451 389 585 434 monii
604 391 633 432 1.
669 407 688 429 »
726 391 841 442 Quas
871 398 1012 442 φυλακὰς
1036 406 1200 451 graecus
1222 389 1352 446 dixit,
1376 390 1453 434 has
1485 390 1620 434 nostri
1641 391 1776 434 inter-

392 469 533 520 prctes
552 458 622 515 alii
644 477 664 499 «
683 457 914 515 custodias,
936 480 955 502 »
977 461 1048 506 alii
1070 460 1304 506 «excubias
1322 480 1342 502 »
1363 460 1634 520 interpretati
1655 469 1773 504 sunt.

397 529 481 575 Sed
516 530 674 574 mirum
706 530 786 573 nisi
814 530 969 588 vigiliae
997 532 1150 577 melius
1178 533 1408 587 dicuntur,
1443 547 1543 591 quae
1567 530 1706 575 solent
1733 532 1779 575 in

394 600 540 645 castris
577 609 801 644 ternarum
835 601 1042 646 horarum
1076 602 1419 647 observationem
1446 601 1622 645 habere.
1656 601 1778 645 Unde

393 671 603 730 scriptum
634 679 724 729 est3
755 691 774 713 «
793 673 956 724 Quarta
977 681 1123 716 autem
1146 671 1291 731 vigilia
1314 671 1451 716 noctis
1474 671 1594 715 venit
1610 669 1666 715 ad
1682 686 1774 725 eos,

395 759 416 781 >›
453 740 680 784 ambulans
714 757 843 801 super
870 746 1035 799 mare²3
1058 760 1078 783 »
1110 743 1193 787 hoc
1215 752 1278 786 est
1303 751 1416 802 ,post
1446 756 1606 785 nonam
1628 742 1779 785 horam

395 810 550 866 noctis,
571 821 669 871 post
685 821 769 856 tres
792 811 994 857 videlicet
1015 812 1195 872 vigilias.
1217 816 1274 857 Et
1294 812 1442 856 multis
1458 812 1562 857 locis
1582 812 1779 872 Scriptu-

396 897 542 925 rarum
560 883 695 925 nostri
717 882 882 941 vigilias
903 883 1175 942 interpretati
1197 892 1320 939 sunt⁷
1351 898 1458 944 quas
1475 882 1614 927 Graeci
1638 888 1780 934 φυλακὰς

395 961 567 997 vocant.
594 952 679 996 Ubi
700 952 821 996 nulla
842 952 1058 998 dubitatio
1080 963 1164 1009 est,
1195 953 1332 1012 spatia
1353 953 1554 997 nocturni
1576 951 1781 1011 temporis

395 1023 624 1081 significari
657 1042 665 1067 :
703 1022 824 1083 quod
868 1033 976 1083 puto
1002 1033 1044 1068 et
1070 1024 1142 1068 hic
1190 1021 1508 1083 accipiendum.
1550 1021 1781 1076 Quomodo

395 1095 510 1137 enim
533 1094 694 1138 Levitae
711 1094 926 1154 jubentur
948 1095 1174 1140 observare
1194 1093 1409 1139 custodias
1433 1098 1594 1149 Aaron,
1618 1103 1661 1137 et
1682 1109 1781 1137 cus-

395 1163 532 1209 todias
554 1163 743 1208 filiorum
771 1165 922 1220 Israel,
955 1164 999 1208 id
1021 1174 1101 1220 est,
1122 1172 1285 1219 φυλακὰς,
1309 1164 1390 1208 nisi
1412 1162 1590 1208 fortasse
1615 1162 1782 1207 dictum
1825 1199 1828 1210 ,
1864 1191 1871 1198 -

395 1243 458 1277 est
473 1269 483 1287 ,
510 1249 564 1277 ne
588 1243 793 1293 putarent
814 1234 868 1278 ab
891 1235 1170 1280 observandis
1196 1233 1353 1293 vigiliis
1370 1269 1381 1290 ,
1411 1250 1509 1294 quae
1542 1233 1714 1293 proprie
1736 1233 1782 1276 in

395 1305 541 1349 castris
565 1306 782 1350 observari
811 1305 966 1361 solent,
987 1316 1164 1366 propter
1192 1307 1404 1350 honorem
1430 1321 1517 1365 quo
1539 1305 1782 1349 serviebant

398 1376 697 1430 tabernaculo,
718 1376 933 1420 immunes
955 1392 998 1420 se
1020 1392 1109 1420 esse
1130 1376 1305 1431 debere,
1331 1392 1431 1420 cum
1455 1385 1497 1419 ct
1516 1376 1630 1435 ipsos
1652 1391 1783 1434 opor-

398 1456 505 1491 teret
526 1455 704 1506 propter
726 1462 856 1507 opera
879 1447 1150 1492 tabernaculi
1167 1464 1256 1492 non
1273 1448 1416 1491 minus
1432 1447 1619 1492 vicissim
1639 1447 1784 1491 obser-

394 1533 494 1563 vare
522 1516 711 1576 vigilias,
749 1533 848 1578 quae
882 1518 1216 1563 observarentur
1245 1518 1289 1562 in
1322 1516 1413 1562 aliis
1442 1517 1783 1578 circumquaque
1824 1540 1827 1547 v

395 1589 541 1634 castris
560 1588 750 1634 filiorum
770 1588 917 1633 Israel.

930 1707 1166 1758 QUAESTJO
1197 1709 1246 1748 v.
1274 1758 1277 1764 s

459 1843 479 1866 «
502 1827 775 1869 ALIENIGENA
811 1824 885 1883 qui
925 1823 1115 1881 tetigerit
1153 1823 1403 1867 morieturss.
1435 1841 1454 1863 »
1486 1823 1780 1876 Quaerenduin
1824 1856 1826 1860 v

396 1893 617 1954 quomodo
651 1894 807 1937 dixerit
830 1894 874 1936 in
898 1893 1110 1951 Levitico3
1150 1895 1274 1946 «Qui
1302 1893 1488 1951 tetigerit
1520 1893 1778 1937 tabernacu-

399 1983 418 2005 »
454 1965 567 2020 ltnn⁷
597 1963 968 2008 sanctificabitur⁴
993 1983 1001 2007 2
1031 1982 1049 2004 »
1083 1979 1182 2007 cum
1214 1963 1284 2007 hic
1311 1963 1446 2018 dicat,
1486 1962 1777 2022 «Alienigena

400 2054 419 2076 υ
455 2035 531 2094 qui
566 2035 776 2093 tetigerit,
810 2034 1032 2088 morietur,
1057 2053 1075 2075 »
1102 2033 1251 2078 volens
1280 2033 1461 2092 intelligi
1493 2049 1565 2078 cos
1595 2034 1667 2093 qui
1691 2050 1778 2077 non

397 2114 536 2148 essent
560 2104 614 2148 de
636 2105 754 2148 tribu
777 2105 895 2148 Levi.
922 2107 989 2147 An
1022 2103 1134 2148 forte
1164 2104 1234 2147 bic
1261 2123 1280 2144 «
1301 2104 1505 2162 tetigerit,
1528 2123 1547 2144 »
1575 2103 1627 2147 ad
1650 2104 1779 2147 obsco
1823 2118 1826 2136 ἢ

397 2176 550 2236 quium
573 2176 728 2219 dixerit
745 2176 976 2229 servitutis,
998 2176 1117 2235 quod
1135 2191 1157 2218 a
1175 2175 1273 2219 solis
1293 2175 1448 2219 Levitis
1466 2175 1614 2218 deberi
1638 2175 1780 2219 taber-

398 2246 555 2291 naculo
578 2247 814 2306 przccepitP
840 2247 939 2289 binc
962 2247 1076 2289 cnim
1098 2245 1376 2306 loquebatur.

445 2350 451 2365 ¹
468 2343 570 2375 Levit.
588 2355 635 2382 m,
650 2343 684 2384 6,
700 2355 731 2386 7.
747 2360 786 2365 —-
801 2350 813 2365 2
827 2342 937 2374 Matth.
963 2354 1029 2384 xiv,
1045 2342 1098 2374 23.
1114 2359 1154 2364 —-
1174 2340 1185 2364 3
1201 2344 1292 2375 Num.
1312 2353 1357 2384 111,
1380 2352 1429 2374 10.
1450 2339 1514 2371 „...=‘‚
1531 2341 1635 2374 chit.
1657 2353 1701 2383 νι,
1726 2341 1776 2373 18.
