1872 3267
431 251 515 292 400
860 266 892 290 s.
928 262 1156 292 Aucusnm
1189 265 1369 292 EP15C01¹1

428 341 561 387 quam
584 327 726 370 anima
739 342 817 386 pro
839 328 981 373 anima
1003 337 1162 373 exoret.
1183 328 1406 388 Numquid
1423 328 1595 386 sanguis
1612 343 1691 387 pro
1708 343 1808 372 san-

431 397 586 456 guine,
613 397 735 457 quasi
754 396 809 441 de
836 407 982 443 nostro
1008 399 1217 458 sanguine
1239 398 1410 443 solliciti
1431 397 1584 453 simus,
1608 414 1709 443 eum
1730 414 1809 458 pro

430 467 573 511 anima
588 477 733 512 nostra
755 468 957 513 volumus
980 470 1174 514 exorari?
1196 468 1449 514 Absurdum
1470 478 1534 513 est
1546 469 1645 514 hoc.

451 575 455 578 .
490 541 548 581 II.
578 537 662 583 Sed
686 537 826 583 multo
848 548 911 583 est
943 539 1170 584 absurdius
1192 549 1242 585 ut
1269 540 1440 598 sanguis
1472 539 1638 599 pecoris
1663 548 1810 584 exoret

431 623 508 667 pro
522 608 665 652 anima
681 609 888 664 hominis,
916 626 1015 670 quae
1035 605 1146 655 mori
1163 627 1250 655 non
1273 619 1416 670 potest
1436 629 1444 653 :
1465 625 1567 654 cum
1583 608 1810 654 manifeste

432 679 650 738 Scriptura
665 688 844 723 testetur
855 680 901 723 in
913 679 1105 740 Epistola
1119 681 1172 725 ad
1183 681 1404 735 Hebraeos,
1420 679 1545 724 illum
1556 679 1811 739 sanguinem

430 749 704 794 victimarum
724 749 834 794 nihil
851 749 1062 810 profuisse
1085 750 1140 794 ad
1159 750 1424 795 exorandum
1446 754 1584 795 Deum
1607 766 1687 810 pro
1709 766 1812 811 pec-

429 820 534 864 catis
556 820 810 879 hominum3
840 820 916 865 sed
944 821 1201 880 significasse
1235 821 1401 882 aliquid
1428 820 1548 881 quod
1570 821 1807 880 prodesset.

436 909 455 932 «
481 890 753 950 Impossibile
796 900 860 935 est
876 892 992 935 enim
1009 927 1019 947 ,
1054 892 1219 952 inquit,
1244 893 1499 951 sanguinem
1519 891 1741 936 hircorum
1769 886 1837 937 etr
1871 923 1872 927 ,

433 979 453 1002 »
473 970 694 1006 taurorum
712 960 881 1006 auferre
902 972 1077 1022 peecata
1091 965 1121 1006 ¹.
1150 982 1170 1004 >›
1197 966 1346 1007 Restat
1370 962 1516 1022 itaque
1536 971 1587 1006 ut
1604 963 1811 1023 quoniam

431 1047 509 1091 pro
530 1031 673 1076 anima
704 1041 851 1077 nostra
880 1042 1027 1077 exorat
1050 1031 1264 1077 Mediator
1285 1032 1383 1088 ille,
1407 1033 1484 1093 qui
1506 1032 1709 1077 omnibus
1729 1032 1834 1100 illisi
1871 1068 1872 1074 ,

430 1103 663 1158 sacrificiis,
685 1119 784 1164 quse
806 1119 885 1163 pro
908 1103 1093 1163 peccatis
1105 1103 1420 1154 offerebantur,
1436 1103 1809 1162 praefigurabatur,
1826 1101 1834 1162 ᾗ

430 1174 541 1218 illud
563 1174 805 1234 appelletur
837 1175 980 1219 anima
997 1174 1116 1235 quod
1137 1175 1348 1234 significat
1375 1175 1577 1219 animam.
1825 1166 1834 1242 f

493 1247 574 1288 ΙΙΙ.
603 1245 721 1289 Solet
753 1254 898 1288 autem
927 1260 992 1288 res
1024 1261 1124 1304 quae
1157 1245 1388 1302 significat,
1424 1246 1514 1305 ejus
1548 1244 1609 1288 rei
1637 1244 1831 1310 nomine}

431 1331 563 1375 quam
583 1315 795 1374 significat
816 1316 1083 1374 nuncupari3
1108 1315 1219 1359 sicut
1239 1314 1448 1374 scriptum
1471 1323 1535 1358 est
1559 1334 1568 1358 ι
1591 1333 1612 1356 ‹<
1639 1317 1812 1374 Septem

434 1405 453 1427 »
484 1386 612 1446 spicae
627 1421 637 1441 ‚
664 1395 827 1445 septem
845 1386 946 1429 anni
959 1390 1087 1430 sunt2
1111 1402 1122 1430 :
1150 1404 1168 1427 »
1196 1401 1285 1429 non
1298 1385 1413 1429 enim
1435 1385 1542 1429 dixit
1562 1404 1570 1429 :
1597 1404 1616 1426 α
1639 1388 1812 1445 Septem
1869 1425 1871 1431 ,

433 1475 453 1498 »
482 1473 618 1501 annos
645 1457 889 1515 significant
916 1476 924 1501 ε
954 1475 972 1498 »
1000 1466 1064 1512 et,
1089 1476 1109 1498 «
1147 1459 1319 1516 Septem
1342 1456 1490 1511 boves‚
1523 1465 1687 1516 septem
1710 1456 1812 1500 anni
1868 1493 1872 1511 ς

434 1547 453 1569 >›
477 1537 578 1572 sunt
595 1548 602 1572 :
632 1546 652 1568 »
679 1536 722 1571 et
740 1527 877 1572 multa
893 1526 1159 1587 hujusmodi.
1181 1528 1293 1571 Hinc
1307 1536 1370 1571 est
1387 1525 1508 1587 quod
1527 1526 1696 1571 dictum
1715 1536 1779 1571 est
1799 1546 1809 1572 z

436 1619 455 1641 «
476 1603 602 1643 Petra
616 1608 706 1643 erat
718 1599 914 1643 Christus
928 1600 959 1643 ³.
979 1617 998 1640 n
1020 1602 1116 1644 Non
1135 1599 1249 1642 enim
1267 1597 1376 1642 dixit
1394 1618 1402 1642 ;
1423 1618 1442 1641 «
1464 1602 1590 1642 Petra
1603 1598 1828 1671 significat}

431 1670 674 1725 Christum,
695 1688 713 1710 »
731 1670 806 1714 sed
820 1679 1028 1729 tanquam
1045 1670 1129 1713 hoc
1142 1678 1252 1713 esset
1268 1703 1279 1724 9
1301 1668 1422 1729 quod
1441 1670 1593 1728 utique
1618 1684 1695 1728 per
1714 1669 1825 1732 sub-j

430 1740 632 1784 stantiam
659 1756 748 1784 non
783 1740 865 1784 hoc
897 1749 1007 1794 erat,
1048 1739 1123 1783 sed
1156 1754 1231 1799 per
1264 1740 1635 1797 significationem.
1670 1739 1738 1784 Sic
1770 1734 1824 1784 etl

430 1811 616 1869 sanguis,
630 1810 839 1870 quoniam
861 1819 1038 1870 propter
1052 1808 1226 1853 vitalem
1240 1809 1475 1868 quamdam
1495 1808 1811 1869 corpulentiam

430 1881 621 1924 animam
644 1881 870 1938 significat,
886 1880 932 1923 in
953 1880 1225 1923 sacramentis
1239 1879 1381 1923 anima
1394 1878 1535 1924 dietus
1553 1889 1630 1924 est.
1648 1882 1811 1923 Verum

430 1952 460 1994 si
485 1951 715 2011 quisquam
738 1959 863 2009 putat
885 1950 1073 1993 animam
1102 1949 1266 2009 pecoris
1297 1964 1386 1993 esse
1407 1950 1661 2009 sanguinem
1677 1985 1687 2004 ‚
1722 1965 1822 2024 non,

430 2030 492 2064 cst
514 2021 558 2064 in
576 2022 654 2065 ista
672 2021 910 2080 quaestione
941 2019 1247 2064 laborandum.
1275 2022 1461 2064 Tantum
1484 2035 1539 2063 ne
1559 2020 1701 2063 anima
1727 2020 1821 2088 1¹⁰“l

431 2091 578 2146 minis,
605 2107 703 2150 quae
724 2106 895 2134 carnem
916 2091 1154 2134 humanam
1174 2090 1389 2146 vivificat,
1415 2099 1458 2133 et
1478 2099 1541 2134 est
1562 2089 1780 2134 rationalis
1795 2125 1806 2146 ‚

432 2161 605 2221 sanguis
626 2170 827 2221 putetur,
851 2159 977 2205 valde
999 2161 1245 2205 cavendum
1267 2170 1331 2205 est
1345 2196 1355 2216 ,
1380 2170 1423 2204 et
1439 2160 1509 2205 hic
1534 2176 1651 2206 error
1672 2160 1811 2205 modis

431 2233 634 2276 omnibus
656 2229 928 2276 refutandus.
951 2231 1209 2284 Quaerendae
1227 2232 1356 2275 etiam
1371 2231 1633 2287 locutiones,
1653 2231 1812 2291 quibus

431 2318 509 2362 per
528 2301 572 2348 id
595 2303 715 2363 quod
736 2303 931 2347 continet
949 2337 959 2356 7
984 2302 1249 2359 significetur
1266 2301 1312 2345 id
1327 2301 1447 2361 quod
1465 2302 1737 2356 continetur,
1762 2309 1812 2345 ut

431 2374 637 2432 quoniam
652 2373 794 2417 anima
808 2372 1015 2430 sanguine
1030 2381 1202 2415 tenetur
1214 2371 1259 2415 in
1275 2387 1454 2431 corpore
1465 2406 1475 2426 ‚
1491 2374 1621 2429 (nam
1633 2371 1667 2415 si
1679 2370 1816 2438 fueriti

432 2445 612 2500 effusus,
638 2443 846 2498 abscedit,
862 2446 878 2502 )
894 2459 971 2503 per
992 2444 1133 2503 ipsum
1150 2444 1289 2502 aptius
1307 2443 1542 2501 significata
1564 2443 1618 2486 sit
1638 2442 1778 2486 anima
1794 2446 1816 2519 ,Ι

431 2524 474 2558 et
495 2516 587 2575 ejus
620 2530 781 2559 nomen
816 2514 988 2572 sanguis
1019 2513 1244 2574 acceperit.
1278 2513 1397 2557 Sicut
1427 2512 1618 2558 Ecclesia
1651 2511 1819 2568 dicitur}

1816 2089 1821 2235 ς

1814 2238 1818 2372 1

480 2606 489 2623 ¹
511 2600 609 2633 Ilcbr.
630 2612 663 2642 x,
683 2598 714 2642 4.
737 2617 777 2622 —
793 2607 805 2622 ²
822 2602 899 2632 Gen.
922 2610 984 2641 xm,
1001 2599 1053 2631 36.
1069 2597 1138 2622 -3
1158 2610 1170 2630 1
1189 2601 1260 2631 Cor.
1279 2609 1312 2640 x,
1332 2597 1364 2641 4.
1810 2569 1814 2648 1
1862 2616 1868 2654 ¹<

1811 2653 1813 2675 ⁵

1810 2686 1812 2707 ι

1810 2721 1812 2735 1

1807 2867 1811 2954 ί
