1872 3267
398 259 484 309 290
827 267 863 299 s.
897 269 1131 304 Aucus‘nm
1164 272 1346 301 EPISCOPI

393 334 538 379 thecas
554 333 826 392 interpretati
848 343 970 393 sunt,
988 336 1150 397 quipus
1170 336 1323 382 amites
1336 335 1648 391 inducerentur
1664 371 1678 395 ,
1704 335 1775 387 di-

391 412 568 463 centes²
602 422 620 460 ᾳ
647 405 704 462 Et
729 412 859 458 erunt
890 405 1030 462 thecae
1058 406 1289 462 amitibus,
1317 423 1340 448 »
1362 406 1485 466 quasi
1507 422 1672 466 graecus
1691 406 1776 460 hoe

392 489 482 525 non
503 483 647 534 posset
666 473 810 532 dicere
832 490 934 531 cum
954 476 1085 534 etiam
1105 477 1244 534 theeae
1268 492 1459 536 graecum
1484 477 1668 530 verbum
1689 476 1774 528 sit:

390 544 500 597 dixit
513 555 660 591 autem
684 550 823 597 ψαλίδες,
844 545 966 606 quod
979 562 1104 595 arcus
1119 547 1444 607 interpretatur.

843 643 1080 693 QUAEsrlo
1110 645 1317 685 cxxxm.

452 759 471 782 «
497 744 713 786 INCENDET
724 757 853 801 super
865 741 976 786 illud
989 742 1217 788 incensum
1234 743 1574 789 continuationis
1595 744 1640 788 in
1656 759 1777 788 cons-

391 830 412 851 »
441 820 569 871 pectu
613 811 785 856 Domini
816 813 860 855 in
896 813 1123 872 progenies
1155 829 1307 859 eorum
1329 817 1359 858 ¹.
1427 814 1777 860 Continuationis

394 900 412 921 »
440 883 663 930 incensum
681 881 803 937 dicit,
827 901 846 925 n
864 884 984 944 quod
1005 885 1294 938 continuatim
1316 886 1457 941 fieret,
1481 885 1527 930 id
1548 893 1634 941 est,
1655 883 1777 937 nullo

388 952 458 997 die
487 954 905 1013 praetermitteretur.
942 957 1055 1001 Cum
1078 955 1134 1002 de
1153 955 1278 1002 altari
1298 957 1556 1017 praeciperet
1587 956 1774 1012 incensi,

387 1023 432 1067 id
451 1034 515 1069 est
532 1060 544 1080 ‚
561 1024 606 1068 iu
623 1041 710 1085 quo
725 1025 947 1071 incensum
966 1035 1139 1070 tantum
1153 1036 1392 1086 poneretur
1407 1062 1418 1082 ‚
1433 1043 1523 1072 non
1544 1025 1778 1081 holocaus-

393 1103 510 1150 tum,
535 1111 624 1142 non
658 1096 937 1152 sacrificium,
968 1113 1057 1142 non
1094 1096 1271 1154 libatio,
1302 1098 1562 1158 praedixerat
1589 1097 1779 1157 idipsum

390 1165 616 1213 incensum
642 1166 841 1227 quotidie
865 1168 968 1226 poni
992 1167 1155 1214 debere
1178 1187 1188 1214 t
1213 1184 1331 1221 nunc
1353 1178 1497 1213 autem
1520 1167 1650 1223 dicit,
1683 1170 1781 1212 «Et

392 1254 412 1277 »
444 1236 757 1298 depropitiabit
783 1241 953 1294 Aaron,
1003 1257 1025 1280 »
1057 1240 1127 1285 vel
1165 1259 1186 1282 c<
1210 1240 1430 1295 exorabit,
1463 1254 1592 1299 super
1617 1254 1780 1293 cornua

396 1324 416 1360 ῃ
443 1308 532 1367 ejus
561 1307 695 1353 semel
716 1308 762 1352 in
784 1325 898 1355 anno
931 1308 986 1354 de
1013 1310 1223 1368 sanguine
1251 1309 1563 1371 purificationis
1596 1307 1780 1355 delicto-
1816 1321 1819 1339 ²

396 1394 415 1417 »
443 1381 580 1421 rum‘2.
623 1378 938 1438 Depropitiabit
955 1414 966 1435 ,
994 1398 1014 1421 »
1041 1379 1096 1423 ab
1130 1395 1180 1423 eo
1211 1379 1333 1440 quod
1355 1388 1419 1423 est
1448 1377 1776 1438 depropitiatio,

391 1463 491 1507 quae
521 1463 659 1506 graece
691 1448 850 1494 dicitur
883 1455 1053 1500 ἐξιλασμός-
1094 1448 1218 1494 Unde
1249 1458 1292 1492 et
1323 1448 1668 1507 intelligendum*
1686 1457 1778 1505 est,

394 1518 478 1563 hoc
500 1517 621 1579 quod
642 1518 775 1563 semel
797 1518 841 1576 id
855 1535 968 1564 anno
975 1519 1105 1579 jubet
1121 1519 1214 1567 fieri
1228 1519 1285 1564 ad
1301 1518 1628 1579 propitiandum
1642 1522 1781 1563 Deum

396 1603 524 1649 super
537 1605 701 1634 cornua
722 1588 866 1634 altaris
888 1589 1069 1646 incensi,
1089 1588 1135 1634 id
1154 1598 1233 1643 est,
1252 1598 1302 1633 ut
1323 1589 1378 1633 de
1399 1588 1609 1647 sanguine
1628 1589 1782 1648 purifi-

397 1660 575 1706 cationis
618 1659 899 1715 delictorum,
926 1659 1202 1704 victimarum
1235 1659 1398 1707 scilicet
1415 1674 1515 1720 quae
1536 1659 1783 1707 offeruntur

397 1746 475 1790 pro
488 1729 670 1789 delictis,
686 1729 818 1777 semel
830 1730 875 1774 in
889 1745 1004 1776 anno
1018 1738 1089 1774 tan
1096 1737 1253 1787 gantur
1265 1744 1429 1787 cornua
1442 1728 1587 1783 altaris
1601 1729 1778 1786 incensi,

397 1817 486 1845 non
512 1800 726 1860 pertinere
744 1799 799 1847 ad
822 1799 940 1845 illam
963 1799 1276 1859 appositionem
1303 1799 1491 1854 incensi,
1515 1815 1648 1860 quam
1669 1815 1782 1860 quo-v

398 1871 501 1920 tidie
519 1871 611 1920 fieri
632 1871 832 1931 jusserat.
857 1869 936 1921 Illa
964 1870 1078 1916 enim
1106 1870 1240 1917 fiebat
1271 1870 1552 1925 ar01natibus‚
1579 1886 1667 1927 non
1682 1886 1782 1917 san—

398 1943 555 2001 guine3
578 1952 620 1990 ct
649 1940 865 2001 quotidie,
885 1956 974 2000 non
996 1940 1128 1987 semel
1160 1941 1206 1984 in
1229 1956 1359 1990 anno.
1387 1944 1485 1991 Non
1516 1955 1617 1999 ergo
1635 1956 1783 1999 sumus

400 2012 660 2064 intellecturi
688 2012 821 2059 semel
853 2012 899 2056 in
931 2027 1046 2058 anno
1084 2011 1245 2069 intrare
1279 2011 1547 2067 sacerdotem
1569 2010 1706 2069 solere
1737 2012 1793 2066 in

404 2085 609 2127 Sanctum
631 2091 906 2137 sanctorum,
932 2081 1008 2129 sed
1029 2081 1163 2132 semel
1195 2082 1240 2126 in
1270 2098 1384 2137 anno
1406 2097 1508 2130 cum
1535 2081 1744 2144 sanguine
1769 2098 1779 2138 ,²
1800 2099 1803 2140 g

400 2164 443 2198 et
460 2153 655 2214 quotidie
688 2153 866 2213 quidem
896 2153 1032 2197 solere
1065 2154 1226 2197 intrare
1262 2154 1352 2197 sine
1388 2154 1619 2212 sanguine,
1655 2146 1807 2205 causasti

399 2225 562 2270 incensi
589 2224 869 2284 imponendi,
894 2240 994 2268 cum
1017 2224 1227 2283 sanguine
1255 2234 1400 2268 autem
1424 2223 1554 2268 semel
1569 2224 1613 2267 in
1634 2240 1748 2267 anno
1770 2242 1778 2268 :
1798 2243 1801 2266 z
1846 2240 1849 2250 ¹

401 2296 585 2340 maxime
602 2295 703 2355 quia
725 2295 974 2355 sequituret
989 2293 1118 2350 dicit,
1145 2314 1165 2336 α
1189 2293 1328 2339 Semel
1343 2294 1387 2350 in
1406 2310 1520 2339 anno
1537 2271 1800 2354 purificabitl

406 2386 424 2407 >›
445 2365 571 2421 illud,
589 2368 796 2412 Sanctum
813 2375 1060 2410 sanctorum
1077 2374 1140 2409 cst
1155 2364 1353 2409 Domino.
1376 2383 1395 2406 n
1413 2367 1508 2420 Non
1530 2380 1632 2424 crgo
1652 2362 1784 2417 semel

402 2438 447 2481 in
465 2450 579 2482 anno
601 2446 734 2496 ponet
761 2434 848 2479 illic
868 2435 1116 2490 incensum,
1153 2434 1272 2495 quod
1294 2434 1488 2494 quotidie
1511 2435 1602 2481 fieri
1615 2435 1807 2495 jussurus

402 2517 487 2566 est3
511 2507 587 2556 sed
621 2506 752 2554 semel
785 2506 830 2551 in
862 2522 975 2551 anno
995 2504 1242 2566 purificabit
1262 2504 1368 2550 illud
1383 2540 1393 2560 ,
1419 2504 1540 2566 quod
1559 2519 1662 2550 cum
1682 2520 1799 2561 saur*-

451 2611 458 2627 ¹
485 2605 584 2637 Exod.
602 2614 678 2645 xxx,
698 2603 729 2636 8.
750 2619 792 2625 -
814 2608 827 2625 ²
852 2602 932 2635 lbid.
958 2613 1008 2636 ιο.
