1872 3267
396 286 480 328 364
829 302 862 330 s.
898 298 1128 330 ,mensum
1159 300 1339 330 Ei>1scor1

397 385 417 408 »
452 366 621 409 minum
636 366 665 409 ¹.
689 383 709 407 »
735 368 792 410 Et
812 367 954 412 adhuc
974 369 1033 413 ita
1050 369 1155 413 dicit
1181 388 1189 413 z
1216 387 1236 410 «
1260 371 1318 413 Et
1337 367 1509 413 locutus
1530 375 1595 411 est
1620 365 1771 411 Domi·
1830 362 1833 376 '

395 456 415 479 >›
451 453 532 481 nus
554 437 609 481 ad
625 439 808 495 Moysen
830 437 976 483 dicens
994 459 1002 484 :
1027 440 1182 484 Anima
1197 454 1489 500 quaecumque
1510 437 1769 498 peccaverit,

394 527 413 550 »
449 518 490 553 et
512 508 750 568 despiciens
780 508 1019 569 despexerit
1040 520 1254 572 praecepta
1276 510 1475 566 Domini,
1501 519 1544 555 et
1564 508 1773 553 mentitus

393 598 412 621 »
447 579 579 624 fuerit
602 595 700 640 quae
722 589 823 624 sunt
844 580 899 625 ad
926 582 1170 641 proximum
1202 581 1256 626 de
1287 579 1666 627 commendatione
1697 587 1774 623 aut

392 668 411 691 »
447 651 501 694 de
517 650 734 705 societate,
752 659 826 695 aut
842 650 896 694 de
917 652 1081 711 rapina,
1103 661 1178 697 aut
1194 652 1398 712 injuriam
1415 650 1565 695 fecerit
1578 650 1770 711 aliquam

390 740 410 764 »
445 722 655 782 proximo,
679 732 753 766 aut
768 723 981 768 invenerit
1003 723 1290 783 perditionem
1304 760 1315 779 ,
1337 733 1380 768 ct
1401 723 1609 767 mentitus
1636 721 1770 766 fuerit

389 811 410 834 »
445 792 499 836 de
521 809 587 847 eo,
613 802 655 836 et
666 793 877 853 juraverit
893 794 1052 854 injuste
1070 794 1125 838 de
1145 811 1234 839 uno
1256 795 1310 838 ab
1328 795 1532 839 omnibus
1549 809 1770 855 quaecum-

389 882 408 903 »
444 879 529 923 quc
550 862 700 907 fecerit
718 865 849 908 homo
866 900 875 919 ,
896 864 953 907 ita
970 874 1019 908 ut
1039 874 1190 924 peccet
1210 865 1333 909 iuliis
1349 900 1360 920 ,
1387 875 1430 909 ct
1449 865 1532 909 erit
1552 880 1653 909 cum
1667 879 1770 924 pec-

388 952 408 975 »
443 934 620 988 caverit,
650 943 693 978 et
714 934 967 995 deliquerit,
995 945 1038 978 et
1059 934 1211 979 reddet
1234 936 1429 995 rapinam
1451 950 1585 996 quam
1607 936 1766 995 rapuit,

387 1022 407 1044 n
443 1013 516 1048 aut
546 1005 747 1066 injuriam
779 1020 909 1065 quam
945 1005 1122 1059 nocuit,
1160 1015 1236 1049 aut
1269 1005 1623 1050 commendatum
1648 1005 1767 1066 quod
1824 1013 1827 1037 ²

387 1094 406 1115 n
441 1073 687 1134 depositum
705 1084 767 1119 est
784 1076 900 1135 apud
921 1091 1021 1119 eum
1037 1111 1048 1131 ,
1079 1085 1154 1119 aut
1174 1076 1466 1135 perditionem
1488 1092 1620 1136 quam
1643 1075 1767 1121 inve-
1824 1105 1826 1116 .

386 1163 406 1185 n
443 1145 522 1201 nit,
539 1146 592 1189 ab
610 1146 729 1190 omni
747 1162 792 1189 rc
812 1162 941 1206 quam
955 1147 1118 1205 juravit
1138 1163 1217 1207 pro
1237 1162 1286 1190 ea
1307 1148 1485 1207 injuste:
1511 1156 1554 1191 et
1570 1147 1768 1190 restituet
1823 1172 1826 1207 κ,
1861 1164 1863 1169 ’

386 1233 404 1256 »
441 1216 602 1274 ipsum,
630 1225 673 1259 ct
693 1216 867 1276 quintas
896 1218 987 1277 ejus
1010 1217 1185 1277 adjiciet
1205 1217 1261 1261 ad
1284 1217 1417 1272 illud,
1457 1219 1580 1277 cujus
1602 1226 1666 1260 est
1685 1217 1766 1275 ipsi
1822 1269 1824 1274 Α
1865 1232 1867 1236 ·

385 1303 404 1326 »
441 1285 594 1329 reddet
609 1321 619 1340 ,
646 1302 732 1345 qua
750 1286 820 1330 die
842 1287 1066 1331 convictus
1084 1286 1215 1331 fuerit
1235 1307 1243 1331 :
1270 1297 1313 1331 et
1336 1286 1485 1331 delicti
1507 1287 1589 1341 sui,
1610 1286 1765 1331 offeret

384 1374 403 1396 υ
439 1357 625 1400 Domino
642 1357 820 1400 arietem
845 1357 899 1400 ab
923 1357 1075 1401 ovibus
1098 1358 1187 1400 sine
1205 1356 1374 1401 macula
1390 1393 1400 1412 ‚
1421 1358 1561 1417 pretio
1578 1357 1624 1400 in
1645 1356 1765 1417 quod

383 1444 402 1466 υ
438 1425 621 1486 deliquit
644 1443 652 1467 ε
679 1435 723 1470 et
744 1427 940 1471 exorabit
967 1442 1046 1486 pro
1070 1443 1120 1471 eo
1150 1427 1347 1471 sacerdos
1371 1436 1471 1472 ante
1504 1427 1762 1478 Dominum,
1820 1438 1823 1480 j

382 1515 401 1537 »
437 1507 481 1541 et
502 1497 746 1541 remittetur
766 1497 828 1541 illi
850 1497 905 1541 de
928 1514 1017 1542 uno
1040 1498 1094 1542 ab
1118 1498 1322 1542 omnibus
1340 1514 1439 1558 quae
1467 1497 1569 1542 fecit
1586 1533 1597 1554 ,
1624 1506 1667 1541 et
1685 1497 1764 1542 de-

380 1584 401 1607 »
436 1566 565 1628 liquit
587 1568 631 1611 in
648 1572 739 1612 e02.
764 1587 785 1609 »
813 1571 928 1612 Pene
945 1559 1047 1627 ergo
1070 1568 1117 1612 in
1140 1568 1343 1612 omnibus
1365 1568 1511 1623 factis,
1540 1584 1639 1628 quae
1661 1568 1765 1612 dicit
1819 1609 1822 1627 ἶ

377 1652 466 1681 esse
483 1647 676 1696 peccata,
698 1636 847 1681 eadem
865 1638 995 1681 etiam
1016 1636 1175 1682 delicta
1196 1637 1317 1681 dicit.
1339 1640 1615 1696 Quapropter
1631 1636 1765 1681 indif-
1818 1686 1820 1689 ,

378 1706 565 1752 ferenter
586 1724 636 1752 ea
658 1707 743 1752 dici
770 1706 1050 1752 manifestum
1078 1717 1141 1752 est
1170 1707 1317 1752 multis
1348 1708 1669 1767 Scripturarum
1695 1707 1762 1751 lo-
1818 1761 1819 1770 ἵ

375 1778 457 1822 cis:
484 1788 527 1822 et
548 1779 709 1822 habere
729 1777 894 1839 aliquid
917 1777 1176 1822 differentiae
1201 1779 1420 1837 Scriptura
1440 1786 1637 1832 testatur,
1663 1793 1764 1838 quae
1817 1773 1820 1803 2
1860 1785 1868 1792 ”

373 1848 480 1894 dicit
502 1869 510 1894 :
536 1869 555 1891 (ι
570 1849 689 1895 Sicut
711 1849 830 1909 quod
846 1864 925 1908 pro
943 1857 1132 1906 peccato,
1158 1849 1217 1892 ita
1240 1857 1283 1892 et
1304 1847 1425 1908 quod
1448 1863 1526 1907 pro
1540 1847 1715 1893 delicto.
1739 1866 1758 1889 »
1816 1906 1818 1916 Ι

877 1945 1117 1995 QUAESTIO
1149 1947 1253 1985 xxi.

437 2068 457 2090 «
482 2050 650 2092 OMNEM
684 2047 856 2106 adipem
888 2047 1024 2090 boum
1041 2081 1051 2101 ,
1077 2055 1121 2089 et
1142 2046 1311 2102 ovium,
1337 2056 1380 2090 et
1409 2062 1636 2106 caprarum
1671 2063 1760 2092 non
1814 2093 1816 2103 ,

375 2138 396 2161 »
432 2119 591 2174 edetis,
619 2129 662 2163 et
683 2119 814 2178 adeps
837 2118 1168 2162 morticinorum
1197 2127 1240 2161 et
1264 2133 1287 2161 a
1315 2117 1406 2161 fera
1433 2129 1664 2177 captorum
1685 2119 1760 2162 fiet

375 2210 395 2232 »
432 2191 477 2234 in
511 2205 638 2235 omne
668 2204 801 2249 opus,
828 2198 871 2232 et
899 2188 996 2231 cibo
1029 2203 1121 2232 non
1149 2186 1317 2231 edetur.
1343 2188 1492 2231 Omnis
1515 2188 1591 2247 qui
1624 2188 1760 2232 ederit
1812 2219 1815 2253 3
1862 2221 1864 2228 s

431 2261 602 2322 adipem
627 2278 649 2306 a
677 2261 906 2321 pecoribus
932 2276 1030 2319 quae
1064 2260 1252 2303 offeretis
1287 2259 1341 2303 ab
1370 2260 1428 2303 eis
1456 2260 1642 2304 hostiam
1671 2262 1759 2303 Do—
1812 2259 1815 2291 ἲ
1861 2286 1872 2307 Δ,

376 2353 395 2375 »
430 2333 549 2377 mino
564 2369 574 2388 ,
599 2332 758 2392 peribit
778 2332 919 2375 anima
941 2330 1013 2372 illa
1031 2330 1085 2373 de
1103 2329 1266 2388 populo
1284 2332 1402 2373 suoss.
1431 2348 1450 2370 »
1485 2331 1660 2374 Dixerat
1684 2345 1759 2373 su-
1811 2368 1813 2394 j
1833 2356 1836 2362 -
1864 2353 1872 2372 i

377 2282 395 2304 2:

373 2403 514 2463 perius
537 2402 591 2446 de
613 2401 739 2461 adipe
758 2421 766 2445 z
789 2421 807 2442 «
826 2401 975 2444 Omnis
993 2398 1123 2458 adeps
1139 2400 1347 2444 Domino⁴
1363 2420 1376 2458 ·,
1395 2408 1437 2443 ct
1454 2400 1761 2459 quaesieramus

375 2483 518 2517 utrum
550 2473 689 2517 omnis
711 2471 887 2516 omnino
910 2470 1075 2529 peeoris
1107 2469 1259 2512 mundi
1281 2468 1512 2526 duntaxat3
1542 2472 1672 2527 (nam
1699 2469 1754 2513 de
1810 2527 1811 2531 Ἰ
1835 2491 1837 2499 ¹
1860 2478 1872 2518 ,θ’

369 2544 604 2589 immundis
638 2541 755 2587 nulla
783 2542 964 2602 quaestio
997 2543 1114 2597 cst3)
1148 2550 1190 2583 et
1224 2540 1409 2600 quidde
1438 2540 1563 2599 adipe
1599 2540 1744 2587 fieret,
1810 2533 1811 2570 Ῑ

420 2641 549 2671 ¹1.0vit.
574 2651 605 2677 v,
629 2640 742 2680 1:3-19.
764 2655 803 2660 >—
824 2636 1109 2669 ²¹‹1.v1.1-‹3.-«
1135 2635 1206 2667 ³111.
1225 2647 1284 2673 vir,
1306 2637 1356 2673 113,
1380 2636 1429 2667 13.
1465 2653 1497 2658 --
1516 2635 1529 2665 l,
1549 2637 1596 2667 M.
1616 2647 1663 2677 ιιι,
1686 2646 1720 2677 7.
