1872 3267
345 207 611 244 Quaesnousss
646 211 688 236 nv
722 209 872 247 Josm-J,
910 214 990 239 Lus.
1031 214 1088 238 w.
1321 200 1398 240 541

20 273 150 318 etiam
174 288 273 318 vasa
293 273 339 317 in
361 274 570 329 Levitico,
592 290 691 334 quae
703 275 916 335 jubentur
932 277 1030 335 igne
1049 278 1239 337 purgari.
1264 278 1305 323 Si
1327 293 1407 322 au·-

20 353 106 389 tem
136 343 220 388 tale
243 344 327 389 fuit
359 344 470 389 illud
501 355 753 405 peccatum,
780 357 957 407 propter
986 348 1107 409 quod
1141 364 1238 393 eum
1275 349 1404 393 etiam

18 424 116 476 post
136 415 261 460 istam
284 416 417 460 vitam
442 417 640 475 gehenna
663 417 921 477 susciperet,
939 418 1037 463 ideo
1059 422 1183 463 Jesus
1207 435 1306 463 eum
1329 435 1406 464 vo-

0 485 101 538 ¹luit
119 485 321 546 lapidari,
349 495 399 530 ut
421 485 542 547 quod
569 502 592 530 a
620 487 800 532 Domino
833 488 999 532 dietum
1022 498 1106 543 651,
1137 509 1156 531 «
1190 490 1284 547 Igni
1309 505 1404 534 ere-

21 575 41 599 »
75 557 317 612 maman-¹,
344 576 363 598 »
395 556 506 601 illud
538 557 793 603 admoneret
815 558 1018 617 intelligi,
1044 559 1164 619 quod
1196 560 1405 604 Dominus

16 627 200 682 faceret,
221 644 311 672 non
328 627 448 688 quod
463 628 518 672 ab
535 628 636 688 ipsis
656 639 766 674 esset
785 629 1053 674 faciendum.
1074 631 1117 675 Si
1137 631 1252 674 enim
1272 631 1404 675 dixis-

16 708 81 744 set
98 699 324 754 Dominus,
346 718 364 741 «
384 700 477 757 Igni
501 715 602 744 eum
626 701 873 745 cremabitis
896 710 939 745 et
961 701 1105 745 omnia
1127 703 1245 761 ejus,
1266 720 1286 742 »
1303 701 1404 746 huic

16 770 159 814 sensui
186 768 307 814 loeus
337 769 485 814 nullus
514 781 624 815 esset
649 791 656 815 :
689 787 790 816 611111
817 787 920 816 vero
945 773 1002 817 ita
1032 772 1223 832 positum
1246 781 1330 827 est,
1355 782 1406 817 ut

15 840 153 900 magis
182 841 384 885 videatur
416 845 531 886 Deus
555 843 677 902 quod
699 843 737 886 ei
759 843 957 887 futurum
994 853 1103 888 esset
1134 842 1402 903 praedixisse,

14 927 146 972 quam
179 912 300 972 quod
330 913 368 956 ei
402 913 456 956 ab
492 914 743 958 hominibus
783 913 963 958 deberet
995 915 1085 958 fieri
1120 915 1402 974 praecepisse,

15 982 168 1026 melius
201 999 288 1027 non
316 984 461 1042 potuit
492 983 633 1029 facere
667 988 811 1038 Jesus,
839 986 915 1046 qui
950 985 1096 1029 divina
1130 986 1263 1029 verba
1296 987 1406 1030 sicut

14 1061 161 1097 tantus
185 1055 400 1113 Propheta
423 1054 657 1109 intellexit,
684 1056 759 1115 qui
783 1056 911 1098 etiam
939 1056 1022 1099 hoe
1050 1056 1191 1114 ipsum
1214 1057 1406 1115 prophe-

13 1123 98 1168 tice
121 1124 246 1179 fecit,
272 1141 404 1184 quam
429 1136 477 1169 ut
500 1125 625 1168 illum
654 1125 871 1184 lapidibus
894 1125 1038 1185 potius
1059 1142 1189 1186 quam
1220 1126 1405 1170 flammis

13 1195 302 1250 interimeret,
331 1212 384 1239 ne
413 1196 457 1239 in
484 1196 566 1240 illis
590 1196 764 1254 ignibus
795 1196 925 1239 verba
956 1196 1130 1240 Domini
1151 1196 1405 1242 viderentur

11 1264 189 1325 impleta
205 1302 215 1318 ,
240 1283 339 1326 quae
363 1267 418 1311 ob
439 1266 557 1309 aliud
580 1266 692 1309 dieta
715 1265 890 1309 volebat
911 1265 1111 1324 intelligi.

71 1340 150 1381 Ill.
176 1341 264 1382 Nec
292 1354 467 1382 movere
489 1337 644 1391 debet,
671 1337 791 1398 quod
821 1354 910 1381 non
939 1339 1079 1397 ipsum
1110 1347 1305 1393 tantum,
1329 1338 1405 1382 sed

12 1408 143 1452 etiam
171 1410 315 1452 omnia
347 1425 446 1469 quae
477 1418 578 1452 sunt
610 1410 725 1468 ejus,
760 1412 874 1452 Deus
907 1408 1138 1452 cremanda
1171 1410 1261 1468 igni
1290 1425 1404 1469 prae-

12 1478 184 1523 dixerit.
219 1480 286 1523 Sic
316 1480 431 1522 enim
455 1479 512 1522 ait
534 1499 542 1522 :
569 1498 588 1520 α
616 1479 709 1536 lgni
731 1479 1017 1533 cremabitur,
1045 1488 1088 1522 et
1110 1480 1255 1523 omnia
1280 1497 1404 1540 quae-

15 1568 35 1590 »
72 1566 261 1610 cumque
289 1558 392 1593 sunt
424 1549 477 1592 ei.
516 1568 535 1589 »
561 1549 718 1593 Omnia
752 1549 867 1592 enim
901 1565 1192 1610 quaecumque
1217 1560 1319 1594 sunt
1347 1550 1401 1605 ei,

12 1636 143 1680 opera
164 1623 256 1681 ejus
276 1629 459 1680 possunt
479 1619 686 1677 intelligi,
712 1636 810 1679 quae
833 1635 933 1663 611111
956 1619 1030 1663 illo
1054 1620 1274 1665 dixitesse
1297 1638 1404 1665 con-

12 1691 245 1736 cremanda
271 1712 279 1736 :
309 1708 398 1736 non
421 1692 531 1736 sieut
554 1690 661 1736 dicit
680 1690 914 1751 Apostolus
936 1691 990 1734 de
1012 1691 1275 1752 quibusdam
1298 1709 1404 1753 ope-

12 1763 132 1807 ribus
161 1763 262 1822 igne
288 1762 605 1820 consumptis&
633 1763 721 1821 ipse
751 1771 895 1806 autem
919 1761 1062 1806 salvus
1084 1763 1192 1820 erit,
1217 1764 1249 1807 si
1277 1764 1405 1824 liujus

12 1842 240 1893 peccatum
276 1834 335 1876 ita
374 1831 710 1891 intelligendum
748 1841 832 1887 est,
863 1841 911 1876 ut
943 1833 1073 1876 etiam
1106 1842 1271 1877 aeterno
1304 1834 1406 1893 igne

13 1903 236 1963 puniatur.
259 1901 391 1947 Filios
414 1918 516 1961 ergo
539 1903 630 1962 ejus
651 1911 694 1945 et
714 1902 822 1946 filias
842 1918 942 1946 cum
966 1903 1195 1962 pecoribus
1209 1913 1252 1947 et
1266 1905 1406 1948 omni—

13 1974 95 2019 bus
125 1990 225 2035 quae
252 1974 469 2028 habebat,
496 1972 685 2033 populus
720 1972 899 2033 quidem
937 1988 1038 2017 cum
1071 1990 1173 2018 eum
1204 1976 1402 2034 puniret,

15 2044 143 2089 simul
167 2044 384 2105 lapidibus
407 2043 582 2089 obruit:
603 2059 693 2088 non
721 2053 867 2088 tamen
888 2044 972 2088 hoc
992 2044 1157 2104 judicio
1185 2045 1402 2100 humano,

15 2114 90 2160 sed
125 2115 382 2175 prophetico
418 2114 573 2174 spiritu
608 2114 712 2159 fecit
743 2117 895 2171 Jesus,
929 2114 1017 2158 sive
1044 2115 1103 2159 ita
1134 2114 1402 2175 intelligens,

16 2187 161 2232 omnia
183 2203 283 2247 quae
303 2196 406 2231 sunt
429 2186 490 2241 ei,
517 2195 567 2230 ut
587 2201 667 2230 1166
689 2186 800 2231 filios
823 2195 1018 2231 censeret
1045 2196 1266 2246 exceptos,
1292 2187 1406 2247 lapi-

16 2256 203 2302 dationis
230 2258 359 2302 etiam
381 2272 560 2317 poenam
588 2272 666 2316 pro
690 2257 788 2316 igne
810 2258 1038 2316 ingerens,
1062 2258 1148 2302 sive
1172 2273 1298 2318 opera
1316 2259 1406 2319 ejus

15 2345 115 2390 quae
143 2339 241 2389 post
272 2338 458 2374 mortem
493 2331 608 2372 Deus
635 2328 681 2371 in
712 2327 788 2373 illo
821 2328 963 2373 fuerat
998 2338 1290 2384 crematurus,
1316 2345 1406 2374 non

17 2399 156 2444 solum
194 2416 271 2460 per
298 2409 453 2445 caetera
487 2415 586 2459 quse
610 2397 672 2442 illi
695 2408 839 2453 erant,
866 2400 1149 2443 verumetiam
1183 2416 1260 2459 per
1294 2400 1406 2444 filios

17 2470 105 2529 ejus
123 2470 382 2528 significans.

72 2556 189 2586 ’5051ιῦ
206 2565 259 2596 vu,
280 2554 330 2585 13.
352 2572 393 2576 m·
410 2561 421 2576 ²
449 2566 455 2585 ι
481 2557 551 2585 (lor.
578 2564 621 2593 111,
646 2552 694 2584 15.
