1872 3267
396 294 478 333 336
832 302 864 330 s.
901 301 1149 330 AUGUSTINI·
1161 302 1341 330 Emscom

393 370 488 414 vela
509 367 731 428 capillacia
759 377 1005 427 comparata
1034 367 1201 422 aulaeis,
1229 382 1281 411 ex
1306 365 1466 426 quibus
1487 364 1637 410 decem
1650 365 1777 426 jussit

396 439 488 483 fieri
511 439 691 483 interius
710 437 1041 482 tabernaculum
1064 447 1253 498 quatuor
1274 436 1492 481 coloribus
1515 435 1662 491 textis,
1680 435 1778 480 lon-
1834 486 1835 490 Ἰ

397 511 512 568 giora
537 509 812 568 reperiuntur
835 508 992 552 cubitis
1009 508 1136 552 binis.
1162 511 1223 553 Ea
1241 508 1357 552 enim
1383 516 1507 551 erant
1526 506 1662 550 aulaea
1687 507 1798 551 sin-‚
1833 495 1835 511 ³

399 579 499 638 gula
512 579 761 624 cubitorum
772 578 1063 637 viginti-octo,
1084 578 1164 622 ista
1173 578 1347 636 triginta
1366 597 1375 622 ι
1392 576 1491 621 ideo
1506 577 1578 622 hic
1599 593 1688 622 non
1702 576 1776 631 ait,
1832 570 1834 593 ²

402 671 422 692 «
443 653 506 694 Ex
524 666 575 694 eo
595 649 716 710 quod
734 658 910 709 superat
931 648 986 692 de
1002 649 1130 700 velis3
1152 668 1171 690 η
1197 648 1292 703 sed,
1324 667 1344 690 <c
1363 651 1427 692 Ex
1444 663 1495 692 eo
1512 647 1633 708 quod
1653 663 1781 707 supe-

402 738 422 761 »
441 729 506 764 rat
516 719 620 764 velis
638 719 692 763 de
706 718 981 778 longitudine
992 718 1204 763 velorum.
1223 737 1242 760 »
1262 718 1379 772 Quid
1394 727 1567 777 estergo
1579 753 1590 774 ,
1610 736 1630 760 «
1648 717 1782 763 Cubi-

402 810 421 833 »
448 800 544 835 tum
562 806 614 835 ex
627 791 733 846 hoc,
755 799 798 834 et
811 790 1011 834 cubitum
1028 805 1078 833 ex
1095 790 1177 834 hoc
1193 826 1204 845 ,
1225 789 1306 834 erit
1322 799 1555 848 contegens
1572 804 1700 848 super
1715 787 1782 834 la-
1830 817 1832 844 ὲ

404 880 423 902 »
450 871 539 905 tera
561 861 857 905 tabernaculi?
878 879 896 901 »
920 860 1001 904 nisi
1023 861 1124 921 quia
1139 860 1213 904 illa
1229 859 1482 919 longitudo,
1503 860 1548 904 in
1569 875 1656 921 qua
1669 859 1784 904 binis

401 931 558 976 cubitis
582 931 677 976 vela
700 930 921 991 capillacia
943 931 1138 989 longiora
1164 940 1263 975 sunt
1295 930 1464 986 aulaeis,
1496 929 1673 989 singulis
1698 930 1785 974 sin-
1829 965 1831 985 ἵ

403 1002 518 1061 gula,
551 1018 641 1046 non
675 1011 761 1046 tota
782 1003 827 1045 in
855 1017 989 1045 unam
1015 1011 1185 1061 partem
1215 1000 1410 1060 cogenda
1437 1011 1521 1056 est,
1552 1000 1598 1044 id
1621 1010 1705 1055 est,
1737 1009 1787 1044 ut

403 1073 622 1133 quidquid
647 1081 843 1133 superat,
873 1071 928 1116 ad
961 1072 1199 1132 posteriora
1230 1071 1499 1116 tabernaculi
1522 1070 1750 1129 colligatur
1773 1090 1783 1115 2
1828 1064 1831 1082 ³
1856 1083 1861 1101 ἰ

404 1144 478 1188 sed
509 1144 793 1188 distribuatur
826 1159 876 1187 ex
899 1159 1047 1204 aequo,
1074 1152 1331 1203 tantumque
1359 1144 1449 1203 ejus
1478 1142 1533 1186 ad
1553 1144 1695 1202 priora
1723 1151 1788 1185 ta·
1826 1163 1830 1169 ¹

406 1214 646 1270 bernaculi,
673 1224 885 1275 quantum
909 1214 962 1258 ad
981 1215 1214 1274 posteriora
1236 1214 1455 1276 tribuatur
1481 1233 1488 1257 :
1509 1213 1556 1257 id
1575 1222 1652 1268 est,
1677 1227 1788 1273 quo·
1826 1221 1829 1237 ³

406 1287 519 1329 niam
554 1285 643 1329 duo
677 1285 824 1329 cubita
857 1286 901 1328 in
929 1284 1110 1343 singulis
1136 1283 1241 1328 velis
1268 1284 1465 1328 eamdem
1494 1300 1593 1344 quae
1615 1292 1790 1343 superat

407 1356 727 1414 longitudinem
749 1355 939 1409 faciunt,
962 1363 1012 1398 ut
1033 1354 1232 1398 cubitum
1255 1355 1357 1398 inde
1382 1353 1550 1398 auferat
1565 1370 1663 1413 pars
1684 1353 1786 1409 ista,

407 1437 450 1471 et
473 1427 671 1471 cubitum
694 1426 767 1470 illa
794 1446 801 1470 :
826 1426 885 1470 ita
908 1427 962 1470 de
991 1426 1167 1485 singulis
1197 1425 1355 1470 cubitis
1384 1426 1469 1470 suis
1491 1425 1672 1469 habehit
1692 1441 1790 1485 pars
1824 1447 1827 1478 ρ

406 1499 484 1542 ista
513 1498 659 1542 cubita
692 1497 870 1554 dccem3
897 1506 939 1540 et
967 1496 1039 1540 illa
1072 1496 1126 1542 de
1152 1497 1237 1542 suis
1270 1496 1447 1555 singulis
1475 1496 1649 1554 decem3
1680 1512 1791 1557 quo-
1824 1507 1828 1550 g

408 1569 524 1612 niam
547 1568 698 1612 decem
719 1567 814 1611 vela
832 1568 942 1611 binis
964 1568 1121 1612 cubitis
1135 1567 1348 1627 longiora,
1372 1567 1526 1626 viginti
1543 1567 1791 1612 cubitorum
1824 1599 1826 1601 -
1856 1586 1861 1594 >-

409 1639 728 1699 longitudinem
752 1638 933 1694 faciunt‚
954 1656 1040 1700 qua
1060 1639 1266 1683 videntur
1287 1654 1489 1699 superare
1502 1639 1609 1683 serie
1628 1655 1704 1684 sua
1726 1654 1792 1684 se-

411 1711 513 1754 riem
538 1709 792 1754 aulaeorum.

468 1783 586 1824 XVI.
614 1780 824 1839 Deinceps
851 1778 1090 1823 videndum
1114 1789 1176 1823 est
1203 1780 1297 1824 haec
1326 1779 1477 1837 viginti
1500 1779 1668 1835 cubita,
1693 1796 1792 1840 quae
1829 1815 1833 1820 .
1859 1800 1862 1811 =

410 1860 615 1910 superant
646 1849 700 1894 de
733 1849 1005 1907 longitudine
1037 1849 1262 1905 velorum,
1299 1850 1368 1893 cui
1403 1849 1541 1908 spatio
1578 1849 1792 1908 cingendo

408 1921 651 1980 proficiant.
681 1921 721 1965 Si
743 1920 858 1964 enim
876 1919 979 1964 velis
1003 1918 1231 1978 capillaciis
1253 1919 1432 1964 interius
1462 1919 1792 1964 tabernaculum
1824 1942 1833 1955 ·

410 1992 756 2049 circumtegitur,
793 1990 852 2034 ita
881 1999 1100 2049 superant,
1136 1999 1186 2033 ut
1215 1989 1324 2049 quid
1351 2006 1400 2034 ex
1436 1991 1494 2034 eis
1521 1990 1793 2051 cooperiatur

412 2079 499 2107 non
514 2063 568 2106 sit
589 2061 782 2106 omnino.
809 2061 933 2107 Unde
957 2070 1087 2104 restat
1109 2061 1237 2105 etiam
1260 2063 1349 2121 ipsa
1371 2062 1556 2120 subtegi,
1577 2072 1620 2106 et
1641 2062 1792 2106 subte-

413 2132 554 2190 gendo
576 2131 771 2186 detrahi,
801 2130 920 2191 quod
951 2132 1168 2190 Scriptura
1197 2147 1285 2176 non
1315 2131 1434 2176 dicit.
1462 2131 1609 2176 Aulaea
1633 2132 1794 2192 quippe

413 2203 562 2248 decem
578 2238 588 2258 ‚
619 2218 716 2262 quae
738 2202 904 2246 habent
924 2202 1072 2246 cubita
1095 2203 1244 2245 vicena
1268 2211 1311 2246 et
1332 2212 1486 2246 octona
1502 2238 1513 2257 7
1541 2202 1701 2263 quibus
1724 2203 1793 2246 in-

413 2273 545 2318 terius
567 2272 760 2316 tenditur
782 2271 1135 2326 tabernaculum,
1163 2271 1581 2332 circumplectuntur
1608 2273 1794 2332 spatium
1843 2296 1845 2308 =

415 2352 629 2404 quantum
644 2351 824 2402 possunt
841 2341 1136 2400 circumplecti
1158 2342 1305 2386 cubita
1327 2341 1759 2402 ducenta-octoginta
1781 2363 1789 2388 :

415 2414 532 2458 unde
567 2413 700 2458 latera
735 2412 808 2457 illa
840 2411 1035 2471 longiora
1069 2412 1265 2456 Australc
1303 2422 1346 2456 et
1379 2413 1685 2472 Aquilonium,
1717 2415 1795 2458 ha-

416 2485 563 2528 bentia
582 2484 754 2529 vicenas
782 2481 1025 2537 columnas,
1053 2481 1257 2526 auserunt
1278 2498 1326 2525 ex
1352 2483 1416 2526 his
1434 2483 1590 2527 cubitis
1613 2492 1794 2528 centena

415 2556 588 2613 cubita3
613 2564 775 2599 restant
796 2554 1035 2611 octoginta,
1062 2570 1160 2614 quae
1183 2553 1355 2598 duobus
1384 2545 1559 2615 1‘eliquis
1587 2554 1795 2600 lateribus

416 2626 700 2682 brevioribus,
726 2624 934 2670 Orientali
955 2624 1074 2685 quod
1094 2640 1183 2669 non
1203 2625 1336 2670 habet
1357 2625 1554 2670 ordinem
1575 2625 1795 2670 columna-

1810 2647 1814 2715 l

1810 2553 1872 2646 ,a

1860 2642 1872 2675 'tl
