1872 3267
11 2653 15 2678 ι

13 2762 15 2818 ἓ

12 2842 16 2857 π

403 254 661 282 Locumoix‘sss
694 254 747 280 DE
780 253 942 290 Exono,
980 254 1061 279 Lus.
1099 254 1146 278 11.
1407 244 1456 280 51

75 323 205 368 etiam
224 320 346 382 quod
361 321 455 366 vice
477 319 650 380 parietis
672 319 920 379 oppositum
943 328 1073 373 esset,
1103 337 1122 359 «
1148 333 1276 378 super
1298 338 1316 360 »
1344 319 1432 363 dixi
1451 339 1460 364 :

75 394 188 439 sicut
207 393 390 438 dicimus
413 391 680 451 superiorem
702 390 976 435 discumbere
997 399 1074 435 aut
1093 399 1227 446 stare,
1257 406 1347 435 non
1374 391 1466 435 uti-

70 480 162 525 que
183 463 369 509 alterum
389 463 553 523 portari
574 462 630 507 ab
654 461 805 506 altero.

132 537 338 581 CXVIII.
381 554 402 577 «
428 533 691 593 Legitimum
720 533 1034 592 sempiternum
1055 532 1100 576 in
1122 532 1348 591 progenies
1365 548 1464 577 ves-

78 624 99 649 »
134 607 243 650 tras²
269 624 279 650 z
311 624 332 649 »
366 620 419 650 eo
447 604 581 650 modo
605 604 943 665 sempiternum,
971 618 1061 664 quo
1090 601 1230 647 multa
1266 604 1464 663 superius

74 674 278 722 diximus.

134 749 294 793 CXIX.
327 766 347 789 «
365 748 423 792 Et
449 755 593 792 sumet
611 749 756 791 Aaron
773 746 951 791 nomina
967 743 1160 790 filiorum
1179 743 1312 789 Israel
1333 760 1464 805 super

81 839 101 862 »
136 818 344 863 rationale
366 817 519 880 judicii
551 835 680 879 super
710 828 862 878 pectus
878 822 895 844 '³
922 818 1161 862 introeunti
1192 820 1413 862 Sanctum.
1440 836 1462 859 »

76 893 358 952 Consequens
381 900 471 935 erat
492 899 542 935 ut
556 890 741 946 diceret,
764 889 1007 934 «introiens
1028 890 1074 933 in
1087 892 1295 934 Sanctum
1308 925 1318 944 ‚
1338 908 1358 930 »
1379 890 1464 934 hoc

76 971 162 1017 est,
193 971 335 1006 sumet
361 965 507 1006 Aaron
534 962 768 1016 introiens,
792 960 915 1021 quod
936 959 1071 1019 aliqui
1102 959 1249 1015 latini,
1275 959 1473 1005 soloecis-

77 1049 200 1078 mum
218 1033 421 1090 vitantes,
438 1033 714 1093 interpretati
735 1041 852 1077 sunt.
877 1031 962 1076 Sed
984 1031 1085 1092 quia
1101 1040 1144 1075 et
1166 1047 1332 1090 graecus
1356 1051 1375 1073 t(
1396 1032 1467 1075 in-

80 1124 100 1147 »
136 1105 328 1149 troeunti
343 1124 361 1147 »
386 1105 536 1161 habet,
559 1115 602 1149 et
622 1104 744 1149 latini
767 1102 903 1163 aliqui
922 1113 1180 1159 consonant,
1202 1103 1473 1148 locutionem

76 1176 222 1235 potius
236 1175 474 1221 notandam
491 1175 655 1221 credidi
678 1190 811 1234 quam
833 1174 1150 1232 corrigendam.

136 1249 272 1292 CXX.
298 1266 317 1288 «
342 1249 400 1290 Et
419 1262 555 1305 pones
582 1261 712 1305 super
734 1244 945 1289 rationale
963 1245 1118 1306 judicii
1140 1246 1332 1291 fimbrias
1354 1257 1474 1293 cate-

81 1336 101 1359 »
136 1326 238 1362 nata
254 1319 286 1361 3.
318 1320 376 1362 Et
402 1316 474 1362 hic
505 1316 630 1361 latini
666 1315 870 1361 nonnulli
907 1315 1204 1362 soloecismum
1242 1329 1467 1375 caventes,

81 1406 102 1430 »
136 1387 329 1433 fimbrias
357 1398 602 1444 catenatas,
633 1407 653 1431 >›
681 1388 954 1448 interpretati
975 1399 1103 1434 sunt:
1132 1406 1299 1449 graecus
1326 1401 1474 1436 autem

78 1459 214 1507 habet
246 1463 744 1511 τοὺςκρωσσοὺςτὰὰλυσιδωτά.
774 1462 898 1504 Hanc
937 1459 1126 1505 solemus
1159 1461 1304 1506 dicere
1342 1462 1473 1507 abso-

78 1530 217 1576 lutam
250 1531 543 1588 locutionem,
574 1547 676 1576 cum
701 1532 849 1590 generi
875 1532 1118 1577 masculino
1148 1533 1218 1577 vel
1242 1533 1475 1580 foeminino

80 1611 288 1646 neutrum
304 1593 492 1647 infertur
510 1623 519 1648 :
544 1602 921 1664 quemadmodum
942 1604 978 1648 si
1000 1604 1195 1649 dicamus
1214 1625 1224 1650 2
1246 1624 1265 1647 «
1284 1609 1308 1650 J
1315 1607 1474 1651 ustitiae

84 1691 105 1715 »
140 1682 325 1716 terrenae
346 1688 437 1716 non
457 1683 559 1716 sunt
575 1674 760 1717 stabilia.
787 1693 808 1717 »

139 1745 299 1789 CXXI.
333 1761 354 1785 «
373 1745 431 1786 Et
451 1745 599 1786 Aaron
619 1758 722 1787 cum
744 1742 928 1802 coeperit
954 1744 1080 1804 fungi
1103 1746 1368 1805 sacerdotio,
1392 1765 1474 1794 au-

85 1833 107 1857 »
141 1814 286 1859 dietur
305 1830 390 1860 vox
417 1815 508 1874 ejus
535 1814 717 1859 intranti
747 1815 793 1859 in
818 1818 1028 1860 Sanctum
1056 1816 1103 1860 in
1125 1831 1363 1878 conspectu
1386 1825 1474 1866 Do-

87 1903 108 1929 »
143 1885 267 1941 mini,
292 1894 336 1929 et
357 1885 572 1930 exeunti4.
596 1904 618 1927 »
642 1888 806 1930 Vocem
825 1886 916 1946 ejus
931 1902 985 1931 ex
1008 1887 1314 1934 tintinnabulis
1336 1890 1466 1949 dixit,

83 1957 161 2019 qui
181 1956 317 2017 magis
339 1973 471 2002 sonus
492 1966 556 2002 est
578 1958 685 2018 ejus.
709 1959 933 2003 «Intranti
955 1968 1000 2003 et
1021 1961 1219 2013 exeunti,
1240 1980 1261 2003 »
1284 1978 1378 2023 pm,
1399 1965 1472 2010 in-

87 2029 237 2073 trantis
255 2038 299 2073 et
319 2030 513 2074 exeuntis
534 2030 702 2090 posuit,
727 2030 925 2076 dativum
946 2047 1026 2092 pro
1048 2033 1253 2090 genitivo.

141 2103 326 2146 CXXII.
354 2103 449 2145 «Et
470 2100 580 2146 duos
603 2116 726 2146 renes
750 2110 794 2146 et
821 2103 996 2162 adipem
1018 2119 1118 2163 quae
1143 2120 1274 2164 super
1299 2109 1396 2151 eos⁵
1419 2126 1427 2152 :
1452 2126 1473 2149 »

82 2171 360 2228 subauditur,
381 2181 485 2217 «est
502 2192 521 2214 »
547 2172 671 2234 quod
691 2173 895 2219 nonnulli
915 2174 1172 2235 interpretes
1195 2176 1475 2225 addiderunt.

145 2245 350 2289 CXXIII.
380 2263 400 2286 «
418 2247 474 2288 Et
489 2244 707 2304 separabis
722 2244 834 2290 illud
849 2246 1120 2306 separatione
1133 2248 1164 2291 ⁶.
1187 2268 1204 2289 »

146 2316 345 2360 CXXIV.
374 2318 472 2360 «Et
498 2332 599 2360 cum
621 2316 830 2361 accendet
850 2320 997 2361 Aaron
1026 2317 1248 2375 lucernaS,
1279 2335 1373 2365 sero
1406 2322 1480 2366 in-

94 2406 113 2428 »
147 2386 303 2431 cendet
329 2402 458 2447 super
473 2386 587 2431 illud
599 2389 629 2431 ⁷.
663 2405 684 2429 >›
722 2389 825 2433 Sero
845 2386 955 2432 dixit
976 2404 1055 2448 pro
1076 2404 1254 2449 vespere
1270 2426 1281 2446 ,
1307 2401 1350 2436 et
1377 2393 1478 2438 ideo

90 2458 280 2503 notanda
300 2457 465 2503 locutio
486 2468 572 2518 est,
595 2466 648 2510 ὀψὲ
662 2460 825 2520 quippe
843 2473 1008 2518 graecus
1030 2460 1178 2505 habet.
1203 2464 1306 2507 Sero
1328 2474 1477 2510 autem

140 2563 148 2578 ¹
170 2556 267 2588 Exod.
291 2567 377 2598 xvn,
402 2569 414 2589 1
436 2575 478 2579 —
502 2564 514 2579 ²
534 2557 581 2589 Id.
598 2567 696 2589 xxvxn
711 2582 720 2598 ,
741 2566 795 2597 22,
812 2557 905 2598 juxta
923 2568 996 2589 Lxx.
1018 2575 1060 2580 —
1088 2556 1100 2579 3
1122 2558 1203 2590 llml.
1225 2559 1479 2601 22,juxta1„xx,

94 2610 262 2644 -41bid.
283 2612 334 2644 35.
357 2630 398 2635 —
415 2611 495 2645 5111.
518 2624 602 2653 xxlx,
625 2613 675 2644 13.
693 2618 735 2636 -2-
753 2612 768 2632 Γ·
784 2614 853 2645 Ibid
886 2615 940 2645 20.
970 2621 1043 2646 ——7
1070 2615 1116 2646 Id.
1136 2626 1211 2656 xxx,
1230 2618 1262 2647 ὅ.

1307 2671 1346 2710 h.
