1872 3267
388 304 470 344 384
825 315 859 342 s.
895 316 1125 344 Aucusnm
1159 317 1339 344 miscel-1

862 419 1098 468 QUAESTIO
1130 412 1305 458 XXXIX.

446 523 561 573 Qum
586 527 650 563 est
680 517 800 579 quod
827 518 885 563 ait
918 520 973 563 de
999 519 1181 564 muliere
1214 535 1313 580 quae
1348 519 1540 579 peperit,
1580 538 1600 561 «
1632 522 1772 564 Omne

390 609 410 631 u
437 599 635 634 sanctum
654 605 742 634 non
760 598 925 648 tanget,
942 590 1042 633 etin
1054 590 1349 635 sanctuarium
1366 605 1456 634 non
1472 589 1668 634 introibit
1684 591 1725 633 ¹?
1751 608 1770 630 »

389 660 517 714 Quod
541 659 835 704 sanctuarium
854 660 951 705 vult
971 660 1169 719 intelligi,
1194 676 1295 705 cum
1316 659 1486 719 legatur
1506 660 1553 704 in
1573 660 1777 704 taberna-

390 731 538 777 culum
565 731 735 776 nonnisi
757 730 998 776 sacerdotes
1022 731 1158 777 solere
1180 730 1374 791 ingredi,
1405 739 1448 775 et
1469 747 1607 791 usque
1628 731 1683 775 ad
1703 747 1778 775 ve-

391 803 483 848 lum
516 803 693 847 interius
728 802 991 859 seeundum·⁷
1022 801 1136 847 ultra
1169 802 1315 847 velum
1349 811 1495 846 autem
1526 802 1667 861 ipsum
1701 802 1778 846 ubi

392 884 484 918 erat
502 890 615 929 arca,
637 873 809 917 nonnisi
826 889 965 917 unum
982 888 1199 917 summum
1218 872 1511 917 sacerdotem?
1533 876 1602 916 An
1618 881 1662 916 et
1679 880 1779 916 ante
1830 890 1833 939 2
1871 890 1872 899 ¹

397 943 743 999 tabernaculum,
769 944 846 988 ubi
867 953 957 988 erat
978 943 1111 988 altare
1133 944 1460 998 sacrificiorum,
1486 944 1780 988 sanctuarium

393 1015 475 1060 diei
503 1015 668 1075 potuit?
689 1017 798 1059 Nam
821 1030 933 1073 saepe
955 1013 1198 1074 appellatur
1219 1014 1341 1058 loeus
1364 1023 1536 1057 sanctus
1559 1013 1686 1056 etiam
1710 1013 1779 1072 ip-
1830 1007 1832 1034 *

393 1102 488 1130 sum
518 1085 699 1140 atrium,
729 1099 829 1128 eum
861 1083 1041 1139 dicitur,
1072 1104 1090 1125 «
1118 1087 1170 1127 In
1188 1083 1283 1128 loeo
1306 1092 1452 1129 sancto
1485 1083 1615 1127 edent
1637 1087 1728 1126 ea‘2.
1757 1101 1776 1123 n

397 1155 508 1200 Illuc
538 1155 725 1200 fortassis
754 1155 952 1200 solebant
978 1155 1138 1199 intrare
1160 1153 1383 1209 mulieres⁷
1412 1153 1588 1215 quando
1622 1154 1780 1199 offere-
1829 1195 1830 1212 2

396 1226 501 1271 bant
522 1226 636 1271 dona
659 1242 750 1280 sua,
776 1242 874 1285 quae
897 1226 1226 1285 imponerentur
1247 1224 1385 1269 altari.

923 1333 1159 1381 QUAESTIO
1192 1336 1272 1373 XL.

461 1440 491 1480 Ι.
528 1439 643 1489 Qum
661 1434 862 1495 estquod
877 1433 997 1490 dicit,
1022 1454 1041 1477 «
1061 1435 1103 1480 Si
1120 1433 1362 1478 masculum
1379 1435 1593 1494 pepererit
1610 1435 1781 1490 mulier,
1826 1440 1829 1476 1³

399 1527 419 1549 »
456 1507 682 1551 immunda
704 1507 786 1550 erit
812 1515 976 1566 septem
1006 1504 1097 1549 dies
1112 1540 1122 1560 ‚
1161 1504 1401 1549 seeundum
1425 1504 1513 1549 dies
1537 1506 1784 1550 secessionis

403 1601 419 1621 »
455 1579 721 1639 purgationis
750 1581 841 1639 ejus
859 1577 1084 1622 immunda
1102 1578 1197 1633 erit,
1218 1587 1260 1622 et
1275 1578 1320 1621 in
1338 1577 1407 1621 die
1425 1587 1576 1622 octavo
1598 1578 1785 1622 eircum-
1826 1614 1827 1621 ,

400 1668 420 1690 »
457 1649 572 1694 cidet
593 1664 766 1693 carnem
785 1648 986 1708 praeputii
1005 1649 1096 1708 ejus
1109 1683 1119 1703 ,
1137 1657 1180 1691 et
1199 1648 1371 1706 triginta
1390 1657 1432 1692 et
1449 1657 1533 1692 tres
1551 1648 1640 1692 dies
1662 1649 1786 1693 sede·
1825 1646 1834 1697 ,¹-

403 1738 423 1761 »
463 1720 525 1763 bit
552 1721 597 1762 in
627 1719 838 1778 sanguine
864 1734 942 1762 suo
968 1718 1151 1763 mundo.
1187 1720 1327 1762 Omne
1351 1718 1469 1778 quod
1496 1728 1693 1764 sanetum
1726 1728 1790 1763 est
1824 1704 1827 1749 i

403 1809 422 1830 »
459 1806 546 1833 non
566 1790 806 1848 continget,
825 1789 928 1832 etin
948 1788 1243 1833 sanctuarium
1261 1804 1350 1832 non
1367 1789 1607 1833 introibit3.
1632 1808 1652 1830 »
1678 1792 1787 1842 Quae

399 1859 644 1903 (inferentia
667 1868 729 1903 est
751 1859 863 1902 inter
881 1868 1047 1918 septem
1067 1859 1155 1902 dies
1177 1857 1272 1902 illos
1293 1859 1452 1918 quibus
1474 1858 1578 1903 dicit
1600 1875 1694 1903 eam
1712 1860 1788 1903 im-

399 1931 631 1984 mundam,
657 1939 700 1973 et
721 1929 1006 1988 triginta—tres
1035 1929 1196 1989 quibus
1218 1929 1264 1973 in
1286 1929 1494 1988 sanguine
1515 1946 1592 1974 suo
1622 1929 1788 1973 mundo
1822 1916 1831 1971 Ξῖ

399 2001 581 2045 sedebit.
611 2001 652 2045 Si
675 2001 790 2043 enim
817 2001 907 2059 jam
935 2000 1159 2043 immunda
1191 2013 1279 2041 non
1312 2009 1375 2041 est
1396 2013 1472 2056 per
1495 1998 1788 2056 trigenta-tres

400 2070 510 2124 dies,
541 2085 675 2129 quare
696 2084 784 2111 non
812 2068 948 2124 tangit
971 2066 1092 2126 quod
1114 2076 1312 2111 sanctum
1334 2069 1424 2111 est?
1447 2070 1517 2111 An
1538 2068 1621 2112 hoc
1645 2068 1787 2113 adhuc
1822 2124 1823 2132 ἵ

400 2140 594 2191 interest,
616 2137 718 2196 quia
741 2137 783 2179 in
801 2136 1009 2193 sanguine
1030 2146 1108 2191 cst,
1132 2135 1232 2181 lieet
1249 2136 1439 2193 mund03
1468 2146 1518 2181 ut
1538 2138 1621 2182 hoc
1639 2138 1784 2193 distet,
1821 2134 1823 2156 ³

400 2208 502 2268 quia
520 2223 620 2252 eum
634 2205 859 2250 immunda
877 2215 955 2261 est,
971 2207 1239 2267 ubicumque
1261 2207 1387 2251 etiam
1404 2206 1575 2263 sederit,
1596 2209 1789 2252 immun-
1820 2200 1822 2206 ⁸
1868 2232 1870 2241 x

400 2279 507 2322 dum
531 2277 656 2334 facit3
681 2292 779 2321 eum
804 2291 905 2320 vero
923 2277 1012 2335 jam
1036 2276 1080 2319 in
1104 2277 1314 2335 sanguine
1338 2276 1504 2322 mundo
1530 2277 1665 2334 sedet,
1691 2288 1788 2323 tan·
1820 2274 1821 2286 ¹

402 2358 496 2393 tum
513 2347 634 2409 quod
650 2356 848 2391 sanctum
872 2356 934 2390 est
953 2363 1040 2391 non
1064 2348 1101 2390 ci
1121 2346 1222 2391 lieet
1239 2357 1431 2407 tangere,
1455 2357 1498 2392 et
1519 2347 1564 2392 in
1586 2359 1788 2393 sanctua-
1818 2378 1820 2386 ι

402 2420 515 2463 rium
545 2420 718 2462 intrare.
750 2419 842 2461 Hoc
874 2425 936 2460 est
967 2417 1082 2460 enim
1110 2418 1229 2477 quod
1256 2419 1337 2473 ait⁷
1366 2438 1386 2461 «
1413 2418 1663 2463 Secundum
1698 2420 1788 2465 dies

405 2507 425 2530 »
461 2487 706 2533 secessionis
727 2486 992 2546 purgationis
1010 2503 1099 2530 suae
1114 2487 1145 2542 ⁴,
1165 2505 1185 2528 »
1206 2487 1326 2547 quod
1347 2487 1452 2532 dicit
1469 2487 1552 2533 alio
1570 2487 1683 2544 loeo,
1709 2490 1789 2533 im-
1817 2519 1831 2540 μ
1871 2522 1872 2525 ,

403 2558 664 2603 munditiam
687 2556 878 2601 foeminae
896 2573 994 2617 quac
1013 2558 1241 2601 menstruis
1263 2567 1489 2618 purgatur,
1511 2568 1676 2619 septem
1693 2559 1785 2604 die-

450 2659 459 2676 ¹
477 2653 577 2685 Levit.
598 2664 652 2695 xn,
668 2651 699 2694 ἰ
719 2669 760 2674 --
778 2659 789 2675 ²
812 2653 858 2684 ld.
885 2664 931 2693 νι,
951 2652 1004 2683 80.
1026 2670 1066 2675 -—
1087 2652 1099 2674 3
1120 2652 1167 2684 Id.
1188 2664 1242 2695 xn,
1262 2652 1336 2695 2-4.
1358 2651 1499 2686 --41d.
1525 2665 1580 2696 xv,
1602 2665 1650 2697 ¹9·
