1872 3267
18 2726 24 2918 ἱ

22 2920 29 3212 l

332 321 596 358 QUAESTIONES
630 319 675 346 m
710 319 917 356 EXODUM,
954 320 1037 346 Le.
1075 321 1123 346 11.
1340 308 1423 346 339

34 385 124 429 bita
147 394 191 429 et
218 386 443 430 columnas
465 383 632 429 decern.
660 385 764 427 Haec
791 382 922 427 latera
956 399 1007 427 ex
1031 384 1117 428 istis
1148 385 1233 427 suis
1262 384 1422 428 finibus

34 456 80 500 in
101 455 245 500 medio
268 463 508 515 posuerunt
540 454 635 497 atrii
664 462 834 512 portam
852 489 862 508 ,
889 469 939 497 ex
972 452 1054 497 illis
1085 463 1232 497 autem
1266 455 1426 499 ostium

0 553 1 576 i
36 525 307 571 tabernaculi
340 546 348 570 :
388 527 502 569 inter
539 533 711 584 portam
747 524 843 568 atrii
880 533 923 568 et
960 525 1119 569 ostium
1156 524 1429 569 tabernaculi

36 597 222 657 spatium
247 599 386 657 jacet,
412 604 627 657 quantum
657 595 805 640 cubita
829 594 902 640 illa
927 593 1200 642 concludunt
1226 595 1380 654 viginti
1406 612 1430 640 a

36 676 179 727 porta,
204 676 247 711 et
267 667 418 711 dextra
435 666 632 726 laevaque
652 664 891 726 quindena.
916 668 968 709 In
981 681 1032 710 eo
1053 666 1192 726 spatio
1209 676 1273 710 est
1295 665 1430 711 altare

38 738 462 784 holocaustomatum
482 737 594 782 intra
614 746 785 798 portam
809 737 905 782 atrii
927 746 1027 782 ante
1046 737 1206 782 ostium
1224 738 1432 784 taberna-

40 808 150 867 culi,
175 819 218 853 et
234 809 347 854 inter
368 808 502 853 altare
523 818 567 853 et
589 808 749 853 ostium
770 807 1040 853 tabernaculi
1056 807 1231 852 labrum
1249 825 1428 865 aereum,

41 881 119 926 ubi
136 880 378 926 sacerdotes
393 896 549 925 manus
569 889 613 924 et
634 879 767 940 pedes
785 879 1006 925 lavabant.
1030 879 1272 940 Diligenter
1288 891 1435 926 autem

43 952 255 998 mensuris
276 952 530 996 examinatis
549 987 559 1007 ,
585 950 765 996 fortasse
786 951 832 994 in
859 951 950 996 istis
970 950 1180 996 lateribus
1210 961 1436 997 ternarum

43 1022 363 1078 columnarum,
387 1038 487 1082 quae
499 1030 621 1076 πλάγιοι
635 1037 774 1081 graece
792 1020 909 1066 dicta
929 1031 1047 1077 sunt,
1072 1022 1285 1067 nonnulla
1307 1024 1438 1068 etiam

45 1093 278 1154 obliquitas
304 1093 547 1149 invenitur,
573 1101 625 1136 ut
655 1108 746 1137 non
777 1093 938 1138 frustra
968 1092 1149 1154 quidam
1179 1093 1438 1154 interpretes

47 1164 183 1210 nostri
214 1184 235 1207 «
265 1163 445 1224 obliqua
475 1181 497 1205 »
517 1164 930 1223 interpretarentur,
958 1179 1060 1224 quae
1084 1164 1130 1209 in
1152 1179 1294 1224 graeco
1315 1172 1439 1218 πλάγια

47 1244 316 1296 repererunt.
351 1237 451 1281 Non
485 1234 603 1278 enim
635 1234 731 1279 vela
765 1233 991 1294 capillacia
1016 1234 1252 1295 quindenis
1280 1236 1440 1281 cubitis

0 1335 2 1340 ν
48 1306 134 1351 suis
156 1315 339 1366 possunt
370 1314 516 1364 tegere
549 1304 772 1364 quindena
794 1305 944 1350 cubita
963 1305 1254 1351 tentoriorum
1281 1307 1327 1351 in
1355 1306 1441 1351 illis

50 1375 283 1432 lateribus,
319 1375 401 1420 nisi
422 1373 735 1435 posterioribus
766 1375 966 1435 partibus
990 1375 1285 1432 tabernaculi,
1316 1387 1441 1422 ante-

53 1463 186 1509 quam
207 1447 263 1492 ad
282 1445 356 1491 illa
372 1446 506 1491 latera
528 1445 835 1502 deflectantur,
859 1462 950 1492 non
971 1447 1156 1507 amplius
1178 1464 1312 1509 quam
1328 1450 1442 1494 dena

55 1518 202 1564 cubita
229 1516 538 1577 impenderint.
568 1519 632 1561 Ac
653 1517 713 1562 sic
740 1532 792 1560 ex
821 1517 935 1562 linea
964 1527 1082 1563 recta
1104 1520 1355 1578 posterioris
1377 1530 1446 1565 ta-

52 1589 298 1644 bernaculi,
324 1587 370 1633 id
383 1597 462 1644 est,
489 1604 513 1632 a
531 1597 654 1648 parte
675 1587 923 1634 Occidentis
941 1610 951 1647 3
977 1605 1078 1651 quae
1092 1589 1220 1636 linaea
1238 1606 1339 1636 cum
1362 1593 1444 1637 ha·-

50 1660 215 1706 buisset
237 1668 337 1704 octo
359 1659 585 1704 columnas
606 1659 873 1719 pertinentes
901 1660 956 1704 ad
979 1661 1160 1706 interius
1178 1662 1445 1708 tabernacu-

52 1731 162 1786 lum,
183 1731 334 1775 decem
350 1729 512 1774 habere
533 1730 669 1789 coepit
681 1728 839 1774 additis
855 1730 1063 1776 lateribus
1081 1732 1176 1776 atrii
1193 1734 1414 1780 exterioris
1431 1757 1442 1794 3
1461 1738 1465 1742 ’

54 1811 99 1846 et
122 1816 224 1845 cum
255 1799 477 1844 habuisset
508 1799 657 1844 cubita
688 1798 978 1859 quadraginta
1004 1802 1060 1846 ad
1091 1811 1191 1848 octo
1220 1803 1446 1850 columnas

56 1871 338 1933 pertinentia,
370 1870 690 1931 quinquaginta
713 1870 876 1914 habere
904 1872 1040 1931 coepit
1064 1873 1109 1916 in
1132 1873 1344 1920 columnis
1367 1876 1448 1920 de-

56 1959 150 1989 cem
172 1963 181 1989 ς
201 1958 253 1987 ex
274 1943 356 1986 hac
381 1956 483 2000 ergo
507 1940 621 1985 linea
644 1957 746 1986 cum
769 1950 883 1987 tecta
904 1943 1070 1988 fuerint
1090 1944 1196 1990 velis
1218 1946 1450 2007 capillaciis

60 2014 171 2059 dena
197 2013 345 2058 cubita
373 2011 429 2056 ab
459 2021 648 2072 utroque
677 2011 840 2071 angulo
870 2014 1110 2070 venientia,
1147 2017 1373 2063 restabunt
1402 2019 1448 2063 in

59 2084 201 2130 medio
219 2084 394 2142 triginta
405 2098 495 2127 non
515 2091 627 2127 tecta
644 2081 749 2126 velis
767 2083 1017 2143 capillaciis,
1041 2084 1116 2131 sed
1140 2085 1224 2133 illis
1248 2097 1446 2135 tantum-

61 2155 191 2201 modo
211 2154 358 2199 aulaeis
374 2189 384 2209 ,
404 2154 450 2197 in
469 2168 660 2213 quorum
685 2153 863 2211 triginta
893 2155 1145 2202 cubitorum
1167 2159 1337 2217 medio,
1370 2177 1448 2222 per

63 2225 278 2286 quotlibet
304 2224 453 2269 cubita
488 2222 800 2279 tenderentur,
839 2234 931 2269 erat
964 2227 1123 2273 ostium
1160 2230 1446 2278 tabernaculi.

64 2298 249 2343 Proinde
270 2296 344 2341 illa
374 2295 509 2340 latera
546 2304 770 2340 ternarum
792 2295 1098 2344 columnarum
1129 2309 1173 2346 et
1201 2303 1453 2363 quindeno-

65 2383 162 2412 rum
182 2367 450 2421 cubitorum,
475 2365 510 2410 si
526 2381 577 2409 ex
597 2364 680 2410 illis
693 2366 854 2411 finibus
870 2368 957 2412 suis
975 2369 1136 2430 quibus
1151 2373 1453 2433 jungebantur

0 2460 4 2487 ι
66 2448 201 2499 portae
221 2438 334 2494 atrii,
353 2437 562 2498 patebant
579 2437 693 2481 inter
713 2452 758 2481 se
779 2438 938 2484 cubitis
959 2440 1135 2501 viginti,
1156 2444 1260 2504 quia
1277 2454 1451 2493 tantum

0 2540 4 2549 .
67 2509 259 2554 habebat
278 2518 420 2569 porta,
445 2524 545 2570 quae
567 2507 640 2552 illa
662 2507 797 2553 latera
825 2508 1084 2571 dirimebat,
1114 2529 1166 2559 ex
1188 2515 1282 2560 aliis
1304 2527 1452 2564 autem

69 2579 228 2624 finibus
247 2580 409 2641 quibus
434 2579 662 2624 haerehant
677 2579 905 2639 posteriori
925 2580 990 2625 illi
1014 2581 1142 2629 lineae
1158 2585 1428 2634 tabernaculi
1441 2626 1453 2647 ,

0 2681 4 2691 .
72 2648 126 2696 de
151 2667 239 2712 qua
258 2649 396 2696 locuti
417 2665 582 2706 sumus,
607 2649 832 2695 habebant
861 2651 975 2697 inter
1005 2669 1051 2700 se
1077 2655 1227 2703 cubita
1248 2659 1453 2721 triginta,

1244 2733 1320 2776 ⁴22.
