1872 3267
399 300 482 341 204
816 309 850 338 s.
886 309 1117 340 Aut-,nsum
1149 312 1348 340 mnscom.

401 397 421 420 «
446 376 739 434 Quadraginta
752 374 841 420 dies
863 377 1072 422 ctNinive
1086 379 1326 422 evertetur¹
1357 395 1366 421 ε
1385 394 1405 418 )ι
1426 385 1476 421 ut
1488 391 1565 437 per
1582 385 1648 421 tot
1668 376 1774 432 dies,

397 447 744 493 accommodatos
763 447 963 492 videlicet
983 447 1273 493 humiliationi
1295 448 1606 508 poenitentium
1619 483 1630 505 ,
1648 447 1778 492 intel·-

396 519 586 576 ligantur
615 518 660 561 in
680 517 855 577 jejuniis
875 533 949 561 sua
978 516 1200 563 deflevisse
1229 527 1426 578 peccata,
1453 527 1496 561 et
1528 518 1778 577 impetrasse

397 588 733 633 misericordiam
759 588 849 632 Dei.
874 591 962 633 Nec
988 597 1132 633 tamen
1154 589 1399 649 putandum
1431 597 1494 632 est
1527 589 1658 632 istum
1693 605 1779 632 nu-

398 675 566 703 merum
612 659 749 703 luctui
791 659 1100 717 poenitentium
1142 659 1447 704 tantummodo
1490 659 1723 704 convenire
1769 679 1778 704 ε

398 731 591 791 alioquin
608 746 697 775 non
718 729 1006 790 quadraginta
1025 731 1114 774 dies
1142 730 1310 775 fecisset
1333 731 1543 776 Dominus
1561 746 1663 775 cum
1684 731 1779 775 Dis-

397 802 432 845 ci
440 801 550 860 pulis
567 801 652 844 suis
676 809 772 859 post
790 800 1164 856 resurrectionem,
1184 802 1349 847 intrans
1367 817 1467 846 cum
1483 801 1541 845 eis
1556 810 1599 845 et
1620 801 1780 856 exiens,

399 872 665 915 manducans
688 880 730 914 et
748 871 902 915 bibens
922 891 933 928 3
953 871 1029 931 qui
1043 870 1132 916 dies
1154 873 1306 933 utique
1328 872 1671 932 magnaelaetitiae
1686 871 1784 916 fue-

399 944 610 987 runt‘Nec
623 944 904 1001 Septuaginta
916 942 1188 1002 interpretes,
1199 960 1308 1004 quos
1320 943 1463 1002 legere
1476 943 1699 988 consuevit
1708 946 1785 987 Ec-

400 1013 543 1067 clesia,
570 1028 730 1056 errasse
750 1011 956 1056 credendi
976 1022 1092 1068 sunt⁹
1117 1023 1166 1057 ut
1186 1030 1274 1058 non
1292 1013 1488 1058 dicerent
1515 1033 1523 1058 :
1555 1033 1575 1056 «
1596 1012 1787 1067 Quadra-
1849 1033 1851 1040 ¹

402 1101 423 1124 »
446 1084 564 1142 ginta
577 1083 665 1126 dies
683 1101 702 1124 »
729 1083 830 1126 sed:
853 1101 871 1124 «
889 1082 1101 1127 Triduum
1113 1084 1319 1129 etNinive
1332 1093 1564 1128 evertetur.
1585 1101 1608 1126 ιι
1624 1084 1788 1143 Maj0re
1848 1089 1850 1135 Ξ

401 1154 563 1213 quippe
603 1153 859 1197 auctoritate
891 1152 1062 1212 praediti
1106 1169 1240 1214 quam
1276 1154 1563 1214 interpretum
1595 1153 1787 1198 officium

402 1233 485 1279 est,
505 1224 760 1283 prophetico
777 1223 930 1282 spiritu
942 1258 953 1278 ,
972 1239 1061 1283 quo
1081 1225 1208 1268 etiam
1226 1240 1300 1268 ore
1313 1241 1402 1269 uno
1418 1226 1461 1269 in
1479 1225 1565 1269 suis
1577 1224 1790 1284 interpre-

403 1294 668 1349 tationibus,
702 1293 821 1353 quod
852 1309 1060 1353 magnum
1094 1294 1353 1338 miraculum
1375 1294 1482 1350 fuit,
1517 1294 1790 1339 consonuisse

404 1365 636 1408 firmantur
652 1400 663 1420 7
691 1363 899 1408 Triduum
924 1375 1188 1424 posuerunt,
1214 1366 1409 1426 quamvis
1432 1382 1522 1410 non
1543 1366 1791 1424 ignorarent
1845 1355 1847 1362 λ

403 1436 525 1496 quod
553 1435 642 1480 dies
671 1435 959 1496 quadraginta
985 1437 1032 1480 in
1053 1437 1238 1481 hebraeis
1267 1437 1490 1481 codicibus
1515 1437 1788 1496 legerentur,

404 1516 454 1552 ut
483 1507 528 1550 in
558 1507 729 1551 Domini
766 1510 869 1551 Jesu
905 1508 1065 1552 Christi
1103 1507 1409 1551 clarificatione
1446 1506 1792 1567 intelligerenttu‘

407 1576 585 1621 dissolvi
614 1576 866 1637 abolerique
888 1587 1088 1637 peccata3
1123 1577 1177 1621 de
1213 1593 1302 1638 quo
1325 1576 1492 1622 dictum
1522 1587 1586 1621 est
1611 1597 1619 1622 :
1655 1597 1675 1620 «
1708 1578 1790 1631 Qui

410 1666 429 1689 ι)
457 1647 640 1692 traditus
662 1658 725 1692 est
748 1657 925 1708 propter
941 1647 1099 1692 delicta
1116 1657 1262 1692 nostra
1278 1669 1289 1706 3
1304 1658 1346 1693 et
1364 1648 1597 1692 resurrexit
1617 1657 1793 1708 propter

409 1737 429 1762 »
451 1719 808 1779 justificationem
831 1728 1023 1763 nostram
1046 1720 1078 1761 2.
1103 1736 1122 1759 »
1144 1717 1405 1763 Clarificatio
1439 1727 1588 1762 autem
1621 1718 1793 1763 Domini
1839 1717 1841 1741 ³

407 1790 453 1833 in
501 1788 815 1833 resurrectione
856 1798 899 1832 et
933 1789 978 1832 in
1014 1787 1178 1831 coelum
1213 1789 1461 1832 ascensione
1504 1788 1790 1846 cognoscitur.
1838 1782 1839 1832 Ῐ

409 1858 533 1904 Unde
567 1868 610 1902 et
631 1858 697 1902 bis
718 1874 924 1914 numero,
948 1858 1143 1918 quamvis
1165 1873 1304 1902 unum
1328 1867 1371 1902 et
1397 1858 1623 1914 eumdem,
1658 1858 1794 1918 Spiri-
1836 1856 1839 1911 3

409 1939 503 1974 tum
526 1939 723 1975 sanctum
741 1927 877 1983 dedit,
896 1929 1036 1988 primo
1058 1937 1339 1988 posteaquam
1352 1929 1619 1984 resurrexit3,
1636 1929 1794 1972 iterum

408 2011 692 2061 posteaquam
729 1998 921 2044 ascendit
952 2000 997 2042 in
1039 1999 1243 2043 coelum4.
1270 2002 1328 2043 Et
1349 2000 1558 2058 quoniam
1592 2008 1690 2058 post
1716 2000 1794 2043 tri·
1834 2017 1837 2064 ξ

410 2073 550 2117 duum
573 2071 827 2126 resurrexit,
858 2080 955 2130 post
977 2071 1265 2131 quadraginta
1291 2079 1438 2115 autem
1460 2070 1550 2114 dies
1573 2069 1792 2128 ascendit3
1833 2118 1835 2138 Ι

410 2158 551 2188 unum
571 2143 751 2197 horum,
782 2141 903 2202 quod
923 2141 1133 2200 posterius
1156 2139 1322 2185 factum
1346 2150 1430 2196 est,
1461 2156 1539 2200 per
1564 2155 1794 2185 numerum
1832 2147 1835 2199 s

412 2215 581 2259 dierum
603 2212 771 2258 codices
793 2213 956 2257 hebraei
973 2212 1217 2270 significant
1237 2232 1245 2257 ε
1267 2212 1451 2256 alterum
1473 2222 1619 2256 autem
1641 2211 1695 2256 de
1718 2213 1795 2256 tri·
1831 2255 1833 2259 .

412 2286 524 2339 duo,
550 2283 670 2345 quod
693 2283 747 2327 ad
775 2282 971 2326 eamdem
986 2282 1115 2326 etiam
1134 2298 1222 2325 rem
1237 2282 1493 2341 pertineret,
1516 2283 1795 2342 Septuaginta
1830 2279 1832 2281 V

414 2370 779 2408 commemorare,
810 2370 898 2397 non
931 2353 1294 2412 interpretationis
1324 2355 1550 2408 servitute,
1589 2354 1664 2397 sed
1694 2369 1796 2413 pro-
1828 2377 1831 2405 ,ι

416 2426 570 2484 phetise
599 2425 854 2469 auctoritate
876 2423 1124 2467 volucrunt.
1159 2426 1257 2468 Non
1294 2439 1396 2481 ergo
1426 2422 1620 2467 dicamus
1658 2437 1795 2467 unum
1828 2477 1829 2482 Ἰ

415 2499 574 2542 horum
602 2495 758 2540 falsum
789 2510 900 2549 esse,
943 2504 986 2538 ct
1017 2510 1095 2553 pro
1130 2495 1222 2538 aliis
1254 2494 1559 2554 interpretibus
1597 2484 1797 2538 adversus
1828 2487 1829 2490 ¹

418 2569 521 2613 alios
543 2567 778 2626 litigemus,
803 2582 903 2611 cum
925 2576 967 2610 et
990 2565 1050 2609 illi
1069 2567 1144 2626 qui
1167 2581 1215 2609 ex
1232 2566 1408 2609 hebraeo
1431 2565 1791 2624 interpretantur,

467 2659 474 2674 ¹
496 2654 569 2685 Jon.
585 2662 628 2690 ιιι,
655 2652 681 2693 4.
703 2669 744 2674 —-
765 2658 776 2674 ²
794 2653 884 2685 Rom,
905 2662 949 2690 iv,
967 2650 1020 2682 25.
1043 2666 1083 2673 —-
1105 2648 1117 2671 3
1137 2652 1228 2682 Joan.
1250 2660 1303 2690 xx,
1328 2658 1382 2682 22.
1400 2666 1441 2673 --
1463 2648 1477 2678 4
1496 2651 1567 2682 Act.
1589 2660 1624 2690 ιι,
1643 2658 1674 2681 2.
