1872 3267
431 194 511 234 130
866 207 899 234 s.
937 205 1165 234 Aususum
1200 209 1379 234 El’lscovl

414 286 548 331 quam
570 270 705 315 oeulis
738 286 827 315 uno
853 270 949 316 loco
978 283 1093 317 stans
1111 272 1260 318 videre
1283 289 1371 316 non
1395 281 1553 332 posset.
1578 273 1805 332 Significa-

415 350 487 385 tur
509 350 654 385 autem
690 356 741 385 ea
779 350 908 397 tenu,
930 358 1061 402 quam
1091 344 1209 403 prius
1240 342 1427 403 populus
1458 343 1624 403 accepit
1654 343 1802 399 Israel,

417 427 567 456 semen
588 413 776 457 Abrahae
798 412 1039 458 secundum
1056 429 1255 472 carnem3
1275 430 1364 459 non
1385 414 1497 458 illud
1515 414 1643 459 latius
1659 430 1806 458 semen

416 482 659 527 secundum
681 484 812 528 fidem
826 520 837 540 ,
862 483 984 545 quod
999 501 1053 529 ne
1074 494 1310 542 taee1·etur‚
1337 486 1503 530 dietum
1525 494 1589 530 est
1619 486 1658 529 ei
1681 484 1804 529 futu-

416 568 516 598 rum
537 554 648 599 sicut
666 570 796 599 arena
813 555 958 611 maris,
974 555 1214 600 secundum
1231 555 1508 616 hyperbolen
1521 555 1715 617 quidem,
1730 555 1806 601 sed
1854 609 1856 613 .

418 633 566 670 tamen
582 634 755 670 tantum
768 625 889 686 quod
911 641 1139 672 numerare
1152 626 1299 672 nullus
1321 636 1478 688 posset.

919 735 1154 785 QUAESTIO
1185 737 1326 776 xxlx.

481 854 499 876 «
540 839 605 881 ΕΤ
651 837 868 883 nuntiavit
900 838 1088 882 Abrahae
1133 839 1461 884 transfluviali¹.
1487 857 1506 879 »
1535 839 1805 883 Transsuvia-

417 905 506 950 lem
542 907 764 952 Abraham
809 908 1077 969 appellatum
1113 910 1240 953 etiam
1265 925 1402 969 graeca
1424 909 1681 969 exemplaria
1703 909 1802 953 satis

418 976 614 1022 indicant
641 998 649 1022 :
680 979 755 1022 sed
789 995 866 1023 eur
899 979 958 1023 ita
988 979 1226 1039 appellatus
1250 980 1323 1035 sit,
1350 981 1444 1024 haec
1465 980 1638 1025 videtur
1660 995 1800 1035 causa,
1846 1036 1849 1043 Δ

418 1048 539 1108 quod
553 1064 603 1092 ex
618 1051 927 1109 Mesopotamia
941 1051 1133 1106 veniens,
1156 1051 1336 1095 transito
1359 1052 1539 1094 flumine
1562 1051 1800 1110 Euphrate,

418 1117 538 1163 sedes
564 1120 788 1165 constituit
809 1121 855 1165 in
876 1131 988 1166 terra
1010 1123 1232 1178 Chanaan,
1254 1132 1296 1166 et
1319 1122 1638 1167 Transssuvialis
1660 1122 1805 1182 appel·
1844 1123 1847 1138 ¹

415 1187 528 1234 latus
554 1200 617 1235 est
648 1206 700 1235 ex
721 1207 770 1236 ea
803 1192 978 1250 regione
1007 1192 1124 1236 unde
1152 1202 1344 1237 venerat.
1376 1192 1500 1237 Unde
1533 1196 1658 1237 Jesus
1687 1196 1804 1238 Nave
1843 1206 1846 1216 ¹

414 1259 520 1305 dicit
548 1261 751 1306 Isra'e‘litis
777 1282 786 1307 :
816 1281 835 1304 «
860 1262 976 1317 Quid
996 1263 1128 1309 vultis
1150 1263 1307 1308 servire
1341 1263 1422 1308 diis
1438 1273 1614 1324 patrum
1638 1272 1804 1309 vestro-

418 1347 439 1372 »
474 1347 573 1376 rum
588 1368 599 1389 ,
622 1333 699 1394 qui
731 1342 834 1378 sunt
870 1343 988 1379 trans
1011 1335 1232 1379 flumem?
1254 1353 1273 1376 ))

922 1444 1158 1493 QUAEs‘rlo
1190 1446 1312 1483 xxx.

476 1548 539 1589 DE
562 1560 613 1590 eo
641 1544 763 1606 quod
786 1547 994 1606 seriptum
1013 1555 1098 1602 est,
1124 1565 1144 1589 «
1167 1546 1290 1591 Circa
1315 1541 1414 1590 solis
1437 1555 1581 1589 autem
1607 1560 1804 1589 oceasum

418 1634 439 1657 »
474 1631 609 1675 pavor
638 1617 764 1661 irruit
791 1633 920 1677 super
941 1618 1162 1662 Abraham
1179 1652 1189 1672 ‚
1222 1626 1264 1661 et
1292 1632 1391 1661 ecee
1441 1616 1569 1661 timor
1622 1630 1804 1674 magnus

419 1704 440 1728 »
476 1686 631 1731 incidit
665 1687 750 1731 ei3.
780 1707 799 1729 >›
831 1688 1071 1732 Tractanda
1095 1697 1159 1731 est
1189 1687 1268 1731 ista
1298 1687 1500 1747 quaesti0‚
1536 1696 1715 1746 propter
1736 1701 1806 1730 eos
1834 1677 1836 1692 ²

417 1757 493 1817 qui
523 1757 796 1802 contendunt
817 1756 1167 1817 perturbationes
1198 1757 1297 1802 istas
1321 1774 1409 1802 non
1441 1757 1595 1801 cadere
1628 1758 1673 1800 in
1711 1757 1805 1800 ani-
1832 1784 1834 1791 ι

416 1842 538 1871 mum
555 1828 777 1887 sapientis:
795 1838 944 1872 utrum
968 1828 1053 1872 tale
1071 1828 1237 1888 aliquid
1259 1828 1312 1871 sit
1333 1826 1463 1887 quale
1485 1826 1679 1886 Agellius
1693 1841 1807 1870 corn-
1830 1838 1833 1884 j

416 1908 630 1943 memorat
658 1899 704 1943 in
726 1899 847 1944 libris
878 1899 1082 1945 Noctium
1117 1899 1362 1944 Atticarum
1378 1900 1392 1923 4
1408 1934 1418 1953 7
1451 1896 1684 1958 quemdam
1707 1897 1806 1957 phi-

415 1967 649 2029 losophum
670 1970 716 2013 in
730 1985 883 2028 magna
901 1970 1028 2013 maris
1042 1978 1297 2029 tempestate
1315 1968 1557 2023 turbatum,
1576 1983 1675 2012 cum
1699 1976 1806 2012 esset

417 2039 463 2083 in
496 2040 624 2095 navi,
656 2048 698 2084 et
727 2039 1073 2085 animadversum
1105 2056 1128 2083 a
1162 2039 1355 2100 quodam
1389 2038 1609 2083 luxurioso
1641 2037 1807 2082 adoles-
1828 2035 1848 2065 ff-

418 2119 570 2168 cente3
596 2111 671 2171 qui
693 2126 795 2155 cum
817 2111 854 2153 ei
878 2120 975 2170 post
999 2120 1264 2155 transactum
1285 2109 1531 2170 periculum
1559 2108 1803 2164 insultaret,

416 2180 538 2241 quod
561 2180 847 2240 Philosophus
871 2180 956 2224 cito
974 2181 1254 2241 perturbatus
1281 2189 1407 2235 esset,
1434 2195 1535 2224 cum
1558 2180 1648 2239 ipse
1665 2192 1826 2240 nequez

416 2251 610 2296 timuerit
624 2266 766 2311 neque
781 2250 1237 2310 palluerit‚1·espondit
1263 2250 1360 2296 ideo
1374 2250 1500 2295 illum
1520 2266 1609 2295 non
1631 2259 1805 2310 pertur-

417 2322 592 2378 batum,
609 2322 711 2382 quia
728 2321 1003 2382 nequissimae
1026 2322 1180 2365 animae
1197 2337 1286 2365 suae
1304 2320 1411 2365 nihil
1435 2321 1589 2364 timere
1612 2320 1802 2374 deberet,

418 2393 540 2454 quod
567 2408 646 2438 nee
673 2392 803 2452 digna
820 2402 930 2438 esset
948 2409 1026 2453 pro
1059 2409 1146 2454 qua
1173 2392 1339 2453 aliquid
1368 2393 1606 2437 timeretur.
1633 2378 1822 2437 Caeterisi

468 2497 477 2513 ¹
500 2492 579 2523 Gen.
603 2501 666 2531 xiv,
688 2490 739 2522 13.
759 2507 800 2513 -
821 2496 834 2512 2
855 2492 921 2522 Jos.
944 2500 1030 2529 xxiv,
1057 2488 1106 2521 15.
1130 2506 1171 2511 —
1194 2487 1206 2511 3
1227 2491 1306 2521 Gen.
1323 2500 1376 2530 xv,
1406 2498 1455 2521 12.
1477 2506 1517 2510 -—
1543 2486 1678 2530 ·'·Age11.
1701 2488 1755 2519 lib.
1776 2496 1804 2528 x,

418 2557 489 2589 cap.
512 2558 538 2578 1.
560 2549 605 2580 De
620 2546 759 2579 civitate
773 2546 830 2579 Dei
843 2546 898 2578 lib.
913 2556 958 2587 ix,
977 2557 1048 2589 cap.
1066 2544 1098 2587 4.
