1872 3267
409 291 496 332 410
842 301 876 330 s.
913 302 1144 333 Aucus'nm
1175 304 1358 332 Emscon

915 419 1150 469 QUAESTIO
1179 421 1316 460 LXXI.

466 541 488 564 «
512 524 575 565 ΕΤ
595 521 823 566 incisiones
854 536 983 581 super
1015 523 1204 567 animam
1233 538 1322 567 non
1345 521 1507 568 facietis
1528 524 1576 568 in
1606 539 1786 584 corpore

409 611 429 634 »
466 594 652 637 vestro¹.
682 594 820 652 Super
842 593 1028 636 animam
1061 593 1195 649 dixit,
1222 611 1243 635 >›
1269 609 1399 653 super
1430 591 1564 638 funus
1593 596 1753 639 mortui
1776 615 1787 640 :

404 663 460 708 de
480 663 622 707 anima
644 663 807 723 quippe
831 662 956 707 dolor
988 672 1051 708 est
1082 680 1180 724 quae
1203 664 1388 709 recessit.
1415 663 1486 709 Ad
1501 665 1620 710 hunc
1641 674 1787 722 autem
1832 703 1834 706 .

404 734 599 780 dolorem
622 734 811 794 pertinet
844 734 1015 789 luctus,
1042 734 1088 778 in
1120 751 1208 796 quo
1230 735 1354 780 luctu
1385 735 1610 780 nonnullae
1642 746 1790 794 gentes

404 805 570 851 habent
587 806 951 851 consuetudinem
973 821 1116 851 secare
1138 822 1319 867 corpora
1341 822 1431 852 sua,
1454 810 1547 854 Hoc
1568 807 1662 852 fieri
1677 810 1790 852 Deus

403 876 622 937 prohibet.

904 987 1141 1036 QUAESTIO
1173 989 1326 1026 LXXII.

465 1108 485 1130 «
524 1092 598 1133 ITA
628 1097 676 1133 ut
703 1087 973 1134 fornicentur
1004 1090 1049 1133 in
1082 1090 1297 1149 principes
1328 1088 1383 1133 de
1414 1089 1579 1149 populo
1609 1091 1734 1136 suo2.
1764 1108 1785 1132 »
1828 1103 1835 1115 ¹*

403 1161 501 1205 Non
528 1158 582 1203 de
614 1159 776 1219 populo
809 1176 887 1204 suo
909 1161 1148 1220 principes,
1175 1160 1250 1204 sed
1281 1160 1336 1204 de
1363 1159 1528 1220 populo
1551 1176 1629 1205 suo
1652 1159 1790 1205 forni-

403 1239 571 1274 centur.
598 1233 683 1274 Eos
716 1231 876 1291 quippe
906 1231 1121 1290 principes
1151 1230 1248 1275 vult
1276 1231 1347 1275 hic
1378 1230 1587 1290 intelligi,
1613 1233 1688 1291 qui
1711 1248 1790 1291 pro
1826 1247 1838 1287 p*
1866 1251 1871 1292 ᾗ

403 1301 484 1345 diis
504 1300 786 1345 colebantur:
812 1301 921 1345 sicut
943 1302 1176 1360 Apostolus
1199 1301 1329 1346 dicit:
1359 1321 1379 1344 «
1407 1301 1657 1347 Secundum
1676 1303 1789 1361 prin-

407 1390 426 1413 »
462 1373 603 1431 cipem
632 1372 853 1431 potestatis
886 1371 1017 1416 aerisss
1045 1391 1053 1416 :
1094 1390 1113 1413 »
1141 1381 1184 1415 et
1211 1372 1255 1415 in
1283 1371 1522 1431 Evangelio
1556 1373 1787 1429 Dominus,

406 1461 426 1484 >›
462 1445 588 1488 Nunc
626 1443 828 1502 princeps
861 1443 988 1503 hujus
1023 1443 1178 1487 mundi
1209 1442 1360 1487 missus
1394 1452 1459 1487 est
1489 1442 1637 1489 foras:
1673 1462 1694 1485 »
1728 1454 1788 1497 et,

407 1531 428 1555 »
463 1516 575 1558 Ecce
596 1513 716 1558 venit
737 1513 936 1573 princeps
957 1513 1135 1569 mundi,
1156 1522 1199 1557 et
1220 1513 1267 1556 in
1287 1528 1357 1558 me
1379 1513 1489 1558 nihil
1513 1513 1745 1559 inveniet4.
1766 1533 1786 1556 »

878 1621 1114 1671 QUAESTIO
1145 1622 1318 1660 LXXIII.
1822 1617 1826 1673 j
1868 1658 1872 1686 ὲ,

468 1745 488 1768 ι(
524 1727 677 1780 HOMO,
705 1726 838 1770 homo
865 1725 1133 1785 quicumque
1155 1723 1464 1769 adulteraverit
1489 1737 1668 1767 uxorem
1684 1723 1788 1779 viri,
1820 1683 1824 1782 i

408 1816 428 1839 »
464 1806 538 1842 aut
555 1797 823 1856 quicumque
837 1794 1145 1840 adulteraverit
1161 1809 1339 1840 uxorem
1352 1793 1536 1853 proximi
1550 1794 1631 1850 sui,
1649 1803 1790 1839 morte
1820 1786 1822 1802 ⁸

409 1887 427 1908 »
463 1867 755 1918 moriantur⁵;
783 1884 802 1907 »
825 1865 1050 1926 pluraliter
1080 1865 1208 1920 dixit,
1240 1867 1421 1910 «Morte
1439 1865 1680 1910 moriantur
1698 1867 1738 1922 ὓ,
1765 1883 1785 1905 »

406 1939 488 1990 hoc
502 1948 580 1994 est,
596 1938 671 1998 qui
685 1936 960 1992 adulteravit,
981 1945 1023 1980 et
1044 1952 1142 1996 quae
1164 1934 1404 1980 adulterata
1427 1945 1504 1979 est.
1523 1935 1604 1980 Hic
1620 1935 1785 1996 aliquid
1818 1933 1824 1973 Ι
1864 1950 1866 1964 ¹

405 2009 563 2053 distare
583 2008 724 2053 voluit
739 2009 851 2051 inter
868 2006 1110 2067 quemlibet
1129 2007 1270 2051 virum
1289 2015 1332 2050 et
1348 2006 1612 2066 proximum,
1630 2021 1788 2066 quam-
1817 1975 1821 2064 i
1861 2024 1862 2028 ¹

402 2081 463 2124 vis
497 2079 643 2123 multis
664 2077 768 2122 locis
796 2077 1042 2137 proximum
1073 2093 1150 2136 pro
1173 2077 1293 2121 omni
1324 2076 1501 2120 homine
1524 2085 1671 2136 ponat.
1701 2077 1787 2121 Sed
1816 2069 1820 2120 Ι
1860 2095 1862 2104 ‚

405 2166 504 2210 quae
533 2159 596 2193 est
632 2149 710 2192 ista
744 2147 929 2202 locutio,
956 2157 1006 2191 ut
1034 2162 1134 2191 cum
1161 2149 1252 2207 jam
1283 2146 1455 2191 dixisset
1481 2145 1536 2191 de
1564 2146 1679 2201 viro,
1704 2147 1788 2192 hoc
1815 2128 1819 2185 l
1859 2160 1872 2183 ’ἰ

407 2222 522 2265 idem
545 2219 762 2279 repetierit
785 2218 839 2263 de
860 2220 1073 2278 proximo,
1092 2234 1192 2263 cum
1213 2218 1264 2262 sit
1282 2233 1566 2278 consequens,
1583 2226 1633 2261 ut
1646 2216 1787 2262 multo

407 2292 540 2350 magis
574 2292 628 2334 ab
662 2305 794 2334 uxore
827 2289 1010 2348 proximi
1052 2289 1359 2333 abstinendum
1390 2289 1465 2344 sit,
1501 2288 1534 2331 si
1566 2288 1620 2332 ab
1654 2303 1786 2332 uxore
1814 2278 1817 2294 ⁴

406 2360 636 2422 cujuslibet
656 2361 735 2406 viri
758 2360 1063 2404 abstinendum
1082 2362 1174 2404 cst?
1196 2363 1304 2406 Nam
1325 2360 1358 2403 si
1380 2359 1497 2418 prius
1516 2357 1570 2402 de
1591 2359 1786 2418 proximo
1858 2405 1860 2411 Α

407 2432 601 2487 dixisset,
623 2447 678 2475 ne
704 2440 931 2490 putaretur
953 2446 1130 2474 uxorem
1151 2430 1280 2474 licere
1306 2428 1550 2474 adulterare
1572 2444 1661 2473 non
1682 2445 1785 2488 pro·
1836 2443 1871 2487 ¹rs

408 2503 529 2554 ximi,
549 2501 800 2546 addendum
836 2500 987 2544 fuisset
1019 2500 1074 2544 de
1096 2499 1293 2561 quolibet
1319 2500 1437 2544 viro:
1470 2514 1587 2544 nunc
1616 2514 1719 2544 vero
1751 2499 1787 2543 si
1810 2528 1818 2569 ἱ,
1854 2510 1870 2539 μ’

457 2604 463 2619 ¹
490 2597 593 2629 Levis.
622 2608 673 2627 xix
689 2622 697 2637 ,
717 2601 770 2631 28,
787 2613 828 2618 —
847 2596 1052 2635 2111.xx,5.
1072 2614 1112 2619 —-
1132 2595 1144 2618 3
1168 2596 1282 2638 Ephes.
1297 2607 1326 2638 1,
1351 2605 1382 2628 2.
1398 2613 1440 2620 —--
1457 2593 1473 2625 4
1487 2598 1577 2628 Joan.
1604 2606 1660 2637 xn,
1674 2595 1726 2627 31.
1747 2611 1788 2617 —

411 2651 424 2676 5
443 2654 488 2685 hl.
510 2665 575 2695 xiv,
596 2654 648 2686 30.
671 2672 711 2676 -—
731 2652 745 2674 Γ)
771 2652 874 2685 Levit.
897 2664 950 2691 xx,
973 2664 1023 2683 ιο.
