1872 3267
424 230 479 268 66
856 241 888 266 s.
925 238 1155 268 Auuvsnffl
1189 243 1368 269 Eriscori

427 324 445 346 »
482 306 571 364 ipsa
605 304 761 349 viderit
795 305 1112 364 turpitudinem
1144 308 1262 367 ejus,
1300 304 1618 365 turpitudinem
1651 305 1804 349 sororis

420 395 438 416 n
475 391 562 419 sure
588 374 812 430 revelavit,
836 386 1063 435 peccatum
1085 393 1213 421 suum
1236 377 1477 437 accipicnt¹
1500 396 1508 421 ε
1529 395 1548 417 »
1575 385 1806 436 peccatum
1869 375 1872 382 ⁴

420 446 565 505 posuit
585 461 664 504 pro
687 462 817 506 poena
840 447 1021 505 peccati.

476 519 657 561 XLVII.
695 536 716 559 (ε
747 520 804 561 Et
838 517 1113 576 segregabitis
1149 519 1430 576 vosmetipsos
1467 518 1581 561 inter
1614 517 1806 561 medium

420 606 441 628 »
476 601 682 646 pecorum
696 587 983 640 mundorum,
1004 597 1046 630 et
1060 588 1171 631 inter
1185 587 1376 631 medium
1391 603 1597 647 pecorum
1613 588 1806 631 immun-

418 676 438 699 »
475 657 631 701 dorum
647 692 659 712 ,
699 666 741 701 et
765 658 877 701 inter
899 656 1092 702 medium
1112 656 1340 702 volucrum
1361 658 1626 702 mundarum
1655 666 1698 701 et
1724 658 1807 701 im-

420 746 441 770 »
475 727 741 772 mundarum
762 731 794 771 2.
833 727 1119 787 Segregabitis
1157 729 1437 788 vosmetipsos
1454 764 1464 782 ‚
1510 728 1616 773 dixit
1638 763 1648 783 ,
1694 729 1807 772 inter
1868 773 1869 776 ,

417 818 438 841 »
474 800 668 843 medium
702 798 968 843 mundorum
997 808 1040 842 et
1064 799 1393 844 immundorum
1411 835 1421 855 ,
1456 818 1476 840 »
1501 800 1710 860 quoniam
1737 814 1806 843 se·
1865 830 1868 835 ·

413 878 648 928 gregantur
664 869 832 914 munda
855 870 909 913 ab
932 869 1192 926 immundis,
1217 870 1286 915 vel
1308 888 1331 915 a
1353 870 1528 914 mundis
1549 869 1776 914 immunda
1794 890 1803 914 ε
1865 894 1867 897 -

414 955 527 984 nova
543 949 607 984 est
623 940 802 985 omnino
815 940 994 985 locutio.
1014 939 1148 984 Aliud
1169 950 1233 985 est
1250 942 1381 986 enim:
1403 941 1682 1000 «Segregabis
1694 941 1808 985 inter
1864 962 1867 976 ·

411 1010 607 1055 medium
629 1027 835 1071 pecorum
858 1011 1123 1056 mundorum
1145 1047 1156 1066 ,
1188 1021 1230 1055 et
1255 1013 1367 1056 inter
1384 1011 1578 1055 medium
1598 1027 1805 1071 pecorum
1845 1041 1848 1072 1

413 1081 764 1137 immundorum,
780 1101 799 1123 »
821 1083 930 1126 sicut
943 1082 1175 1141 saepissime
1194 1081 1316 1142 loqui
1337 1082 1461 1126 solet:
1475 1081 1593 1125 aliud
1608 1091 1672 1126 est
1687 1080 1808 1142 quod
1862 1100 1865 1128 ;

414 1152 547 1197 modo
569 1153 649 1209 ait,
688 1173 708 1196 «
731 1153 1016 1212 Segregabitis
1038 1153 1320 1213 vosmetipsos
1346 1173 1356 1209 3
1378 1171 1398 1193 n
1425 1162 1635 1212 tanquam
1654 1152 1729 1196 illa
1753 1152 1806 1196 ab

413 1222 630 1267 alterutris
652 1232 946 1283 segregantes,
963 1239 1006 1267 se
1019 1223 1132 1282 ipsos
1152 1232 1378 1282 segregent
1393 1223 1448 1266 ab
1470 1223 1688 1284 utrisque,
1705 1233 1806 1267 tan·
1840 1191 1845 1316 ἱ

414 1310 547 1354 quam
563 1294 802 1354 judicando
824 1294 937 1338 inter
960 1304 1161 1354 utraque.

473 1367 672 1409 XLVIII.
698 1384 718 1407 «
736 1365 812 1409 Dic
830 1364 1128 1409 sacerdotibus
1142 1362 1239 1407 filiis
1257 1366 1403 1408 Aaron
1419 1399 1430 1419 ,
1451 1372 1494 1407 et
1509 1363 1625 1408 dices
1648 1363 1702 1408 ad
1715 1379 1803 1409 eos:

416 1454 438 1478 »
475 1438 526 1480 In
548 1436 774 1480 animabus
807 1452 895 1481 non
918 1435 1269 1496 inquinabuntur
1291 1436 1336 1478 in
1366 1445 1494 1494 gente
1522 1451 1673 1480 eorum
1689 1471 1699 1491 ‚
1725 1435 1807 1479 nisi
1837 1441 1840 1462 ¹

417 1524 439 1547 ³>
474 1505 520 1549 in
552 1506 801 1565 propinquo
822 1506 898 1566 qui
921 1505 1142 1565 proximus
1163 1514 1227 1549 est
1260 1505 1318 1549 eis
1342 1508 1356 1530 3
1382 1525 1390 1550 z
1420 1523 1441 1546 »
1477 1506 1523 1549 in
1550 1505 1674 1550 luctu
1704 1506 1808 1549 dicit
1834 1551 1838 1586 Ι

412 1576 490 1636 qui
512 1575 699 1620 debetur
722 1576 951 1620 animabus
979 1575 1320 1634 defunctorum3
1345 1575 1445 1620 ideo
1467 1577 1582 1619 enim
1605 1577 1804 1635 lugetur,
1833 1587 1841 1630 ι,

414 1647 516 1707 quia
538 1656 827 1691 excesserunt.

471 1720 623 1761 XLIX.
644 1735 665 1759 «
689 1720 747 1761 Et
766 1715 987 1760 calvitium
1008 1731 1097 1760 non
1116 1715 1326 1759 rademini
1348 1731 1477 1775 super
1493 1724 1716 1761 mortuum
1732 1751 1743 1772 ,
1763 1726 1806 1761 et

414 1806 435 1829 »
470 1803 600 1847 super
629 1802 779 1831 carnes
808 1802 904 1830 suas
937 1801 1027 1830 non
1059 1785 1271 1829 secabunt
1308 1787 1547 1830 sectiones4
1570 1806 1578 1830 :
1603 1805 1622 1827 n
1649 1787 1831 1840 usitata,

412 1866 522 1902 essct
537 1857 722 1912 locutio,
753 1876 773 1899 «
788 1859 949 1902 Carnes
972 1871 1068 1900 suas
1091 1871 1180 1900 non
1201 1856 1411 1899 secabunt
1430 1857 1707 1901 sectionibus.
1737 1876 1757 1899 »
1826 1841 1831 1928 f

472 1932 522 1972 L.
552 1948 573 1970 «
597 1927 824 1973 Mulierem
849 1926 1125 1972 fornicariam
1148 1935 1191 1969 et
1212 1925 1439 1985 profanam
1458 1943 1549 1971 non
1566 1928 1801 1987 accipient,

413 2019 435 2043 »
469 2009 512 2044 et
540 1999 768 2044 mulierem
796 2000 979 2060 ejectam
1002 2014 1025 2042 a
1045 1998 1139 2043 viro
1165 2013 1272 2054 suo,
1309 1999 1517 2057 quoniam
1548 2009 1720 2044 sanctus
1743 2008 1806 2044 est

412 2089 436 2113 >›
471 2071 655 2115 Domino
673 2074 761 2115 Deo
777 2086 855 2114 suo
873 2072 887 2095 ⁵
904 2089 913 2114 2
934 2089 954 2112 «
976 2085 1065 2113 non
1079 2068 1189 2112 dixit
1207 2087 1215 2112 :
1235 2069 1475 2120 «Quoniam
1498 2070 1634 2113 sancti
1655 2079 1800 2124 sunt‚»
1822 2118 1825 2123 r

409 2141 486 2186 sed
514 2151 722 2202 tanquam
751 2139 806 2185 de
832 2156 922 2185 uno
943 2139 1222 2200 loqueretur,
1250 2154 1352 2183 cum
1379 2140 1563 2198 coeperit
1584 2156 1607 2184 a
1628 2139 1799 2200 plurali.
1820 2127 1824 2192 l

410 2212 576 2257 Deinde
602 2212 798 2273 sequitur
828 2211 1123 2270 singulariter,
1162 2229 1182 2252 «
1209 2211 1499 2255 Sanctificavit
1530 2226 1657 2267 eum,
1688 2196 1822 2271 dona!

411 2303 433 2326 υ
468 2284 640 2328 Domini
674 2283 750 2328 Dei
779 2284 905 2328 vestri
933 2283 1012 2327 iste
1045 2281 1221 2337 offeret,
1254 2290 1428 2325 sanctus
1468 2292 1556 2337 est,
1595 2282 1804 2342 quoniam

412 2373 435 2398 >›
469 2364 641 2399 sanctus
663 2370 744 2413 ego
768 2354 977 2398 Dominus
1006 2352 1083 2413 qui
1115 2351 1336 2397 sanctifico
1361 2367 1433 2396 eos
1451 2355 1466 2379 ⁶
1495 2370 1503 2396 ι
1533 2370 1553 2393 »
1579 2367 1725 2398 rursus
1748 2351 1803 2398 ad

411 2425 628 2487 pluralem
649 2424 877 2471 conclusit.

457 2530 467 2546 ¹
484 2525 563 2557 Lev.
581 2533 635 2565 xx,
656 2533 706 2566 17.
727 2537 769 2545 --
784 2520 894 2555 ²1bid.
912 2520 966 2554 25.
983 2536 1025 2544 —
1052 2517 1126 2553 ³1d.
1143 2529 1210 2561 xxi,
1234 2529 1261 2551 1.
1279 2535 1321 2543 -
1339 2516 1439 2552 41bid
1455 2518 1488 2551 5.
1504 2536 1546 2543 —
1568 2517 1582 2544 5
1598 2519 1681 2553 Ibid.
1703 2531 1734 2562 7.
1756 2531 1813 2546 --‹

412 2578 524 2613 61bid.
541 2580 573 2612 8.
