1872 3267
408 161 491 201 494
846 170 879 198 S.
916 170 1146 203 ,mensum
1178 163 1380 199 Episcopi

405 237 527 286 miles
549 236 713 296 quippe
734 235 835 280 istos
858 235 1110 294 parentibus
1132 235 1238 290 suis,
1264 235 1322 279 ita
1343 233 1584 279 evidentius
1603 234 1732 280 docet
1747 243 1790 283 et

406 309 485 352 ista
505 307 723 366 Scriptura
739 306 1079 362 Deuteronomii,
1100 305 1223 367 quod
1239 314 1555 366 consequenter
1577 304 1789 366 adjungit,

407 387 451 428 et
469 377 576 423 dicit
599 397 608 422 :
639 397 658 419 «
683 380 741 422 Et
768 377 815 420 in
841 377 1015 422 Choreb
1042 377 1325 422 exacerbastis
1353 377 1633 424 Dominum².
1657 395 1677 423 υ
1708 377 1794 424 Ubi

407 457 524 498 certe
540 447 604 493 illi
625 447 994 494 exacerbaverunt
1007 483 1018 504 ‚
1037 448 1114 508 qui
1135 457 1313 508 propter
1329 448 1482 498 eadem
1503 447 1617 497 mala
1642 439 1808 495 merita‘
1857 462 1860 467 ’

408 535 486 573 sua
508 535 598 569 non
618 528 721 570 sunt
743 520 788 568 in
809 528 969 564 terram
990 519 1282 579 promissionis
1298 518 1483 566 inducti.

929 651 1166 700 QUAESTIO
1197 653 1282 692 XV.

470 784 505 824 l.
533 798 552 821 «
580 781 629 823 IN
652 777 727 823 illo
749 786 944 836 tempore
961 775 1071 821 dixit
1102 777 1311 822 Dominus
1335 777 1391 822 ad
1409 793 1478 822 me
1505 797 1513 822 :
1541 777 1701 822 Excide
1719 777 1798 822 tibi

412 869 433 891 »
469 849 576 894 duas
590 847 759 893 tabulas
771 846 961 906 lapideas
977 847 1350 907 quemadmodum
1366 849 1544 907 priores,
1561 857 1605 892 et
1616 845 1799 892 ascende

414 940 434 962 n
470 920 525 965 ad
552 935 621 963 me
650 919 696 963 in
725 927 947 974 montem,
983 925 1026 960 et
1051 915 1181 961 facies
1210 917 1289 961 tibi
1322 933 1465 962 arcam
1493 916 1681 975 ligneam
1715 937 1724 962 ε
1757 927 1800 964 et
1858 956 1871 975 1¹

415 1010 435 1033 »
470 991 653 1036 scribam
675 990 722 1033 in
750 987 910 1032 tabulis
931 987 1088 1043 verba,
1114 1004 1213 1048 quae
1235 997 1358 1032 erant
1381 988 1426 1032 in
1455 988 1614 1033 tabulis
1641 989 1799 1049 priori·
1838 981 1872 1049 2(

414 1080 434 1103 »
470 1062 552 1106 bus
568 1096 578 1116 ,
601 1076 708 1121 quas
730 1058 968 1104 contrivisti
987 1079 997 1115 3
1018 1066 1061 1101 et
1084 1058 1288 1103 immittes
1307 1074 1376 1102 eas
1396 1058 1440 1101 in
1459 1074 1618 1103 arcam.
1645 1062 1702 1103 Et
1719 1058 1800 1108 feci
1849 1079 1852 1085 ¹

415 1152 435 1175 »
471 1147 615 1177 aream
637 1147 686 1175 cx
708 1130 835 1189 lignis
868 1127 1233 1189 imputribilibus,
1268 1138 1311 1173 et
1339 1129 1476 1173 excidi
1499 1131 1606 1174 duas
1632 1129 1800 1178 tabulas
1837 1147 1841 1173 ε

416 1222 436 1245 »
471 1202 661 1264 lapideas
686 1202 797 1246 sicut
823 1200 984 1260 priores
1001 1235 1012 1254 ,
1039 1208 1081 1242 et
1103 1198 1277 1243 ascendi
1310 1200 1355 1242 in
1381 1209 1604 1256 montem,
1637 1209 1681 1245 et
1702 1200 1801 1245 duae

417 1293 437 1316 »
474 1272 635 1318 tabulae
654 1273 699 1316 in
733 1271 905 1315 duabus
927 1270 1127 1315 manibus
1155 1270 1274 1313 meis.
1301 1272 1358 1314 Et
1385 1270 1554 1330 scripsit
1574 1271 1621 1315 in
1644 1269 1802 1317 tabulis
1838 1303 1841 1311 ι

417 1364 437 1386 »
473 1341 714 1388 secundum
747 1341 1013 1400 Scripturam
1039 1340 1226 1398 priorem
1257 1340 1406 1384 decem
1428 1341 1586 1397 verba,
1612 1357 1711 1401 quae
1736 1340 1802 1386 lo-

419 1437 439 1459 »
475 1425 602 1461 cutus
620 1423 683 1459 est
706 1413 918 1459 Dominus
942 1411 997 1455 ad
1025 1427 1099 1455 vos
1118 1412 1163 1455 in
1186 1421 1334 1455 monte
1361 1428 1383 1455 e
1406 1413 1551 1457 medio
1575 1414 1685 1471 ignis
1714 1433 1722 1458 :
1759 1422 1803 1463 et
1838 1443 1839 1446 =

419 1507 439 1529 »
475 1486 596 1532 dedit
626 1501 696 1530 eas
729 1483 938 1528 Dominus
962 1482 1067 1526 mihi
1087 1484 1118 1525 2.
1147 1501 1167 1524 »
1202 1485 1301 1527 Non
1335 1482 1552 1528 immerito
1573 1485 1800 1545 quaeritur,
1838 1474 1865 1535 ,¹

416 1555 746 1620 quomodohaec
764 1555 808 1598 in
823 1552 1160 1598 Deuteronomio
1184 1551 1401 1609 dicantur,
1418 1557 1570 1612 Moyse
1588 1554 1803 1604 recolente
1838 1572 1840 1594 ι
1861 1608 1865 1614 .

418 1644 467 1673 ac
490 1636 713 1686 repetente
729 1640 828 1686 quae
852 1633 967 1683 gesta
985 1633 1087 1668 sunt
1105 1644 1115 1681 3
1136 1638 1236 1667 cum
1258 1623 1302 1668 in
1323 1624 1490 1680 Exodo,
1515 1625 1592 1669 ubi
1613 1626 1802 1685 primum
1838 1677 1839 1685 ἵ
1862 1637 1863 1651 ³

418 1700 511 1743 haec
533 1697 648 1742 dicta
671 1705 714 1739 et
738 1695 849 1739 facta
873 1705 1120 1749 narrantur,
1145 1695 1204 1739 ita
1228 1695 1282 1739 sit
1303 1696 1513 1755 scriptum
1541 1715 1548 1739 :
1573 1715 1593 1738 «
1618 1699 1675 1741 Et
1695 1695 1803 1743 dixit
1838 1688 1865 1743 ’ἦ

423 1791 440 1812 »
478 1769 690 1815 Dominus
721 1767 775 1810 ad
807 1769 1019 1824 Moysen:
1055 1766 1203 1811 Scribe
1232 1766 1312 1810 tibi
1340 1767 1472 1810 verba
1501 1767 1620 1822 haee,
1644 1768 1803 1815 etenim
1837 1766 1866 1810 ε’

420 1860 440 1883 ))
476 1841 521 1884 in
546 1839 688 1885 verbis
710 1838 775 1882 his
798 1837 922 1897 posui
946 1839 1270 1880 Testamentum
1293 1837 1375 1880 tibi
1393 1847 1436 1880 et
1466 1838 1611 1880 Isra'e'l.
1638 1841 1695 1882 Et
1714 1846 1804 1886 erat
1827 1871 1838 1887 ‚1
1869 1876 1872 1882 ,

422 1930 441 1953 »
476 1910 536 1955 ihi
553 1913 723 1967 Moyses
745 1907 790 1950 in
813 1916 1049 1966 conspectu
1079 1907 1250 1951 Domini
1271 1905 1561 1965 quadraginta
1580 1905 1735 1952 diebus
1760 1916 1802 1955 et

422 2001 442 2023 »
477 1980 764 2042 quadraginta
804 1977 1006 2021 noctibus
1024 2011 1034 2031 ,
1079 1991 1236 2035 panem
1281 1991 1371 2020 non
1410 1975 1710 2033 manducavit,
1760 1986 1802 2023 et
1838 1996 1840 2006 >
1864 1967 1872 1990 ²

422 2072 442 2094 »
479 2066 634 2112 aquarn
651 2065 739 2093 non
758 2048 884 2102 bibit,
901 2056 943 2090 et
959 2046 1126 2106 scripsit
1143 2046 1188 2089 in
1209 2045 1364 2090 tabulis
1379 2047 1508 2090 verba
1524 2047 1799 2105 Testamenti,
1841 2047 1844 2051 ’
1864 2104 1872 2116 η

422 2141 442 2164 »
478 2122 628 2166 decem
650 2119 822 2163 verbass.
857 2135 876 2157 n
913 2119 1023 2161 Cum
1057 2132 1159 2175 ergo
1181 2117 1225 2160 in
1257 2116 1408 2160 Exodo
1443 2117 1532 2176 ipse
1561 2121 1730 2175 Moyses
1757 2117 1802 2165 in
1836 2117 1872 2157 ἰ*

419 2192 579 2238 talibus
602 2191 752 2235 decem
773 2188 895 2245 Legis
924 2188 1056 2231 verba
1087 2187 1301 2247 scripsisse
1329 2197 1545 2244 narretur,
1581 2188 1800 2249 quomodo
1854 2179 1872 2232 ff

420 2264 490 2308 hic
517 2264 562 2308 in
586 2258 922 2306 Deuteronomio
947 2261 1058 2302 Deus
1082 2258 1127 2302 in
1156 2256 1312 2302 tabulis
1335 2258 1487 2302 eadem
1510 2259 1644 2303 verba
1669 2258 1802 2318 scrip·
1837 2246 1872 2375 wi

420 2335 520 2380 sisse
542 2331 775 2377 recolitur?
1854 2323 1869 2394 )‘

478 2408 537 2450 II.
575 2403 772 2463 Denique
801 2400 913 2445 illud
948 2398 1069 2460 quod
1096 2398 1142 2443 in
1175 2398 1354 2455 Exodo,
1390 2414 1492 2444 cum
1531 2408 1800 2445 transeunter
1836 2395 1869 2479 1

468 2519 476 2536 ¹
498 2514 656 2552 Deut.1x‚
674 2510 705 2543 8.
728 2526 768 2531 --
789 2508 866 2540 ¹1d.
894 2518 926 2547 x,
949 2505 1011 2549 ¹²4·
1033 2522 1075 2530 —-
1095 2504 1108 2530 3
1128 2506 1226 2539 Exod.
1248 2517 1336 2548 xxiv,
1354 2515 1409 2548 27,
1430 2506 1485 2540 28.
1854 2486 1859 2565 ς

1856 2571 1859 2607 3
