1872 3267
230 248 497 287 QUAES'ronES
530 252 575 278 m
607 251 1012 290 DEUTERONOMIUM‚
1049 252 1132 278 Lm.
1170 251 1211 276 v,
1334 235 1418 276 489

33 317 138 362 dum
161 325 225 360 est
241 317 361 360 hunc
378 315 592 376 populum
609 350 619 370 ‚
641 315 711 359 eui
732 318 903 373 Moyses
925 315 1204 376 loquebatur,
1231 314 1291 358 sic
1312 323 1419 358 tunc

32 388 187 434 vidisse
209 391 348 433 Deum
377 386 487 432 facie
514 387 570 431 ad
597 386 750 431 faciem
769 422 779 440 ‚
808 387 986 448 quando
1014 388 1056 431 in
1087 395 1236 431 monte
1265 385 1418 446 loque-

32 459 160 505 batur
187 474 210 503 e
231 458 375 503 medio
406 458 544 518 ignis,
570 458 946 519 quemadmodum
976 457 1211 518 Apostolus
1235 457 1341 501 dicit
1374 457 1420 501 in

32 530 118 575 fine
140 546 218 575 nos
234 545 324 575 esse
340 530 505 574 visuros
520 565 530 584 ‚
556 529 634 573 ubi
652 529 734 574 ait:
766 549 784 571 α
807 528 1014 574 Videmus
1036 544 1155 572 nunc
1176 543 1254 587 per
1271 543 1421 587 specu-

35 619 55 644 »
88 600 181 644 lum
203 601 249 644 in
270 601 525 659 aenigmate,
546 609 652 644 tunc
669 609 813 645 autem
836 598 944 645 facie
967 599 1022 644 ad
1043 598 1241 643 faciem¹.
1260 617 1280 640 »
1302 598 1421 652 Quid

32 681 177 717 autem
199 673 304 727 hoc,
331 681 374 716 et
396 680 611 732 quantum
633 681 742 716 esset
756 707 766 727 ,
792 680 1108 732 consequenter
1131 670 1300 730 aperuit
1315 705 1326 725 ‚
1350 668 1420 713 di-

32 757 157 787 cens:
185 762 205 785 «
227 745 354 788 Nunc
371 742 458 787 scio
481 758 531 786 ex
553 751 675 802 parte
691 778 701 797 ‚
726 751 831 787 tunc
858 751 1004 786 autem
1027 756 1284 799 cognoscam
1309 740 1422 784 sicut

35 832 55 856 »
89 823 133 857 et
148 813 346 872 cognitus
362 816 504 857 sum‘l.
534 831 554 854 »
577 813 706 866 Quod
734 813 862 856 ctiam
886 813 1030 872 ipsum
1052 821 1178 857 caute
1203 812 1420 871 accipien-

31 883 138 929 dum
157 893 241 939 est,
262 899 316 928 ne
331 892 498 928 tantam
521 893 700 943 putetur
721 884 951 928 habiturus
971 884 1105 928 homo
1126 883 1420 942 cognitionem

32 955 135 1009 Dei,
171 963 380 1014 quantam
409 969 527 998 nunc
561 954 694 998 habet
733 954 922 998 hominis
954 957 1090 1012 Deus3
1125 953 1199 998 sed
1234 969 1313 1013 pro
1343 969 1421 998 suo

31 1024 234 1070 modoita
256 1024 495 1085 perfectam
510 1060 521 1079 ‚
542 1034 592 1069 ut
614 1026 652 1069 ei
675 1025 784 1069 nihil
810 1024 953 1070 adhuc
977 1035 1227 1086 expectetur
1252 1023 1420 1068 adden-

32 1096 136 1141 dum
164 1113 172 1137 :
198 1105 248 1141 ut
275 1112 409 1157 quam
426 1094 618 1156 perfecte
642 1112 760 1140 nunc
788 1099 901 1140 Deus
925 1096 1046 1141 novit
1067 1095 1314 1151 hominem,
1346 1094 1422 1140 sed

30 1177 176 1212 tamen
206 1168 317 1211 sicut
353 1170 467 1211 Deus
498 1166 721 1211 hominem
738 1202 748 1221 ‚
784 1167 841 1211 ita
878 1176 982 1211 tunc
1021 1167 1214 1227 perfecte
1250 1166 1421 1211 noverit

30 1239 159 1284 homo
188 1241 328 1284 Deum
344 1273 355 1293 ,
381 1236 456 1281 sed
477 1247 623 1281 tamen
645 1238 756 1281 sicut
775 1238 907 1282 homo
937 1242 1094 1283 Deum.
1125 1240 1277 1298 Neque
1305 1236 1419 1280 enim

29 1311 130 1372 quia
150 1309 317 1354 dictum
339 1318 402 1354 est
421 1328 429 1354 :
459 1328 479 1351 «
503 1312 654 1354 Estote
678 1308 858 1369 perfecti
885 1310 997 1354 sicut
1019 1313 1147 1353 Pater
1169 1318 1309 1353 vester
1327 1324 1420 1352 coe-

18 1384 52 1423 '»
86 1380 201 1425 lestis
222 1378 442 1441 perfectus
473 1381 582 1435 est3‚
606 1399 625 1420 »
652 1380 751 1424 ideo
779 1379 1075 1440 aequalitatem
1099 1380 1235 1423 Patris
1253 1415 1263 1435 ‚
1289 1394 1421 1440 quam

17 1446 223 1513 ssVerbum
256 1451 390 1494 habet
419 1450 721 1509 unigenitum,
747 1465 918 1510 sperare
953 1450 1190 1495 debemus:
1226 1451 1422 1511 quamvis

30 1538 119 1568 non
151 1521 371 1566 defuerint
392 1521 468 1582 qui
500 1530 544 1565 et
569 1522 653 1566 hoc
676 1520 877 1567 futurum
900 1523 1173 1584 putaverint,
1204 1523 1284 1568 nisi
1308 1521 1422 1568 forte

18 1592 138 1656 'quid
161 1591 309 1637 dicant
326 1607 481 1652 parum
504 1591 800 1651 intelligimus.

570 1690 807 1739 QUsESTIO
839 1693 888 1730 x.

90 1797 125 1837 Ῑ.
148 1795 264 1846 Qum
287 1801 351 1836 est
374 1791 496 1852 quod
518 1793 577 1837 ait
598 1813 606 1837 :
633 1813 652 1835 α
677 1796 734 1837 Et
756 1809 837 1853 ego
859 1794 1027 1837 stabam
1050 1794 1164 1838 inter
1186 1793 1423 1837 Dominum

35 1883 55 1906 »
90 1873 132 1908 et
144 1879 218 1908 vos
235 1864 277 1906 in
293 1872 485 1922 tempore
495 1863 587 1918 illo,
604 1865 864 1909 annuntiare
880 1865 1006 1910 vobis
1018 1864 1151 1910 verba
1165 1863 1358 1908 Domini4
1375 1883 1383 1908 :
1398 1883 1418 1904 n

18 1945 240 1996 ‚tanquam
266 1935 312 1978 in
328 1933 426 1979 loco
454 1944 564 1979 esset
585 1936 793 1980 Dominus
810 1972 820 1990 ‚
845 1937 929 1981 hoc
952 1945 1015 1980 est
1031 1972 1041 1990 ,
1067 1936 1112 1979 in
1133 1944 1283 1979 monte
1306 1933 1425 1979 unde

18 2005 95 2050 'illi
115 2021 241 2051 voees
264 2006 518 2049 audiebant.
547 2006 677 2059 Quod
696 2006 754 2050 sic
771 2006 1074 2066 accipiendum
1097 2016 1175 2062 est,
1196 2016 1247 2050 ut
1267 2021 1357 2050 non
1375 2021 1425 2049 ex

20 2077 116 2122 *hoc
138 2077 407 2136 suspicemur
429 2076 506 2121 Dei
529 2076 817 2121 substantiam
840 2078 885 2121 in
907 2077 999 2122 ullo
1026 2077 1174 2138 aliquo
1203 2093 1293 2122 esse
1325 2092 1424 2121 cor-

65 2147 171 2192 orali
193 2147 312 2203 loco,
338 2147 415 2208 qui
437 2155 501 2190 est
522 2146 689 2207 ubique
707 2157 823 2193 totus
840 2185 850 2204 ,
872 2164 952 2193 nec
971 2164 1048 2209 per
1070 2148 1266 2194 locorum
1289 2148 1425 2191 inter-

35 2217 144 2263 valla
166 2219 433 2279 propinquat
453 2226 529 2261 aut
546 2218 709 2262 recedit
731 2238 738 2263 :
765 2218 839 2263 sed
861 2220 1252 2265 demonstrationes
1267 2223 1357 2281 ejus
1379 2223 1425 2267 in

36 2304 84 2333 ea
105 2299 301 2334 creatura
319 2325 329 2343 ‚
355 2304 454 2349 quae
477 2303 567 2332 non
588 2297 651 2332 est
679 2288 798 2350 quod
819 2290 909 2350 ipse
924 2326 934 2346 ,
960 2307 1049 2334 non
1071 2290 1195 2334 aliter
1221 2291 1425 2337 humanis

4 2368 15 2402 ὼ
36 2360 226 2404 sensibus
262 2360 539 2404 exhibentur.
579 2360 704 2404 Unde
738 2361 947 2405 Dominus
979 2361 1128 2406 volens
1167 2360 1336 2405 auferre
1368 2362 1424 2406 ab

6 2428 15 2486 ξ
37 2429 284 2490 hujusmodi
301 2430 619 2490 suspicionibus
636 2440 826 2475 mentem
844 2441 1051 2487 nostram,
1069 2432 1231 2492 quibus
1246 2441 1427 2492 putatur

6 2521 14 2545 s
37 2503 147 2545 Deus
182 2501 279 2546 loco
313 2501 459 2563 aliquo
497 2501 710 2546 contineri
740 2521 747 2546 :
793 2522 811 2543 «
848 2503 1003 2546 Veniet
1019 2538 1029 2557 ‚
1078 2503 1244 2563 inquit,
1284 2503 1390 2548 hora
1407 2539 1419 2555 „

84 2604 94 2620 ¹
120 2600 191 2631 Cor.
212 2609 283 2640 xiii,
306 2607 357 2631 12.
380 2615 422 2622 --
440 2605 453 2622 ²
472 2598 552 2632 lbid.
576 2615 617 2621 --
644 2597 790 2631 3Matth„
811 2609 843 2639 v,
870 2597 924 2641 48.
953 2615 994 2621 -
1013 2597 1027 2627 4
1047 2601 1141 2631 Dent.
1170 2609 1200 2631 v.
1221 2599 1250 2631 Γ».
