1872 3267
369 271 452 308 280
807 281 841 306 s.
877 278 1105 307 Aucus-nm
1138 279 1317 306 Emseom

366 345 421 391 ad
438 346 590 390 horam
606 344 929 390 ministrationis
948 345 1113 406 aliquid
1130 345 1206 389 ubi
1222 353 1354 389 staret
1369 344 1563 390 minister
1584 345 1742 401 altaris,

365 427 409 461 ct
429 424 604 476 peracto
644 416 882 461 ministerio
917 416 1164 473 tolleretur,
1206 416 1263 461 ad
1299 432 1455 477 corpus
1487 416 1630 462 altaris
1656 434 1746 463 non

365 488 518 548 utique
546 487 796 547 pertineret.
830 490 940 532 Item
967 489 1178 550 quaeritur
1204 488 1427 549 quomodo
1453 503 1582 549 super
1614 489 1747 535 altare
1809 529 1812 543 ,

365 557 562 617 ligneum
593 558 851 603 sacrificium
882 558 1002 619 quod
1038 559 1322 615 inferebatur,
1359 568 1503 618 posset
1538 559 1744 605 incendi:
1811 547 1813 566 ³
1867 579 1872 606 z

363 630 601 690 praesertim
619 629 720 690 quia
737 645 977 675 concavum
993 630 1086 675 fieri
1097 630 1240 691 jubet,
1257 639 1300 675 et
1320 629 1570 675 craticulam
1587 630 1749 690 deponi

365 716 503 762 usque
520 698 576 745 ad
596 699 791 745 medium
810 702 922 761 ejus,
948 701 994 746 id
1010 711 1072 747 est
1086 737 1097 758 ,
1122 702 1317 747 medium
1338 702 1616 747 concavitatis
1638 704 1745 762 ejus,

366 788 496 834 opere
521 773 687 817 factum
714 772 956 818 reticulato.
991 776 1060 818 An
1087 775 1295 834 quoniam
1327 772 1435 818 dixit
1461 793 1470 819 ι
1499 792 1520 816 «
1544 776 1602 818 Et
1621 771 1750 818 faciet

368 865 389 887 »
425 860 588 890 cornua
608 845 655 889 i11
675 853 864 905 quatuor
886 844 1085 905 angulos,
1106 861 1156 890 ex
1177 861 1221 890 se
1242 846 1335 906 ipso
1357 854 1486 890 erunt
1503 860 1682 900 cornua,
1707 854 1751 888 et
1818 860 1819 891 ;
1870 858 1872 870 ⁴

369 933 391 957 >›
427 925 543 974 teges
565 913 639 960 illa
653 918 911 960 aerament01
932 935 940 961 ι
958 934 977 957 »
999 931 1089 961 non
1110 918 1165 961 ad
1181 915 1270 961 sola
1293 931 1454 961 cornua
1472 914 1748 959 referendum

367 995 433 1031 est
459 987 581 1046 quod
601 986 684 1031 ait:
713 1005 733 1028 «
755 989 889 1046 Teges
911 985 985 1031 illa
1011 996 1268 1042 aeramento,
1297 1005 1318 1028 »
1353 984 1429 1030 sed
1451 986 1506 1030 ad
1532 985 1676 1030 omnia
1696 985 1752 1029 de

367 1056 528 1119 quibus
543 1056 824 1117 loquebatur,
849 1057 905 1102 de
922 1056 1046 1102 altari
1063 1055 1318 1102 fabricando
1334 1056 1614 1118 proecipiens?

873 1168 1110 1218 QUAESTIO
1141 1169 1273 1210 CXIV.

432 1274 467 1316 Ι.
488 1290 508 1314 (ε
527 1273 591 1316 ΕΤ
608 1279 658 1315 tu
677 1270 857 1332 loquere
878 1258 1081 1314 omnibus
1099 1269 1364 1329 sapientibus
1381 1277 1542 1324 mente,
1559 1283 1667 1329 quos
1684 1283 1753 1312 re—
1808 1260 1810 1295 1
1852 1310 1856 1322 ι

374 1361 395 1384 »
430 1341 545 1401 plevi
566 1341 728 1401 Spiritu
749 1339 994 1385 intellectus
1007 1343 1038 1383 2.
1061 1358 1079 1380 »
1107 1348 1277 1386 αἰσθήσεως
1296 1338 1473 1399 quidem
1491 1353 1655 1397 graecus
1676 1339 1755 1382 ha-
1808 1345 1811 1352 ’
1869 1379 1872 1393 1

372 1415 462 1470 bet,
484 1428 617 1473 quem
635 1412 769 1458 latine
786 1427 975 1467 sensum,
991 1427 1081 1456 non
1097 1410 1368 1455 intellectum
1386 1410 1529 1454 dicere
1544 1409 1751 1455 solemus:
1810 1451 1812 1460 ,

369 1484 447 1531 sed
472 1484 691 1544 Scriptura
714 1484 769 1529 de
791 1498 921 1528 sensu
942 1482 1146 1527 interiore
1160 1518 1170 1538 ,
1196 1476 1328 1542 ([υέηι
1344 1480 1610 1525 intellectum
1632 1496 1756 1526 voca-
1810 1471 1817 1504 ἶ

371 1571 490 1611 mus,
511 1555 569 1600 sic
590 1554 713 1615 loqui
730 1554 853 1609 solet,
875 1553 1000 1598 sicuti
1018 1562 1082 1597 est
1103 1553 1159 1597 ad
1174 1552 1400 1607 Hebraeos,
1423 1571 1442 1594 «
1459 1551 1753 1596 Perfectorum
1818 1571 1819 1574 ¹

381 1644 402 1669 >›
437 1635 501 1671 est
515 1635 661 1670 autem
673 1624 834 1670 solidus
845 1625 983 1679 cibus,
1002 1639 1154 1669 eorum
1165 1624 1240 1684 qui
1253 1638 1331 1683 per
1343 1623 1543 1668 habitum
1559 1622 1760 1666 exercita·
1811 1611 1819 1656 'f

378 1715 400 1738 >›
436 1705 501 1741 tos
514 1696 679 1740 habent
697 1710 845 1740 sensus
859 1693 915 1739 ad
935 1693 1270 1738 discernendum
1285 1693 1452 1736 bonum
1465 1702 1507 1736 et
1520 1692 1721 1736 malumss.
1737 1710 1757 1732 »
1812 1691 1820 1741 'f
1850 1702 1853 1708 ·

378 1768 445 1812 tbi
468 1767 584 1812 enim
601 1766 722 1827 quod
737 1765 883 1825 posuit
905 1779 1050 1809 sensus
1065 1799 1075 1818 ‚
1103 1778 1266 1822 graecus
1289 1762 1423 1806 habet
1443 1770 1594 1807 αἴσθησις,
1621 1765 1760 1815 Quem
1813 1774 1815 1816 j
1866 1816 1868 1825 Ι

378 1855 481 1898 ergo
504 1839 634 1883 istum
657 1836 856 1897 spiritum
873 1870 884 1892 ‚
905 1835 985 1879 nisi
1005 1834 1213 1894 Spiritum
1245 1842 1443 1878 sanctum
1464 1832 1673 1877 debemus
1691 1849 1762 1877 ac-

379 1911 522 1970 cipere
534 1911 552 1953 Ρ

438 1984 497 2025 ΙΙ.
524 2000 544 2022 α
563 1983 620 2025 Et
640 1979 762 2024 stolae
779 1993 886 2038 quas
903 1975 1087 2033 facient,
1107 1976 1387 2036 pectoralem,
1404 1975 1699 2030 humeralem,
1721 1985 1761 2020 ct
1815 1956 1822 1978 i
1855 1964 1859 1973 i

383 2070 404 2093 υ
440 2051 633 2095 tunicam
654 2048 861 2103 talarem,
893 2057 935 2092 et
966 2047 1160 2091 tunicam
1194 2061 1296 2091 cum
1323 2045 1541 2104 corymbis
1555 2048 1586 2090 ⁴.
1619 2064 1639 2086 n
1678 2048 1764 2089 Has
1815 2040 1817 2056 ⁴

382 2120 617 2181 appellatas
629 2118 758 2164 stolas
772 2133 861 2163 esse
876 2127 919 2162 et
936 2127 1090 2162 caetera
1102 2153 1113 2173 ,
1130 2133 1229 2161 cum
1246 2117 1442 2176 superius
1461 2131 1593 2160 unam
1610 2114 1763 2159 stolam

381 2190 624 2236 faciendam
657 2189 975 2249 proposuisset,
1021 2186 1265 2233 notandum
1303 2197 1378 2231 est.
1417 2187 1627 2231 Tunicam
1663 2201 1766 2230 vero

387 2282 408 2305 «
442 2264 554 2307 Cum
589 2260 808 2318 corymbis
831 2278 849 2299 >›
876 2258 1097 2303 honestius
1118 2266 1328 2317 putarunt
1358 2257 1482 2301 latini
1510 2257 1766 2316 interpretes
1825 2289 1830 2294 .
1859 2288 1872 2304 a

383 2334 468 2377 dici
484 2369 494 2389 ,
516 2348 647 2393 quam
674 2332 708 2376 si
730 2331 925 2376 dicerent
951 2350 971 2372 «
990 2332 1102 2375 Cum
1119 2330 1261 2385 cirris,
1291 2347 1311 2371 »
1341 2329 1417 2389 qui
1440 2328 1551 2372 benc
1573 2327 1765 2387 dispositi
1869 2358 1872 2374 t

386 2412 641 2449 ornamento
656 2417 744 2447 esse
765 2401 958 2447 vestibus
979 2399 1134 2445 solent.

435 2508 443 2524 ¹
466 2500 563 2534 Exod.
584 2510 685 2540 xxvii,
707 2499 870 2532 1.—-²1‹1.
893 2507 1006 2540 xxviii,
1034 2497 1062 2529 3.
1084 2514 1124 2519 ——
1142 2494 1155 2520 ³
1174 2495 1271 2529 Hebr.
1290 2492 1471 2537 v,1[}.·—-4
1489 2493 1586 2526 Exod.
1604 2494 1758 2536 xxv111‚4.
