1872 3267
345 279 617 317 Qua-:snonns
649 278 694 306 m
727 278 908 306 Exome
929 294 940 315 ,
977 277 1059 305 Lm.
1097 278 1145 304 11.
1359 265 1443 305 329

53 348 97 392 in
128 345 342 391 columnis
376 354 475 391 octo
504 343 794 406 quadraginta
824 343 973 388 cubita
1003 343 1301 399 tenderentur,
1332 343 1444 388 sicut

54 417 375 479 quinquaginta
399 415 692 461 tendebantur
714 415 760 458 in
777 413 953 473 decem3
974 415 1181 476 quoniam
1200 412 1322 475 quod
1343 423 1445 459 sunt

54 488 338 549 proportione
371 496 470 533 octo
506 486 563 531 ad
594 485 772 541 decem,
809 487 894 531 hoe
934 495 1035 531 sunt
1072 485 1360 546 quadraginta
1391 485 1446 530 ad

55 559 388 621 quinquaginta.
425 559 682 613 Quinarium
705 557 868 618 quippe
895 572 1128 603 numerum
1155 555 1444 617 quadraginta

56 632 187 678 octies
204 631 390 686 habent,
411 630 728 692 quinquaginta
750 629 906 674 decies.

114 704 194 746 XI.
219 705 308 748 Nec
328 717 406 747 nos
429 710 655 746 moverent
675 701 980 745 columnarum
996 697 1222 744 intervalla
1240 698 1443 758 disparia,

56 772 178 834 quod
199 772 418 817 densiores
443 773 487 816 in
520 771 726 816 lateribus
752 771 1038 830 longitudinis
1060 778 1346 830 ponerentur,
1370 768 1445 813 ubi

56 846 219 891 vicenae
241 855 358 900 sunt,
385 846 566 890 rariores
588 854 733 889 autem
756 845 800 888 in
823 843 956 888 latere
972 842 1232 898 latitudinis,
1253 841 1332 886 ubi
1349 850 1448 886 octo

56 927 174 974 sunt,
195 918 276 961 nisi
299 917 418 962 aliud
439 918 636 962 existeret
649 918 770 978 quod
788 926 962 974 urgeret
980 925 1150 961 mutare
1167 914 1444 959 sententiam.

57 992 171 1035 Cum
202 990 319 1033 enim
345 999 725 1034 commemorasset
757 987 1078 1046 longitudinem
1096 985 1204 1045 'atrii
1245 984 1302 1029 ad
1331 999 1450 1028 mare

57 1060 219 1105 habere
249 1061 433 1105 tentoria
472 1060 789 1121 quinquaginta
823 1059 1073 1103 cubitorum
1088 1093 1100 1112 ,
1143 1066 1187 1101 et
1224 1055 1450 1100 columnas

60 1132 233 1183 decem3
269 1141 312 1176 et
348 1132 470 1175 bases
502 1146 651 1175 earum
680 1131 860 1187 decem3
893 1139 937 1174 et
963 1128 1242 1172 latitudinem
1277 1126 1373 1170 atrii
1396 1125 1451 1170 ad

59 1203 283 1246 Orientem
300 1202 403 1246 item
422 1202 739 1262 quinquaginta
762 1200 1012 1244 cubitorum
1031 1235 1042 1253 ,
1059 1208 1102 1242 et
1124 1197 1350 1242 columnas
1372 1197 1451 1240 de-

62 1288 154 1317 cem
178 1281 220 1316 ct
242 1272 363 1316 bases
395 1271 576 1329 decem3
603 1281 733 1331 atque
767 1270 834 1314 his
860 1269 985 1315 dictis
1014 1269 1206 1330 perfecta
1232 1268 1453 1312 videretur

62 1343 200 1388 forma
223 1343 495 1387 tabernaculi
519 1358 620 1386 cum
641 1343 750 1386 atrio
774 1357 851 1386 suo
884 1340 1081 1401 undique
1113 1339 1333 1383 ambiente
1350 1375 1360 1391 ‚
1387 1339 1454 1381 in-

57 1414 162 1475 jecit
179 1413 299 1458 aliud
315 1449 325 1469 ,
351 1414 473 1474 quod
494 1413 573 1457 ubi
594 1422 638 1456 et
659 1412 883 1472 quomodo
899 1410 1234 1469 intelligendum
1257 1410 1311 1454 sit
1334 1409 1453 1453 dissi-

64 1483 223 1529 ciUime
236 1485 450 1543 reperitur
465 1504 474 1528 ·.
493 1503 512 1525 ‹<
528 1486 584 1527 Et
599 1482 865 1543 quindecim,
877 1482 1036 1542 inquit,
1049 1481 1299 1526 cubitorum
1314 1489 1456 1525 tento-

68 1575 89 1597 »
124 1556 289 1600 riorum
303 1555 490 1599 altitudo
503 1555 624 1599 lateri
636 1556 733 1598 uni:
752 1554 969 1598 eolumnm
985 1569 1135 1598 eorum
1154 1563 1256 1608 tres,
1277 1562 1320 1596 et
1335 1553 1457 1597 bases

68 1646 88 1668 )›
124 1642 272 1670 earum
296 1636 396 1670 tres.
422 1629 479 1670 Et
501 1625 614 1670 latus
635 1624 898 1679 seeundum,
932 1623 1185 1685 quindecim
1206 1623 1455 1668 cubitorum

70 1717 90 1739 »
126 1697 413 1742 tentoii01um
434 1695 646 1741 altitudo:
661 1696 878 1741 columnae
895 1712 1047 1740 eotum
1060 1704 1165 1739 ties:
1187 1704 1230 1739 et
1246 1696 1369 1740 bases
1392 1712 1460 1740 ea-

71 1787 90 1809 »
127 1783 225 1811 rum
242 1776 343 1812 tres.
362 1771 419 1812 Et
431 1776 569 1827 portae
589 1767 685 1810 atlii
700 1777 907 1844 tegumen
923 1766 1077 1825 viginti
1094 1766 1345 1811 cubitorum
1362 1766 1460 1811 alti-

73 1859 82 1880 ›
130 1838 238 1884 tudo
260 1839 315 1883 de
337 1839 592 1897 hyacintho,
617 1848 659 1882 et
681 1821 904 1899 purpura?
918 1848 961 1882 et
983 1854 1113 1883 cocco
1126 1847 1244 1894 neto,
1267 1849 1310 1883 et
1331 1838 1462 1897 bysso

75 1930 94 1952 n
132 1920 198 1956 t01
204 1921 259 1966 ta
278 1912 486 1956 varietate
509 1912 758 1971 acu—picta:
780 1911 998 1955 columna}
1021 1926 1170 1954 earum
1189 1919 1392 1971 quatuoi,
1419 1920 1461 1954 ct

76 2001 96 2023 »
131 1982 252 2027 bases
266 1998 415 2027 earum
428 1985 652 2043 quatuor1.
668 2002 687 2023 »
702 1986 805 2027 Haec
818 1983 895 2026 ubi
915 1983 1253 2037 constituantur,
1269 1980 1460 2041 perfecta

74 2052 145 2097 illa
160 2052 298 2097 forma
312 2052 596 2107 tabernaculi,
613 2068 702 2097 non
713 2052 840 2097 video
859 2073 866 2096 :
884 2052 959 2096 sed
972 2052 1100 2112 plane
1114 2051 1241 2096 video
1259 2051 1461 2096 eumdem

74 2141 162 2170 esse
179 2140 414 2169 numerum
435 2124 741 2169 columnarum
758 2125 933 2182 decem,
957 2125 1003 2168 in
1024 2125 1164 2169 tribus
1186 2134 1230 2169 et
1258 2124 1394 2168 tribus
1421 2134 1464 2168 et

75 2205 277 2256 quatuor,
303 2195 435 2239 ternis
459 2194 621 2239 scilicet
648 2212 669 2240 a
693 2195 927 2250 lateribus,
955 2205 998 2239 et
1020 2205 1210 2256 quatuor
1231 2196 1278 2238 in
1299 2195 1459 2239 medio.

77 2270 138 2310 Ac
151 2281 228 2326 per
244 2267 328 2310 hoc
350 2266 536 2310 tentoria
558 2265 631 2309 illa
644 2267 960 2326 quinquaginta
979 2267 1229 2311 cubitorum
1252 2282 1341 2310 non
1359 2281 1464 2310 con-

80 2345 190 2380 texta
212 2346 341 2380 erunt
356 2372 367 2391 ,
393 2352 448 2379 ne
471 2336 612 2380 aditus
634 2338 680 2380 in
702 2338 810 2381 atrio
834 2337 981 2381 nullus
1015 2337 1069 2381 sit
1093 2357 1100 2381 :
1135 2337 1209 2381 sed
1231 2336 1465 2397 quindenis

79 2407 233 2452 cubitis
249 2406 391 2454 media
403 2408 556 2465 viginti
569 2407 718 2451 cubita
731 2408 1065 2467 separabuntur,
1082 2418 1132 2452 ut
1149 2407 1312 2452 faciant
1327 2415 1466 2466 portae

82 2477 347 2522 tabernaculi
383 2478 595 2537 tegimen,
631 2479 714 2522 hoc
743 2489 831 2533 est,
868 2478 1014 2523 velum
1053 2478 1174 2539 quod
1209 2488 1466 2522 ornamento

82 2548 412 2609 velamentoque
435 2548 705 2608 dependeat,
733 2559 775 2592 ct
806 2559 946 2594 teneat
971 2551 1157 2609 spatium
1179 2559 1369 2608 quatuor
1390 2563 1466 2592 co-

131 2640 138 2655 ¹
157 2634 256 2666 Exod.
284 2645 383 2675 xxvu,
403 2633 522 2676 14-16.

84 1859 92 1882 v
