1872 3267
426 244 481 284 42
828 251 862 279 s.
898 251 1129 281 Auensnm
1161 253 1343 283 Emscom

425 341 446 364 »
483 320 668 366 Domino
680 321 771 364 Deo
783 328 927 364 vestro
941 354 951 375 ‚
965 329 1122 380 praeter
1134 336 1233 367 oves
1250 331 1292 366 et
1306 321 1437 366 boves
1452 355 1463 376 ‚
1481 319 1713 382 relinquite
1727 322 1739 346 ¹
1757 340 1765 365 :
1780 340 1801 364 »
1846 344 1851 357 a

420 393 479 437 sic
514 391 629 435 enim
661 390 795 435 habet
824 406 1007 450 graecus:
1041 391 1167 436 valde
1195 393 1398 438 inusitata
1421 392 1584 437 locutio
1605 401 1694 448 est,
1723 393 1805 437 nisi

419 472 517 523 post
549 461 870 507 distinctionem
910 460 1142 518 inferatur,
1177 481 1197 504 «
1228 462 1484 524 relinquite,
1512 480 1532 504 »
1565 471 1611 507 et
1642 459 1825 508 subau?

420 532 566 578 diatur
582 568 592 588 ‚
620 533 699 577 ista
719 549 726 573 :
753 541 804 576 ut
825 532 879 576 sit
893 546 1068 577 sensus:
1088 552 1106 574 «
1123 536 1187 577 Ite
1203 544 1362 593 praeter
1394 549 1494 579 oves
1518 542 1561 577 et
1583 533 1735 589 boves,
1761 543 1804 578 et

417 605 651 665 relinquite
677 604 756 648 ista
779 623 787 648 ;
807 603 864 647 ita
883 601 992 647 solet
1007 603 1124 648 enim
1149 603 1246 650 talis
1278 604 1438 664 ellipsis
1461 604 1556 648 fieri
1580 604 1733 649 crebro
1757 605 1804 648 in

418 694 438 718 »
473 675 769 720 locutionibus
794 674 1128 733 Scripturarum.
1158 693 1178 716 »

473 748 585 790 LVI.
610 764 629 787 ι(
650 748 705 789 Et
722 761 812 789 non
829 742 1123 805 relinquemus
1144 745 1403 804 ungulam2:
1424 745 1584 805 »quasi
1603 743 1802 790 abductis

415 816 647 877 pecoribus
673 824 817 876 posset
844 815 1007 875 ungula
1030 831 1272 861 remanere:
1300 816 1407 877 quid
1430 826 1494 860 est
1517 816 1633 859 enim
1655 815 1774 860 aliud
1788 851 1799 872 ,

417 906 439 930 ι(
472 902 561 931 non
583 886 877 946 relinquemus
896 885 1132 945 ungulam,
1160 904 1181 927 υ
1207 887 1312 942 nisi,
1333 902 1412 931 nec
1437 885 1646 944 ungulam
1667 885 1802 930 relin-

411 973 594 1018 quemus
608 958 627 1000 Ρ

470 1031 604 1072 LVII.
622 1028 789 1072 Pharao
808 1026 863 1071 ad
875 1030 1073 1085 Moysen,
1099 1045 1118 1068 «
1135 1027 1327 1072 Attende
1346 1028 1428 1072 tibi
1448 1027 1564 1072 ultra
1584 1042 1801 1087 apponere
1831 1061 1834 1080 .

412 1117 434 1140 »
470 1098 616 1144 videre
639 1097 793 1143 faciem
814 1100 1003 1143 meam³2
1026 1117 1045 1139 »
1077 1114 1158 1158 pro
1186 1114 1236 1144 eo
1261 1099 1384 1158 quod
1404 1109 1468 1143 est
1483 1133 1495 1154 ‚
1520 1098 1696 1143 attende
1720 1099 1803 1143 tibi
1831 1081 1834 1108 Ι

410 1185 466 1214 ne
486 1169 600 1214 ultra
616 1170 762 1214 videas
780 1168 933 1214 faciem
949 1184 1104 1213 meam.
1829 1175 1833 1238 1

466 1244 621 1286 LVIII.
643 1244 735 1286 «Et
755 1249 874 1301 petat
895 1241 1194 1301 unusquisque
1209 1256 1232 1284 a
1246 1241 1443 1301 proximo
1461 1255 1539 1285 suo
1551 1276 1562 1296 ‚
1580 1250 1624 1284 et
1640 1239 1797 1285 mulier

409 1328 430 1353 >›
466 1327 488 1356 a
509 1313 702 1372 proxima
725 1328 823 1356 vasa
845 1320 1048 1371 argentea
1071 1320 1114 1355 et
1140 1326 1270 1355 aurea
1291 1320 1335 1355 et
1352 1313 1566 1355 vestemss:
1588 1329 1609 1352 »
1636 1320 1795 1356 notan-
1827 1303 1831 1379 Ι

405 1382 513 1426 dum
541 1393 584 1428 et
603 1383 831 1443 AEgyptios
856 1382 1052 1427 Hebraeis
1073 1382 1294 1442 proximos
1317 1381 1472 1426 dictos.

464 1456 579 1497 LIX.
616 1474 635 1495 «
672 1457 729 1498 Et
759 1454 841 1498 erit
882 1452 1046 1498 clamor
1085 1468 1269 1511 magnus
1310 1467 1387 1511 per
1424 1467 1599 1496 omnem
1636 1448 1796 1496 terram

407 1540 430 1563 »
463 1525 644 1581 AEgypti
661 1557 671 1576 ‚
688 1522 829 1582 qualis
846 1539 936 1566 non
953 1522 1035 1566 fuit
1047 1556 1058 1576 ,
1079 1532 1122 1565 et
1139 1522 1234 1565 talis
1252 1537 1341 1566 non
1358 1522 1503 1566 adhuc
1522 1531 1790 1581 apponetur:
1824 1537 1828 1572 ι

405 1610 426 1634 >›
461 1593 507 1636 in
533 1592 631 1636 filiis
664 1601 811 1636 autem
844 1591 977 1636 Israel
1008 1607 1097 1636 non
1128 1591 1286 1635 mutiet
1313 1592 1430 1635 canis
1458 1592 1606 1650 lingua
1634 1608 1711 1636 sua
1739 1593 1794 1637 ab

406 1681 427 1704 »
462 1663 639 1708 homine
662 1679 800 1723 usque
828 1662 883 1707 ad
904 1664 1081 1722 pecus4.
1113 1681 1132 1702 »
1159 1662 1485 1720 Ele'gantissima
1506 1661 1671 1707 locutio
1701 1673 1790 1719 est,

403 1749 484 1794 per
505 1750 656 1779 canem
679 1735 843 1795 quippe
864 1744 1106 1778 extremum
1119 1734 1375 1792 significavit
1391 1733 1460 1778 vel
1482 1734 1711 1778 hominum
1724 1735 1794 1780 vel

401 1820 626 1865 pecorum,
640 1806 696 1849 ita
716 1803 1025 1849 commendans
1043 1813 1206 1865 quanta
1226 1805 1271 1847 in
1291 1804 1485 1848 Hebraeis
1506 1804 1629 1863 quies
1645 1803 1792 1850 futura

399 1884 510 1919 esset
524 1911 534 1929 ‚
561 1875 775 1935 AEgyptiis
798 1875 953 1919 acerba
976 1875 1163 1919 orbitate
1185 1873 1489 1918 clamantibus.

460 1947 552 1988 LX.
583 1964 602 1985 «
628 1944 855 2003 Accipiant
873 1945 1031 2001 singuli
1049 1958 1175 1987 ovem
1196 1958 1273 2002 per
1296 1942 1448 1987 domos
1466 1943 1745 2002 patriarum?
1767 1963 1787 1986 »

400 2017 516 2068 Quas
533 2014 648 2058 dicat
671 2014 850 2073 patrias,
877 2029 966 2057 non
989 2012 1114 2066 facile
1138 2022 1201 2057 est
1221 2012 1485 2072 intelligere,
1511 2022 1661 2057 utrum
1682 2015 1789 2059 civi-

399 2094 508 2129 tates
526 2085 571 2127 in
593 2083 750 2144 quibus
773 2083 1130 2138 commanebant,
1154 2099 1210 2127 an
1232 2084 1376 2143 potius
1395 2099 1646 2128 numerosas
1667 2082 1790 2129 fami·
1817 2094 1819 2105 ’

396 2153 476 2199 lias
509 2171 531 2198 a
565 2156 777 2214 cujusque
806 2154 925 2198 velut
948 2154 1206 2213 paternitate
1237 2163 1525 2214 propagatas:
1553 2155 1635 2199 hoc
1672 2156 1785 2199 enim
1850 2202 1853 2213 ⁴

396 2226 531 2284 magis
552 2226 596 2268 in
619 2240 759 2283 graeco
782 2224 1011 2283 significari
1034 2225 1301 2284 perhibetur.

456 2298 572 2339 LXI.
610 2315 627 2337 «
659 2295 700 2340 Si
728 2304 873 2339 autem
901 2296 1029 2355 pauci
1060 2295 1145 2339 sint
1172 2296 1247 2355 qui
1275 2296 1320 2339 in
1347 2295 1503 2350 domo,
1534 2297 1591 2340 ita
1618 2306 1667 2340 ut
1696 2312 1787 2341 non

399 2384 419 2407 >›
454 2366 539 2410 sint
560 2366 706 2417 idonei
729 2366 782 2409 ad
811 2381 959 2415 ovem,
988 2384 1008 2406 »
1034 2365 1079 2409 id
1103 2376 1166 2416 est
1182 2401 1192 2421 ‚
1220 2375 1270 2410 ut
1290 2367 1381 2425 ipsa
1405 2368 1599 2426 paucitas
1622 2383 1712 2411 non
1733 2368 1786 2411 sit

393 2436 549 2482 idonea
565 2436 620 2480 ad
643 2452 768 2480 ovem
790 2435 1155 2491 consumendam,
1182 2455 1202 2478 «
1223 2446 1411 2480 assumet
1427 2451 1575 2481 secum
1590 2437 1783 2481 vicinum
1849 2474 1851 2478 .

440 2540 449 2556 ¹
468 2533 567 2564 Exoxl.
589 2544 627 2573 x,
653 2531 706 2574 2²4.
728 2548 769 2554 —-
802 2539 814 2553 ²
846 2532 928 2563 lbid.
956 2532 1011 2563 QG.
1034 2550 1072 2554 —
1090 2531 1206 2564 31bid.
1229 2535 1283 2564 28.
1305 2549 1345 2555 —
1366 2531 1525 2573 41d.x1‚
1546 2541 1577 2565 2.
1600 2531 1778 2565 ——51bid.

393 2588 428 2630 6,
449 2599 479 2631 7.
501 2606 541 2611 —a
556 2587 570 2611 ⁶
592 2589 635 2621 Id.
657 2600 712 2628 xn,
734 2589 763 2620 3.
782 2606 821 2611 -—
846 2596 858 2621 7
884 2588 965 2620 Ibid.
987 2588 1019 2630 4
