1872 3267
363 283 445 322 252
802 297 835 323 s.
871 294 1101 324 Avensa-nvi
1133 298 1313 325 Emscom

363 376 384 398 »
408 360 491 401 me¹
508 377 516 401 :
532 374 551 398 »
564 366 614 401 ut
630 357 749 401 aliud
769 370 1035 419 praeceptum
1050 361 1118 416 sit,
1141 363 1272 406 «Non
1289 358 1417 404 facies
1431 360 1510 404 tibi
1523 359 1733 415 idolium»

360 428 437 472 ubi
478 428 684 485 figmenta
714 428 893 474 colenda
938 431 1243 489 prohibentur.
1291 433 1437 474 Unum
1479 439 1624 474 autem
1658 446 1736 475 vo-

357 499 457 543 lunt
478 514 593 555 esse,
633 519 652 543 «
677 503 774 545 Non
797 502 1073 561 concupisces
1096 518 1275 547 uxorem
1309 501 1494 562 proximi
1516 501 1580 545 tui
1607 521 1615 546 :
1639 504 1737 547 Non

362 587 382 610 >›
408 571 685 630 concupisces
707 570 884 615 domum
912 573 1096 631 proximi
1116 574 1180 616 tui
1192 576 1230 628 ¹2,
1260 591 1278 613 »
1301 581 1343 616 et
1361 572 1507 616 omnia
1528 587 1666 632 usque
1693 573 1738 616 in

357 640 504 684 finem.
531 642 614 694 Qui
636 656 739 685 vero
755 641 828 685 illa
841 642 921 686 tria
943 658 1032 687 esse
1046 642 1214 698 dicunt,
1232 652 1275 686 et
1296 643 1376 686 ista
1400 651 1579 701 septem,
1599 657 1737 686 unum

356 709 511 755 volunt
540 726 650 766 esse,
676 711 893 772 quidquid
914 713 968 756 de
1010 729 1097 758 uno
1133 713 1317 758 colendo
1346 716 1436 757 Deo
1463 713 1734 772 praecipitur,

357 796 412 824 ne
434 780 598 841 aliquid
613 781 731 826 aliud
749 792 906 842 praeter
920 783 1044 828 illum
1058 800 1135 844 pro
1152 788 1240 829 Deo
1258 784 1425 829 colatur
1447 804 1455 828 :
1481 785 1574 828 haec
1592 793 1737 827 autem

356 861 542 895 extrema
564 852 610 894 in
632 851 720 897 duo
733 852 955 908 dividunt,
982 863 1031 898 ut
1054 854 1172 898 aliud
1190 855 1264 908 sit,
1294 874 1312 895 «
1337 857 1435 899 Non
1458 855 1736 913 concupisces

359 936 574 965 »uxorem
595 923 876 981 proximitui,
905 942 924 964 >›
948 923 1080 979 aliud,
1112 944 1131 966 «
1151 928 1248 970 Non
1265 924 1543 984 concupisces
1556 924 1738 968 domum

358 992 576 1050 »proximi
597 994 676 1036 tui.
704 1012 724 1034 »
753 997 910 1038 Decem
928 1003 1073 1038 tamen
1088 1010 1176 1038 esse
1191 1004 1409 1054 praecepta
1431 995 1575 1037 neutri
1598 994 1736 1038 ambi-

355 1070 484 1117 gunt,
517 1062 725 1121 quoniam
747 1064 830 1107 hoc
856 1065 1075 1123 Scriptura
1098 1073 1294 1108 testatur.

414 1134 472 1174 II.
499 1132 606 1175 Mihi
629 1142 775 1176 tamen
795 1133 968 1178 videtur
989 1136 1299 1193 congruentius
1323 1134 1458 1194 accipi
1480 1135 1560 1177 tria
1584 1133 1673 1189 illa,
1695 1143 1738 1177 et

354 1201 432 1244 ista
474 1211 658 1261 septem,
702 1203 805 1262 quia
842 1213 884 1247 et
917 1204 1170 1248 Trinitatem
1207 1204 1410 1248 videntur
1436 1202 1509 1247 illa
1541 1219 1639 1263 quae
1682 1202 1737 1246 ad

355 1274 492 1315 'Deum
504 1273 727 1332 portinent
738 1274 955 1318 insinuare
968 1274 1218 1334 diligentius
1230 1275 1579 1319 intuentibus.Et
1590 1290 1736 1319 revera

353 1342 474 1401 quod
496 1342 661 1387 dictum
684 1353 768 1399 est,
798 1363 817 1386 «
849 1348 945 1390 Non
975 1355 1104 1389 erunt
1126 1346 1205 1389 tibi
1231 1345 1291 1389 dii
1319 1344 1391 1389 alii
1414 1355 1569 1405 praeter
1596 1360 1686 1399 me,
1713 1363 1732 1385 »

354 1413 436 1457 hoc
453 1414 595 1473 ipsum
618 1415 850 1473 perfectius
868 1416 1107 1476 explicatur
1125 1432 1225 1460 cum
1246 1417 1538 1475 prohibentur
1554 1415 1735 1460 colenda

355 1484 573 1542 figmenta.
600 1487 960 1546 Concupiscentia
974 1503 1103 1546 porro
1130 1487 1270 1532 uxoris
1296 1486 1468 1541 alienae,
1496 1496 1540 1531 et
1571 1503 1736 1531 concu-

351 1554 558 1612 piscentia
576 1555 730 1600 domus
745 1556 895 1601 alienae
907 1593 918 1611 ,
941 1567 1112 1601 tantum
1131 1558 1177 1600 in
1196 1556 1417 1617 peccando
1435 1556 1645 1601 differunt
1659 1593 1669 1611 ,
1687 1566 1738 1603 ut

353 1622 427 1667 illo
446 1624 566 1684 quod
588 1625 755 1670 dictum
778 1636 855 1670 est.
887 1647 906 1668 «
926 1629 1024 1673 Non
1049 1627 1327 1687 concupisces
1349 1627 1530 1671 domum
1554 1627 1736 1687 proximi

356 1713 375 1734 »
399 1695 487 1749 tui,
517 1714 535 1736 >›
562 1696 764 1755 adjuncta
789 1698 873 1741 sint
895 1707 937 1741 et
959 1697 1041 1742 alia
1066 1697 1238 1742 dicente
1271 1699 1506 1757 Scriptura,
1545 1701 1735 1757 «Neque

356 1784 374 1805 »
400 1781 553 1823 agrum
575 1768 666 1826 ejus
682 1803 692 1821 ‚
719 1783 861 1827 neque
884 1783 1055 1812 servum
1087 1774 1176 1824 eius
1192 1803 1202 1822 ‚
1229 1783 1371 1828 neque
1394 1766 1595 1811 ancillam
1620 1769 1731 1827 ejus,

353 1853 374 1876 >›
395 1852 538 1895 neque
566 1838 722 1882 bovem
746 1840 851 1898 ejus,
875 1854 1018 1898 neque
1045 1838 1270 1898 subjugale
1297 1840 1388 1898 ejus
1404 1874 1414 1893 a
1441 1854 1584 1897 neque
1606 1853 1735 1881 omne

355 1925 373 1946 n
401 1922 545 1965 pecus,
572 1924 713 1967 neque
724 1908 1460 1968 qusecumqueproximituisunt3.»
1484 1908 1734 1951 Discrcvisse

351 1985 497 2019 autem
529 1977 700 2021 videtur
734 1977 1130 2035 concupiscentiam
1163 1978 1306 2020 uxoris
1345 1977 1494 2019 alicnsc
1517 1992 1540 2020 a
1569 1992 1733 2020 concu-

349 2046 556 2104 piscentia
579 2046 809 2105 cujuslibet
828 2047 886 2090 rei
911 2046 1083 2101 alienae,
1110 2046 1287 2106 quando
1305 2056 1541 2106 utrumque
1563 2047 1621 2090 sic
1643 2063 1733 2090 coe-

350 2115 413 2174 pit
441 2135 450 2159 :
480 2136 499 2156 «
532 2119 628 2161 Non
650 2117 926 2176 concupisces
954 2132 1133 2160 uxorem
1160 2117 1342 2175 proximi
1377 2117 1460 2171 tui,
1494 2120 1591 2162 Non
1625 2133 1732 2161 con-

353 2204 372 2224 »
408 2186 599 2244 cupisccs
628 2186 807 2230 domum
836 2187 1017 2245 proximi
1045 2188 1130 2241 tui,
1165 2206 1182 2227 »
1210 2197 1253 2230 et
1286 2187 1386 2230 huic
1414 2188 1546 2246 coepit
1578 2197 1732 2232 caetera

350 2254 597 2314 adjungere.
619 2259 715 2300 Non
749 2265 893 2299 autem
925 2271 1025 2299 cum
1049 2256 1242 2311 dixisset,
1283 2275 1302 2297 «
1332 2259 1428 2301 Non
1456 2258 1732 2315 concupisces

354 2346 370 2365 »
397 2341 576 2369 uxorem
600 2326 888 2384 proximitui,
914 2345 932 2366 »
960 2326 1061 2369 huic
1094 2326 1330 2370 connexuit
1357 2326 1438 2369 alia
1462 2325 1629 2381 dicens,
1652 2342 1730 2369 nc-

348 2410 433 2453 que
455 2394 633 2439 domum
655 2397 766 2454 ejus,
787 2411 929 2455 neque
949 2410 1099 2452 agrum
1123 2397 1233 2454 ejus,
1259 2411 1400 2455 neque
1420 2411 1591 2440 servum
1611 2398 1726 2455 ejus,

348 2474 390 2507 et
411 2474 564 2508 caetera
583 2485 592 2509 z
617 2465 690 2509 sed
723 2466 899 2509 omnino
922 2476 1130 2524 apparent
1154 2466 1246 2509 haec
1268 2481 1356 2509 esse
1383 2468 1612 2526 conjuncta
1631 2483 1730 2525 quae

350 2550 434 2579 nno
456 2546 673 2594 prrecepto
695 2536 896 2580 videntur
927 2537 1137 2580 contineri
1155 2572 1165 2591 a
1191 2545 1233 2580 et
1254 2536 1434 2581 discreta
1468 2538 1522 2581 ab
1550 2536 1624 2581 illo
1646 2537 1720 2581 ubi

396 2626 400 2641 ¹
425 2620 521 2650 Emi.
543 2630 595 2656 w,
617 2620 645 2651 3.
673 2637 712 2642 -
737 2619 850 2651 21¹»st
876 2618 1014 2661 17.—-3
1038 2620 1118 2653 lhid.

1859 462 1872 494 [1¹

1858 538 1871 567 el
