1872 3267
241 170 508 208 QUAEsTiomss
540 172 584 199 liv
618 170 1032 208 nssu'ri-:nonommi,
1069 170 1151 197 Lus.
1190 170 1231 195 v.
1349 156 1432 196 493

46 254 67 279 »
102 236 306 282 mandata
326 239 433 298 ejus,
454 254 509 282 an
525 253 616 283 non
629 240 660 281 ¹.
679 255 700 279 »
725 237 805 282 Hic
823 237 1012 297 apertius
1028 235 1196 281 dictum
1213 243 1293 291 est,
1313 234 1435 296 quod

46 326 67 350 »
101 307 205 352 alibi
248 324 404 368 genere
440 308 673 354 locutionis
705 308 942 352 obscurum
973 316 1064 362 est,
1113 306 1190 351 ubi
1229 305 1390 365 legitur
1422 324 1431 350 ι

47 397 67 421 «
103 382 260 424 Tentat
287 395 363 425 vos
399 380 609 425 Dominus
643 382 758 424 Deus
786 389 942 433 vester,
978 388 1028 423 ut
1059 377 1166 423 sciat
1194 377 1228 421 si
1255 376 1434 435 diligitis

45 467 66 492 »
100 465 201 494 eum
213 453 245 494 ².
260 468 280 491 n
299 449 562 509 Intelligitur
583 450 699 494 enim
716 450 906 511 positum
930 465 1034 505 esse,
1061 468 1080 491 «
1099 451 1156 494 Ut
1177 448 1298 503 sciat,
1318 463 1435 507 »pro

43 535 93 566 eo
114 520 235 581 quod
258 530 342 577 est,
369 531 420 565 ut
441 521 539 567 sciri
558 520 688 566 faciat
714 540 723 566 :
751 520 873 582 quod
896 520 1029 566 modo
1052 518 1245 564 dilucide
1268 519 1435 565 dictum

42 600 105 636 est
129 611 136 636 :
160 611 178 634 «
198 594 253 637 Ut
276 601 462 637 tentaret
484 602 542 649 te,
561 602 604 637 ct
621 593 795 652 cognita
817 591 993 648 faceret,
1019 607 1119 652 quae
1142 590 1188 634 in
1210 589 1435 635 cordetuo

46 681 66 705 »
100 672 202 708 sunt
225 682 233 708 :
254 680 379 709 »non
400 664 516 708 enim
539 664 613 720 ait,
634 666 727 708 «Et
743 672 1025 723 cognosceret
1041 683 1051 721 3
1070 681 1090 704 »
1111 661 1233 723 quod
1255 659 1435 723 quidem

14 734 17 741 ’
41 733 76 779 si
96 732 293 790 dixisset,
319 733 654 794 intelligendum
672 744 779 790 erat,
810 754 829 776 «
851 733 1036 793 Cognita
1058 732 1236 777 faceret.
1261 750 1281 773 »

542 842 779 892 Qu-ESTIO
811 844 914 881 xlv.

103 964 124 987 «
136 947 200 989 ΕΤ
211 944 315 989 scias
332 944 478 1000 hodie,
497 945 599 1004 quia
618 960 707 990 non
724 952 903 1004 propter
914 943 1103 1004 justitias
1118 952 1214 988 tuas
1223 941 1436 987 Dominus

3 1071 8 1085 .
40 1034 60 1058 »
94 1019 208 1061 Deus
251 1025 349 1060 tuus
376 1015 450 1060 dat
480 1016 560 1060 tibi
591 1025 752 1060 terram
785 1015 948 1059 bonam
979 1014 1105 1058 istam
1138 1012 1396 1058 haereditare
1423 1032 1431 1057 :

1 1090 14 1147 ξ
41 1106 61 1129 »
95 1086 304 1148 quoniam
332 1086 523 1147 populus
550 1085 659 1131 dura
682 1085 849 1130 cervice
880 1086 971 1129 esss.
1000 1103 1020 1125 n
1048 1086 1176 1129 Certe
1206 1084 1278 1128 isti
1305 1092 1431 1137 sunt,

0 1149 112 1220 [aqui
135 1167 363 1217 propterea
385 1173 475 1202 non
492 1166 748 1201 meruerunt
772 1155 911 1216 perire
934 1155 979 1198 in
1001 1153 1171 1200 deserto
1185 1190 1195 1210 ,
1227 1154 1329 1215 quia
1352 1170 1433 1198 ne-

0 1223 18 1273 i}
37 1227 228 1273 scierunt
256 1227 479 1273 dexteram
512 1237 587 1272 aut
614 1227 829 1272 sinistram
856 1246 864 1270 :
892 1241 991 1270 ecce
1016 1227 1104 1286 jam
1128 1225 1238 1269 dura
1266 1224 1434 1269 cervice

0 1317 12 1363 1
38 1298 327 1361 appellantur.
355 1298 481 1344 Unde
503 1298 743 1344 videndum
770 1306 834 1341 cst
850 1295 961 1340 illud
986 1296 1031 1339 in
1057 1305 1327 1340 sacramento
1346 1310 1435 1339 esse

4 1367 17 1418 ἰ
38 1369 201 1416 dictum
215 1407 225 1426 ,
251 1387 341 1416 non
358 1371 479 1432 quod
501 1371 681 1415 istorum
706 1369 859 1413 merita
882 1366 1184 1412 commendata
1203 1366 1303 1411 sint,
1322 1369 1433 1412 Nam

38 1443 92 1486 n‘e
121 1442 216 1503 quis
248 1442 464 1486 existimet
496 1441 640 1485 subito
675 1440 778 1483 istos
805 1437 1123 1501 ¹vituperabiles
1159 1436 1319 1493 factos,
1357 1436 1434 1497 qui

3 1535 11 1554 ,-
37 1513 190 1557 merito
216 1511 397 1556 fuissent
417 1520 516 1556 ante
540 1510 727 1565 laudati,
753 1509 885 1569 paulo
910 1518 1006 1569 post
1027 1509 1085 1552 eis
1104 1507 1284 1553 dicitur:
1308 1527 1324 1548 ι(
1345 1510 1436 1552 Me·

6 1605 14 1627 l
41 1601 61 1624 »
96 1599 191 1628 mor
213 1593 303 1628 esto
318 1619 328 1638 ,
354 1599 409 1626 ne
431 1581 713 1635 obliviscaris,
731 1589 893 1641 quanta
911 1579 1175 1623 exacerbasti
1193 1580 1432 1625 Dominum

4 1658 62 1698 1¹»
97 1659 237 1699 Deum
272 1665 399 1715 tuum
434 1655 479 1698 in
514 1654 712 1707 deserto,
743 1668 794 1695 ex
830 1667 916 1712 qua
951 1650 1022 1694 die
1052 1650 1193 1694 existis
1228 1650 1282 1694 de
1321 1659 1435 1694 terra

28 1694 61 1770 l»
96 1726 299 1786 AEgypti,
322 1724 657 1770 donecvcnistis
684 1723 730 1766 in
753 1721 899 1766 locum
923 1722 1064 1776 hunc,
1097 1719 1313 1765 increduli
1331 1736 1433 1780 per-

7 1827 10 1829 ·
42 1815 62 1838 »
97 1798 316 1842 severastis
336 1814 434 1858 quae
458 1795 513 1840 ad
537 1795 813 1840 Dominum&
835 1813 854 1835 >›
877 1793 1007 1847 Quod
1024 1793 1057 1837 si
1080 1791 1258 1853 quidam
1282 1807 1432 1836 eorum

42 1866 144 1911 tales
171 1876 321 1922 erant,
356 1867 535 1926 quidam
564 1881 668 1911 vero
690 1863 840 1908 fideles
871 1873 915 1908 et
944 1863 1048 1908 boni
1065 1899 1075 1918 ,
1101 1864 1232 1907 etiam
1256 1863 1315 1907 sic
1343 1879 1432 1907 non

43 1938 190 1999 utique
212 1937 294 1981 illis
317 1936 446 1981 datur
470 1945 583 1980 terra
612 1934 926 1995 promissionis,
954 1934 1030 1994 qui
1053 1934 1254 1978 nesciunt
1280 1933 1432 1978 dexte-

43 2024 131 2054 ram
155 2019 229 2054 aut
256 2009 495 2063 sinistram,
522 2017 573 2052 ut
596 2008 681 2051 hoc
703 2006 762 2051 sic
785 2006 1081 2065 intelligamus
1104 2006 1226 2067 quasi
1249 2022 1338 2050 non
1361 2004 1431 2050 of-

42 2079 259 2125 fenderint
281 2084 436 2125 Deum.
458 2081 568 2124 Nam
586 2087 629 2122 et
651 2086 792 2137 patres
815 2093 989 2133 eorum,
1021 2077 1098 2138 qui
1119 2077 1282 2121 mortui
1300 2086 1428 2132 sunt,

43 2166 120 2196 nec
142 2152 186 2196 in
209 2151 406 2196 camdem
428 2160 588 2195 terram
609 2148 771 2193 intrare
795 2148 992 2208 permissi
1022 2157 1144 2203 sunt,
1171 2147 1277 2192 tales
1304 2148 1430 2192 inve-

44 2222 222 2268 niuntur
238 2222 382 2277 fuisse,
404 2231 455 2266 ut
470 2221 515 2265 in
534 2221 592 2265 eis
608 2229 749 2264 essent
767 2218 947 2281 quidam
965 2220 1095 2264 etiam
1112 2220 1230 2263 boni.
1250 2223 1431 2278 Propter

44 2293 162 2354 quod
189 2293 444 2354 Apostolus,
477 2308 567 2337 non
595 2306 767 2346 omnes,
800 2289 875 2334 sed
905 2289 1118 2351 quosdam
1146 2305 1298 2334 eorum
1326 2289 1433 2334 dicit

11 2382 15 2386 ·
45 2364 273 2409 offendisse
292 2367 324 2421 5,
360 2365 401 2408 in
436 2362 596 2424 quibus
623 2376 774 2406 corum
802 2370 980 2421 peccata
1001 2369 1329 2406 commemorat.
1365 2360 1433 2405 Si-

91 2468 99 2484 ¹
127 2464 220 2494 Deut.
246 2471 435 2504 vi11,2.——
457 2467 470 2483 ²
497 2459 681 2501 ld.x1n,3.
704 2476 745 2481 —-⁶
762 2456 902 2500 31d.1x,
920 2459 952 2491 6.
981 2456 1152 2490 -41bid.
1177 2469 1207 2500 7.
1230 2475 1270 2480 —-
1286 2456 1300 2480 5
1324 2470 1334 2490 1
1355 2459 1431 2490 Cor.

45 2527 86 2559 x,
109 2517 148 2559 5,
172 2522 238 2551 cte.

33 2612 36 2628 l
