1872 3267
382 210 463 248 572
809 224 842 249 s.
878 221 1108 252 Ausus‘rnu
1138 224 1320 252 EPISCOPI

885 339 1120 388 QUAESTIO
1151 340 1254 379 XIII.

437 451 553 502 Qum
587 458 650 493 est
687 452 807 511 quod
845 451 1035 509 Angelus
1062 453 1235 497 Domini
1266 452 1380 496 inter
1413 460 1570 496 caetera
1605 451 1764 496 divinae

379 519 728 565 comminationis
751 522 882 566 dicit:
907 541 927 564 «
951 525 1048 567 Non
1071 521 1266 583 adjiciam
1290 521 1597 580 transmigrare
1619 537 1764 581 popu-

383 608 402 630 »
438 589 547 645 lum,
568 606 699 650 quem
717 591 806 635 dixi
823 593 1001 652 ejicere?
1015 595 1111 638 Non
1129 592 1321 637 auferam
1342 609 1414 636 eos
1432 608 1454 636 a
1473 591 1583 636 facie
1604 602 1762 648 vestra,

381 679 401 702 »
437 670 481 704 et
502 671 631 705 erunt
646 662 768 706 vobis
790 662 835 706 in
857 663 1092 722 angustias,
1119 673 1163 708 et
1184 663 1244 708 dii
1265 679 1416 708 eorum
1438 673 1566 708 erunt
1582 664 1704 708 vobis
1721 664 1766 706 in
1793 690 1800 692 -
1835 658 1837 682 ³

382 749 402 771 »
439 731 713 775 scandalum²
728 752 736 776 z
753 750 772 773 >›
791 733 871 777 nisi
889 742 939 777 ut
952 733 1246 793 intelligamus
1261 734 1473 779 nonnulla
1491 734 1618 778 etiam
1637 733 1765 778 deira

377 801 453 844 Dei
477 802 621 845 venire
643 805 844 861 peecata?
873 806 930 848 Ut
951 804 1066 848 enim
1093 804 1153 848 dii
1176 805 1392 863 gentium,
1416 805 1529 848 inter
1551 820 1658 864 quas
1676 819 1766 848 non

378 888 401 916 a
424 888 467 916 se
489 875 789 918 exterminatas
815 875 1019 919 Israelitae
1042 876 1239 920 habitare
1260 877 1519 930 voluerunt,
1545 884 1686 919 essent
1707 875 1765 919 eis

381 943 424 986 in
447 943 716 999 scandalum,
741 943 784 987 id
803 954 886 1000 est,
915 944 1105 991 facerent
1127 963 1197 991 eos
1219 945 1496 991 scandalizari
1517 946 1563 989 in
1578 945 1765 990 Domino

378 1017 468 1059 Deo
490 1032 583 1071 suo,
603 1032 743 1076 eoque
762 1016 928 1061 offenso
945 1018 1105 1073 vivere,
1121 1018 1352 1077 indignans
1372 1019 1456 1062 hoc
1477 1017 1764 1061 comminatus

378 1093 442 1128 est
463 1088 576 1130 Deus
603 1105 610 1131 :
644 1087 763 1146 quod
792 1098 907 1132 certe
932 1087 1211 1133 manifestum
1234 1098 1297 1133 est
1318 1103 1526 1146 magnum
1553 1103 1642 1131 esse
1664 1102 1764 1147 pec-

378 1163 539 1198 vatum.

876 1275 1110 1324 QUAESTIO
1142 1278 1244 1316 xrs:

437 1404 457 1427 «
482 1388 546 1429 Ετ
581 1385 741 1430 dimisit
768 1389 890 1431 Jesus
930 1388 1168 1448 populum,
1205 1398 1248 1432 et
1276 1389 1478 1432 abierunt
1512 1387 1589 1431 filii
1630 1388 1763 1432 Israel

380 1475 398 1498 »
434 1459 733 1518 unusquisque
755 1459 800 1502 in
824 1459 1005 1503 domum
1024 1476 1160 1514 suam,
1178 1469 1220 1503 et
1238 1459 1537 1519 unusquisque
1554 1460 1600 1502 in
1620 1460 1761 1502 haere-

378 1545 398 1568 »
435 1527 615 1571 ditatem
634 1544 771 1583 suam,
798 1529 1054 1573 lifereditare
1077 1532 1278 1573 terram2.
1297 1549 1315 1570 »
1338 1533 1429 1573 Hoc
1453 1545 1529 1589 per
1546 1530 1762 1589 recapitu-

375 1597 582 1641 lationem
605 1599 749 1642 iterari
776 1600 896 1643 nulla
920 1600 1136 1644 dubitatio
1160 1601 1263 1644 est3.
1286 1603 1396 1645 Nam
1419 1609 1462 1644 et
1490 1616 1604 1643 mors
1630 1600 1762 1659 ipsius

377 1671 479 1713 Jesu
507 1672 623 1714 Nave
653 1672 781 1715 etiam
812 1672 854 1714 in
882 1673 964 1715 hoc
994 1671 1107 1716 libro
1141 1672 1548 1726 commemoratul·‘¹,
1579 1680 1627 1715 ut
1660 1680 1760 1714 tan-

375 1756 508 1800 quam
536 1741 590 1783 ab
626 1742 800 1786 exordio
828 1753 985 1786 cuneta
1018 1743 1203 1786 breviter
1228 1743 1564 1796 insinuarentur,
1599 1757 1649 1785 ex
1673 1758 1762 1802 quo

376 1811 435 1853 eis
469 1811 678 1856 Dominus
712 1812 832 1857 dedit
860 1823 1038 1867 terram,
1075 1823 1118 1856 et
1150 1812 1521 1872 quemadmodum
1551 1813 1632 1856 sub
1661 1813 1761 1872 ipsis

377 1879 604 1925 ,iudicibus
626 1882 825 1937 vixerint,
846 1899 999 1943 quaeve
1022 1884 1209 1943 perpessi
1233 1884 1339 1940 sint,
1365 1892 1496 1943 atque
1518 1884 1674 1927 iterum
1698 1898 1762 1926 re-

377 1950 496 1995 ditur
510 1951 564 1994 ad
581 1952 773 2011 ipsorum
791 1956 814 1998 J
822 1953 997 1999 udicum
1019 1953 1215 1997 ordinem
1230 1989 1241 2009 ,
1268 1954 1322 1997 ab
1342 1969 1392 1997 eo
1414 1954 1489 2014 qui
1512 1953 1675 2012 primus
1698 1963 1760 1997 est

377 2023 652 2067 constitutus.

892 2145 1126 2194 QUAESTIO
1157 2147 1226 2185 XV
1234 2176 1243 2184 .

437 2277 457 2299 ι(
474 2260 538 2301 ΕΤ
553 2258 734 2302 surrexit
752 2258 969 2317 generatio
992 2258 1124 2302 altera
1146 2266 1243 2317 post
1257 2272 1344 2311 eos,
1365 2258 1441 2316 qui
1459 2271 1548 2302 non
1569 2258 1758 2302 scierunt

379 2347 399 2368 η
435 2330 685 2383 Dominum,
706 2339 749 2373 et
771 2344 899 2388 opera
922 2331 1028 2389 ejus,
1056 2345 1155 2389 quae
1178 2328 1279 2372 fecit
1301 2327 1475 2372 lsrae15.
1501 2347 1520 2368 »
1547 2329 1758 2388 Exposuit

374 2398 595 2458 quomodo
613 2399 791 2455 dixerit,
821 2401 954 2443 «Non
976 2399 1167 2443 scierunt
1189 2399 1444 2453 Dominum,
1468 2417 1488 2441 »
1515 2399 1559 2442 in
1582 2398 1664 2442 illis
1687 2399 1754 2442 vi-

422 2513 429 2528 ¹
452 2507 555 2538 Judic.
576 2518 617 2547 u,
643 2507 672 2538 3.
694 2524 735 2529 --
755 2514 768 2530 ²
785 2507 852 2538 Ibid
885 2506 917 2538 (3.
951 2523 990 2530 --
1016 2505 1141 2537 3Jos1u‘²
1165 2517 1259 2548 ww,
1284 2506 1337 2538 528.
1358 2524 1399 2529 —
1420 2505 1435 2536 l,
1454 2507 1556 2539 Judic.
1578 2518 1614 2548 11,
1640 2506 1670 2537 8.
1714 2523 1753 2528 —

377 2560 390 2582 *ἶ
409 2560 486 2593 llud.
507 2573 556 2593 ¹0.
