1872 3267
421 210 505 251 450
850 222 882 249 S.
918 223 1146 253 Aucusnm
1181 225 1361 252 EPISCOP1

418 286 632 333 vocabulo
654 296 948 347 nuncupatam,
983 289 1027 334 in
1054 290 1377 350 comparatione
1410 290 1540 350 hujus
1569 288 1800 348 superioris

418 367 540 402 terrae
561 359 608 402 in
629 359 751 419 cujus
774 358 883 403 facie
904 359 1063 404 vivitur
1087 379 1096 405 z
1123 362 1234 405 sicut
1270 360 1315 404 in
1347 359 1670 419 comparatione
1699 357 1799 403 coeli

414 430 663 489 superioris,
688 429 764 473 ubi
785 438 1034 475 sanctorum
1051 429 1291 476 demoratio
1305 439 1369 475 est
1390 429 1680 489 Angelorum,
1699 444 1801 489 pec—

411 508 557 544 cantes
578 498 754 559 angelos
768 499 814 543 in
836 500 965 560 hujus
988 501 1095 545 aeris
1117 500 1313 546 detrusos
1335 500 1551 560 calignem
1577 500 1798 560 Scriptura

411 570 518 615 dicit
536 579 745 631 tanquam
768 571 1012 615 carceribus
1035 570 1160 615 inferi
1182 571 1426 631 puniendos
1450 570 1655 615 reservari
1681 590 1689 614 :
1712 589 1732 612 «
1757 570 1798 615 Si

415 660 435 682 »
464 642 580 686 enim
602 646 736 697 Deus,
774 641 940 702 inquit,
966 641 1128 701 angelis
1151 643 1434 702 peccantibus
1457 658 1546 687 non
1581 642 1794 702 pepercit,
1846 691 1848 693 ,

415 730 436 753 »
467 712 542 756 sed
579 712 823 757 carceribus
866 712 1060 771 caliginis
1106 713 1232 757 inferi
1270 712 1498 758 retrudens
1537 711 1717 756 tradidit
1752 712 1797 756 in

414 802 434 824 u
453 782 619 844 judicio
645 782 892 842 puniendos
911 783 1142 828 reservari1
1172 803 1180 828 :
1210 801 1230 825 »
1257 800 1359 829 eum
1388 781 1608 844 apostolus
1637 781 1796 827 Paulus
1844 801 1846 807 ·

410 854 650 914 principem
667 855 889 914 potestatis
909 855 1017 899 aeris
1045 854 1270 900 diabolum
1305 855 1450 912 dicat,
1483 855 1559 916 qui
1592 863 1796 914 operatur

409 925 455 970 in
477 925 575 971 filiis
598 926 897 970 diflidentiae2.

889 1023 1126 1074 QUAESTIO
1158 1026 1277 1063 xxx.

468 1146 488 1169 «
510 1130 573 1171 Er
594 1126 701 1171 dixit
722 1126 934 1171 Dominus
956 1125 1011 1170 ad
1032 1129 1215 1183 Moysen
1230 1135 1274 1170 et
1294 1126 1350 1170 ad
1372 1125 1625 1172 Eleazarum
1652 1125 1794 1171 filium

409 1215 430 1239 »
450 1200 596 1242 Aaron
611 1197 878 1241 sacerdotem
896 1215 905 1241 ;
928 1195 1083 1240 Tollite
1103 1195 1325 1240 thuribula
1343 1212 1452 1240 aerea
1467 1212 1489 1240 e
1502 1195 1645 1241 medio
1667 1212 1792 1240 exus-
1830 1222 1832 1231 ·

407 1287 427 1310 »
456 1277 596 1313 torum
622 1288 630 1312 :
652 1278 695 1313 et
716 1268 862 1328 ignem
887 1267 1075 1312 alienum
1094 1269 1211 1312 hunc
1229 1269 1390 1312 semina
1413 1269 1474 1312 ibi
1501 1288 1508 1313 :
1536 1269 1637 1329 quia
1665 1284 1792 1313 sanc-

406 1358 427 1381 »
462 1340 735 1384 tificaverunt
757 1339 981 1384 thuribula
1015 1349 1294 1398 peccatorum
1315 1341 1473 1384 horum
1503 1340 1547 1384 in
1565 1340 1792 1385 animabus
1826 1394 1829 1404 ι

406 1430 426 1453 »
452 1411 536 1455 suis
562 1430 571 1455 :
588 1420 630 1455 et
651 1410 719 1455 sae
736 1426 784 1455 ea
800 1409 983 1454 laminas
996 1409 1179 1454 ductiles
1193 1411 1617 1470 circumpositionem
1636 1410 1760 1455 altari
1777 1430 1787 1457 2

404 1501 426 1524 »
451 1483 659 1543 quoniam
674 1481 816 1527 oblata
833 1490 936 1526 sunt
949 1490 1048 1526 ante
1066 1481 1300 1526 Dominum
1317 1491 1360 1525 et
1376 1482 1641 1526 sanctificata
1659 1491 1787 1527 sunt:

405 1572 425 1595 »
452 1564 494 1598 et
516 1555 629 1599 facta
652 1563 754 1599 sunt
770 1554 815 1598 in
830 1554 1000 1612 signum
1022 1552 1121 1598 filiis
1143 1552 1271 1597 isra'e'l
1285 1556 1315 1597 ³³.
1341 1572 1360 1594 »
1385 1556 1478 1598 Hoc
1493 1553 1589 1598 loco
1607 1570 1685 1598 cur
1701 1571 1787 1599 non

401 1625 455 1670 ad
477 1629 659 1684 Moysen
681 1635 724 1670 et
745 1629 890 1670 Aaron
906 1661 916 1681 ‚
942 1625 1055 1670 sicut
1076 1625 1121 1668 in
1148 1625 1440 1684 superioribus
1457 1661 1467 1680 ,
1491 1626 1701 1670 Dominus
1722 1625 1789 1670 lo-

399 1708 526 1743 cutus
548 1698 624 1753 sit,
651 1697 726 1741 sed
748 1696 802 1741 ad
825 1700 1007 1754 Moysen
1027 1705 1070 1740 et
1094 1695 1148 1740 ad
1166 1695 1420 1740 Eleazarum
1442 1696 1581 1741 filium
1612 1700 1757 1742 Aaron
1772 1733 1784 1754 ‚
1820 1682 1823 1723 3

400 1770 494 1814 haec
515 1769 620 1813 mihi
639 1785 765 1813 causa
788 1767 963 1812 interim
995 1768 1184 1812 occurrit
1211 1786 1219 1812 ;
1241 1768 1447 1827 quoniam
1485 1768 1667 1828 quaestio
1696 1777 1786 1813 erat

401 1842 456 1886 de
478 1841 682 1902 progenie
704 1840 976 1884 sacerdotum
990 1838 1136 1894 ‚idest
1157 1838 1226 1893 de,
1245 1855 1332 1899 quo
1358 1855 1512 1897 genere
1537 1855 1625 1884 esse
1648 1839 1783 1884 debe-

400 1922 496 1957 rent
519 1917 531 1968 (
554 1912 672 1955 unde
690 1910 750 1954 illi
777 1926 826 1953 ex
849 1909 932 1953 alio
956 1924 1132 1967 genere,
1168 1909 1270 1968 quia
1298 1909 1378 1953 sibi
1406 1925 1612 1969 usurpare
1641 1926 1783 1954 sacer-

400 1982 569 2028 dotium
584 1981 675 2026 ausi
698 1989 819 2036 sunt,
840 1989 928 2024 tam
951 1978 1169 2024 horrendo
1196 1988 1238 2022 ct
1259 1978 1445 2023 mirabili
1470 1979 1684 2040 supplicio
1706 1996 1783 2040 pe-

396 2054 583 2108 rierunt,
605 2054 621 2110 )
642 2067 733 2096 non
750 2051 804 2095 ad
820 2054 986 2105 Aaron,
1013 2050 1089 2111 qui
1102 2051 1192 2110 jam
1216 2065 1411 2094 summus
1434 2049 1631 2095 sacerdos
1660 2061 1752 2096 erat
1766 2087 1778 2108 ‚

396 2124 473 2170 sed
495 2123 550 2169 ad
585 2122 838 2167 Eleazarum
868 2120 1007 2166 voluit
1039 2120 1157 2181 loqui
1194 2123 1331 2176 Deus⁷
1373 2121 1448 2181 qui
1485 2121 1523 2165 ci
1551 2121 1781 2168 succedere

396 2195 598 2250 debebat,
614 2202 655 2238 et
670 2191 959 2252 secundojam
977 2191 1218 2236 sacerdotio
1234 2190 1570 2250 fungebatui⁴,11t
1584 2208 1634 2237 eo
1649 2193 1779 2237 modo

396 2267 547 2311 seriem
571 2265 734 2323 generis
764 2261 1108 2317 commendaret,
1140 2278 1240 2322 quae
1267 2262 1312 2306 in
1340 2262 1682 2306 successionibus
1711 2278 1778 2307 sa·
1808 2312 1809 2317 Ἰ

393 2336 621 2383 cerdotum
659 2351 747 2380 esse
785 2334 978 2378 deberet.
1014 2332 1139 2376 Uude
1169 2332 1298 2376 etiam
1334 2332 1378 2375 in
1407 2333 1774 2392 consequentibus

393 2408 523 2463 dicit,
555 2428 574 2449 «
598 2410 655 2451 Et
678 2405 844 2465 accepit
872 2403 1048 2448 Eleazar
1070 2402 1184 2446 filius
1216 2405 1362 2447 Aaron
1383 2403 1616 2447 sacerdotis
1640 2403 1776 2447 thuri—

393 2499 412 2521 »
434 2478 536 2523 bula
557 2493 694 2533 aerea,
715 2483 878 2536 quanta
900 2473 1159 2518 obtulerunt
1180 2473 1257 2533 qui
1279 2473 1415 2516 exusti
1436 2481 1559 2528 sunt,
1584 2481 1627 2517 et
1648 2472 1773 2517 addi-
1804 2476 1807 2516 ἔ

440 2583 449 2600 ¹
473 2584 492 2608 2
510 2578 596 2609 Petr.
612 2586 649 2618 u,
669 2572 701 2617 4.
722 2590 764 2598 -
784 2579 797 2597 ²
812 2572 932 2616 Ephes.
952 2582 990 2611 11,
1007 2580 1039 2604 2.
1056 2587 1098 2594 —
1115 2569 1128 2594 3
1146 2571 1238 2603 Num.
1259 2580 1323 2613 xw,
1349 2569 1463 2603 86-38.

1840 442 1853 644 1'
