1872 3267
424 193 505 231 170
858 202 891 231 S·
928 204 1157 233 AUGUSTINI
1189 206 1370 234 EPISCOPI

921 306 1155 354 QUAESTIO
1187 305 1284 347 CXI.

481 408 608 460 Quoi)
639 405 774 449 Jacob
814 420 1066 450 ascensurus
1102 406 1275 462 Bethel,
1313 406 1392 450 ubi
1420 407 1564 466 jussus
1597 415 1660 451 est
1683 422 1800 451 aram

417 476 559 521 facere
574 511 585 531 ‚
611 474 716 519 dicit
741 475 892 520 domui
921 491 1009 519 suae
1040 485 1083 520 et
1107 476 1310 521 omnibus
1343 475 1419 536 qui
1440 492 1541 521 cum
1557 475 1633 520 illo
1656 486 1797 532 erant,

421 567 442 590 «
478 545 633 591 Tollite
654 546 756 591 deos
771 545 954 601 alienos,
976 550 1050 607 qui
1069 547 1297 592 vobiscum
1316 556 1440 602 sunt,
1464 546 1519 590 de
1540 546 1685 591 medio
1706 562 1802 591 ves-

418 636 438 659 »
474 618 609 672 trum,
636 626 718 662 etc.
744 635 764 658 »
793 615 951 660 deinde
980 616 1155 674 dicitur,
1184 637 1203 660 ‹<
1229 621 1285 662 Et
1303 617 1521 661 dederunt
1541 617 1677 661 Jacob
1699 618 1802 662 deos

423 708 440 729 »
477 687 664 743 alienos,
689 688 765 748 qui
794 696 916 731 erant
937 686 983 730 in
1005 687 1207 732 manibus
1228 703 1402 743 eorum,
1429 697 1472 732 et
1506 688 1677 731 inaures
1705 703 1802 747 quae

419 777 439 800 »
475 768 598 802 erant
628 759 673 802 in
708 759 885 802 auribus
907 774 1057 802 eorum
1079 761 1090 784 ¹
1116 779 1124 802 :
1160 778 1179 800 »
1211 760 1421 819 quaeritur
1443 774 1577 819 quare
1612 767 1654 802 et
1675 759 1804 801 inau—

415 843 497 883 res,
519 844 619 888 quae
640 828 674 872 si
691 838 945 873 ornamenta
966 837 1111 884 erant⁷
1141 829 1196 873 ad
1223 828 1515 873 idololatriam
1550 844 1639 872 non
1666 828 1801 888 perti-

418 899 611 954 nebant,
645 899 725 942 nisi
759 899 860 959 quia
895 898 1229 959 intelligendum
1267 909 1330 943 est
1362 898 1631 959 phylacteria
1673 897 1802 943 fuisse

416 968 599 1013 deorum
623 969 878 1014 alienorum.
904 973 1014 1016 Nam
1035 971 1278 1014 Rebeccam
1291 986 1314 1014 a
1332 986 1454 1015 servo
1469 970 1656 1014 Abrahae
1677 970 1803 1013 inau-

417 1054 483 1082 res
520 1040 730 1099 accepisse
755 1040 973 1099 Scriptura
1005 1049 1213 1096 testatur,
1244 1040 1364 1100 quod
1393 1056 1482 1084 non
1516 1041 1660 1094 fieret,
1690 1040 1802 1084 sicis
1852 1037 1854 1040 ’

417 1110 588 1153 inaures
616 1110 777 1153 habere
810 1111 1054 1154 ornamenti
1090 1111 1225 1169 gratia
1263 1126 1352 1155 non
1374 1110 1537 1154 liceret.
1580 1113 1696 1168 Ergo
1720 1108 1805 1152 illae

418 1181 611 1235 inaures,
638 1197 737 1241 quae
761 1196 861 1225 cum
891 1180 1015 1225 idolis
1038 1181 1150 1225 datae
1173 1191 1295 1236 sunt,
1325 1191 1374 1226 ut
1398 1181 1562 1226 dictum
1591 1190 1675 1237 est,
1702 1180 1803 1240 „ido-

418 1250 564 1294 lorum
586 1251 856 1310 phylacteria
874 1251 1067 1295 fuerunt.

910 1361 1146 1410 QUAESTIO
1178 1361 1295 1400 oxu,

480 1481 500 1504 «
522 1465 586 1506 ET
605 1461 745 1506 factus
763 1471 826 1506 est
846 1462 976 1506 timor
990 1462 1067 1506 Dei
1088 1462 1131 1505 in
1156 1462 1425 1517 civitatibus,
1457 1477 1556 1521 quae
1579 1461 1690 1505 circa
1708 1460 1804 1505 illos

420 1550 440 1573 »
475 1541 620 1587 erant,
645 1541 688 1575 et
709 1547 799 1576 non
827 1541 929 1576 sunt
950 1533 1168 1576 consecuti
1191 1541 1285 1591 post
1307 1531 1417 1576 filios
1441 1531 1571 1576 Isra'e'l
1585 1535 1616 1575 ².
1639 1549 1660 1572 »
1687 1532 1802 1575 Inci-

416 1604 585 1663 piamus
609 1603 974 1658 animadvertere,
1001 1602 1373 1663 quemadmodum
1396 1606 1510 1645 Deus
1533 1611 1737 1661 operetur
1754 1602 1804 1646 in

415 1674 645 1717 bominum
678 1673 912 1716 mentibus.
938 1676 976 1716 A
1007 1689 1095 1732 quo
1117 1673 1234 1715 enim
1253 1673 1382 1716 timor
1403 1672 1480 1715 Dei
1510 1671 1650 1716 factus
1673 1681 1736 1715 est
1756 1672 1800 1715 in

416 1743 499 1787 illis
517 1743 779 1798 civitatibus,
800 1743 881 1787 nisi
896 1743 951 1787 ab
965 1743 1040 1787 illo
1058 1743 1133 1803 qui
1156 1758 1230 1786 sua
1245 1743 1448 1802 promissa
1466 1742 1512 1785 in
1525 1743 1660 1787 Jacob
1682 1742 1801 1786 filiis-
1832 1778 1835 1798 ι,

416 1829 502 1874 que
520 1814 758 1857 tuebatur?

906 1919 1142 1968 QUAESTIO
1174 1919 1309 1959 exul.

478 2040 498 2063 «
525 2023 662 2065 VENlT
680 2029 823 2064 autem
846 2020 980 2064 Jacob
1002 2020 1047 2062 in
1070 2023 1246 2074 Luzam,
1266 2035 1365 2079 quae
1382 2028 1445 2063 est
1465 2020 1512 2063 in
1545 2028 1658 2063 terra
1681 2020 1798 2065 Cha·
1826 2069 1827 2076 ἵ

417 2111 437 2134 »
472 2107 606 2146 naan,
641 2107 739 2151 quae
768 2099 831 2134 est
858 2089 1050 2133 Betl1el³.
1086 2108 1106 2130 »
1143 2090 1590 2134 Animadvertendum
1620 2099 1682 2133 est
1716 2090 1797 2134 tria

408 2164 498 2222 jam
527 2162 704 2205 nomina
741 2162 869 2220 hujus
906 2160 1086 2204 civitatis
1124 2169 1481 2217 commemoratag
1524 2160 1795 2215 Ulammaiis,

412 2232 530 2293 quod
569 2233 734 2276 dictum
776 2241 839 2275 est
873 2246 965 2274 eam
998 2230 1115 2290 prius
1148 2239 1375 2285 vocatam,
1410 2245 1511 2274 cum
1544 2230 1647 2274 illuc
1677 2232 1795 2290 prius

410 2318 594 2363 pergens
634 2303 679 2345 in
713 2301 1068 2360 Mesopotamiam
1108 2300 1293 2344 venisset
1332 2301 1502 2351 Jacob;
1534 2310 1577 2344 et
1614 2299 1795 2356 Betloel,

411 2373 531 2433 quod.
568 2388 727 2417 nomen
762 2373 852 2431 ipse
894 2372 1160 2431 imposuiffl,
1206 2380 1247 2414 et
1285 2371 1597 2430 interpretatur
1636 2375 1819 2416 Domus¹

408 2445 507 2500 Dci3
532 2453 574 2487 ct
600 2447 713 2487 Luza
729 2478 739 2498 ‚
773 2442 893 2503 quod
923 2442 1052 2486 modo
1073 2450 1465 2486 commemoratum
1498 2451 1576 2485 est.
1602 2445 1689 2487 Nec
1713 2442 1796 2485 mi-

457 2548 463 2561 ¹
487 2543 566 2571 Gon.
591 2551 682 2571 xxxv.
707 2537 773 2580 2-5.
794 2557 831 2561 —
853 2546 865 2562 ²
886 2539 966 2569 Ibid.
988 2538 1018 2570 53.
1049 2555 1089 2560 —⁴
1118 2537 1129 2559 3
1150 2538 1230 2570 111111.
1250 2539 1282 2569 6.
1312 2536 1447 2569 -4111,
1471 2548 1575 2579 xan,
1601 2550 1649 2579 ¹9-

1831 1847 1834 1863 1

1830 1877 1832 1893 A
