1872 3267
387 194 469 233 608
824 204 857 229 s.
894 199 1125 230 AUGUSTINI
1159 202 1341 230 EPISCOPI

388 279 452 314 est
475 283 483 309 :
503 281 583 311 nec
605 267 835 327 quisquam
855 266 930 326 qui
952 282 1047 310 eam
1069 268 1237 327 perpeti
1259 266 1495 322 detrectat,
1526 276 1576 311 ut
1597 268 1776 312 omnino

388 339 597 394 evitetur,
633 337 710 382 sed
740 337 1045 382 tantummodo
1078 348 1128 382 ut
1161 337 1417 395 differatur,
1451 338 1636 383 laborat.
1676 342 1780 383 Haec

390 419 536 454 autem
554 408 860 453 festinantibus
880 407 1005 452 nobis
1023 407 1077 452 de
1091 409 1299 468 praedicta
1313 409 1553 470 quaestione
1571 409 1670 453 satis
1693 424 1783 454 esse

392 490 633 541 utcumque
655 478 844 524 discussa
863 494 942 538 pro
960 479 1041 523 hae
1064 478 1243 539 quidem
1264 490 1387 540 parte
1408 480 1498 524 visa
1513 489 1629 524 sunt.

450 554 570 595 XVI.
583 553 709 597 Nune
717 552 807 611 jam
822 549 930 610 quid
946 550 1127 609 Spiritus
1137 551 1326 606 Domini,
1343 551 1429 595 sive
1437 567 1514 611 per
1525 551 1787 595 nescientem

394 623 575 682 Jephte,
601 621 689 667 sive
716 637 791 681 per
817 621 1023 665 scientem
1041 656 1052 676 ,
1089 621 1176 665 sive
1207 637 1284 681 per
1311 623 1401 682 ejus
1428 622 1785 682 imprudentiam,

395 694 482 739 sive
492 709 568 753 per
583 691 894 747 obedientiam,
913 692 1001 736 sive
1018 707 1095 751 per
1112 692 1416 749 offensionem,
1434 694 1523 738 sive
1539 708 1616 752 per
1637 692 1786 747 fidem,

396 765 443 808 in
461 766 542 808 hac
570 779 616 807 re
652 772 769 823 gesta
797 763 1168 822 praefiguraverit,
1199 772 1414 823 quantum
1446 767 1560 808 Deus
1589 762 1788 823 adjuvat,

397 835 693 896 requiramus,
732 834 1010 895 breviterque
1038 833 1296 894 pandamus.
1331 835 1553 879 Admonet
1576 834 1690 878 enim
1714 848 1793 877 nos

399 916 442 951 et
489 916 617 965 urget
659 904 852 966 quodam
892 904 1024 950 modo
1067 905 1146 949 iste
1189 915 1436 950 sanctarum
1473 905 1793 965 Scripturarum

400 976 522 1022 loeus
545 977 737 1036 cogitare
767 975 1004 1036 quemdam
1020 985 1245 1036 potentem
1266 977 1441 1022 virtute.
1467 975 1577 1020 Talis
1596 976 1710 1019 enim
1726 974 1794 1019 di-

401 1049 514 1093 eitur
532 1051 554 1092 J
559 1048 706 1107 ephte,
719 1047 839 1107 quod
853 1063 1014 1091 nomen
1026 1048 1337 1107 interpretatur
1349 1047 1572 1107 Aperiens.
1588 1047 1797 1092 Dominus

402 1129 550 1164 autem
572 1119 771 1164 Christus
789 1154 799 1174 ,
821 1119 933 1163 sieut
954 1119 1118 1163 indicat
1136 1119 1439 1179 Evangelium,
1462 1117 1689 1178 Discipulis
1712 1117 1798 1161 suis

403 1191 575 1251 aperuit
597 1206 793 1246 sensum,
811 1199 860 1234 ut
876 1190 1171 1249 intelligerent
1195 1191 1476 1251 Scripturas1.
1496 1193 1624 1234 Hune
1642 1192 1666 1233 J
1670 1190 1800 1249 ephte

403 1262 557 1306 fratres
586 1264 676 1321 ejus
706 1262 1067 1320 reprobaverunt,
1111 1272 1154 1307 et
1186 1262 1240 1306 de
1263 1272 1443 1322 paterna
1468 1261 1599 1307 domo
1622 1261 1801 1321 expule-

406 1336 552 1387 runt2,
570 1332 828 1392 objicientes
847 1330 901 1386 ei,
919 1330 1040 1390 quod
1052 1340 1162 1375 esset
1179 1332 1292 1375 filius
1312 1332 1571 1387 fornicariae,
1592 1341 1802 1391 tanquam

406 1405 487 1464 ipsi
510 1413 653 1448 essent
675 1403 730 1447 de
753 1419 886 1447 uxore
909 1402 1102 1461 legitima
1124 1404 1229 1447 nati.
1258 1406 1350 1447 Hoc
1369 1403 1498 1447 etiam
1521 1412 1704 1462 egerunt
1722 1401 1803 1447 ad-

406 1491 554 1520 versus
588 1475 826 1519 Dominum
857 1474 1072 1534 principes
1094 1473 1368 1518 sacerdotum
1391 1484 1433 1518 et
1456 1474 1608 1518 scribae
1631 1483 1674 1518 et
1694 1474 1805 1534 pha-

408 1546 518 1591 risaei
537 1582 547 1601 ,
596 1546 672 1606 qui
705 1545 759 1589 de
794 1545 917 1603 Legis
961 1544 1262 1589 observatione
1297 1544 1472 1604 gloriari
1504 1544 1769 1589 videbantur
1790 1579 1801 1599 ,

413 1627 620 1676 tanquam
638 1616 712 1660 ille
731 1615 918 1660 solveret
941 1618 1125 1674 Legem,
1151 1625 1194 1659 et
1216 1615 1314 1660 ideo
1336 1615 1473 1661 veluti
1498 1632 1586 1660 non
1607 1625 1716 1660 esset
1743 1613 1806 1659 le-

412 1688 586 1746 gitimus
610 1687 758 1731 Filius.
781 1690 838 1730 Et
871 1703 1125 1746 quanquam
1157 1686 1211 1730 de
1249 1696 1395 1731 sancta
1428 1686 1606 1747 quidem
1629 1686 1806 1745 Virgine

411 1773 568 1817 corpus
592 1766 896 1816 assumpserat,
912 1756 1033 1816 quod
1047 1756 1249 1800 fidelibus
1263 1767 1418 1801 notum
1432 1767 1495 1801 est
1516 1777 1523 1801 :
1544 1767 1692 1801 tamen
1715 1758 1807 1815 ejus

410 1838 549 1873 mater
579 1837 795 1888 quantum
829 1826 884 1871 ad
919 1836 1092 1884 gentem
1126 1828 1340 1885 pertinet,
1374 1828 1503 1872 etiam
1533 1827 1606 1869 illa
1630 1825 1809 1886 judaica

415 1903 647 1958 Synagoga
666 1897 749 1942 diei
768 1906 925 1957 potest.
954 1897 1168 1943 Revolvat
1196 1899 1271 1955 qui
1304 1896 1492 1940 voluerit
1529 1897 1808 1956 propheticos

411 1971 546 2014 libros
560 2005 570 2025 ,
595 1979 637 2013 et
654 1968 800 2013 videat
822 1968 1013 2028 quoties,
1040 1977 1082 2010 et
1104 1976 1268 2026 quanta
1293 1967 1412 2011 verbi
1433 1969 1658 2012 severitate
1677 1977 1808 2028 atque

412 2041 713 2101 indignatione
738 2039 935 2093 Domini,
967 2037 1041 2082 illa
1064 2054 1167 2097 gens
1190 2038 1309 2082 velut
1332 2038 1552 2098 impudica
1578 2039 1733 2083 mulier
1755 2039 1809 2084 de

413 2113 500 2158 suis
522 2111 884 2157 fornicationibus
902 2118 1123 2168 arguatur.
1156 2108 1282 2153 Unde
1305 2118 1367 2153 est
1385 2111 1514 2154 etiam
1533 2109 1644 2154 illud
1661 2111 1706 2154 in
1727 2111 1810 2154 1106

413 2184 528 2227 libro
558 2181 929 2235 recentissimum,
965 2179 1034 2224 vel
1067 2195 1168 2224 eum
1199 2189 1296 2240 post
1328 2180 1516 2240 Ephud,
1548 2181 1669 2241 quod
1704 2181 1811 2225 fecit

416 2253 613 2309 Gedeon,
635 2253 775 2297 omnis
794 2251 926 2296 Isra'el
943 2250 1103 2310 legitur
1118 2250 1370 2306 fornicatus,
1387 2250 1455 2296 vel
1474 2251 1596 2311 quod
1611 2252 1813 2295 abierunt

418 2334 514 2384 post
532 2325 634 2369 deos
651 2324 862 2382 gentium,
880 2322 1040 2382 quibus
1055 2331 1179 2365 erant
1195 2321 1452 2366 circumdati
1465 2324 1496 2365 ²³.
1515 2321 1640 2366 'Unde
1657 2322 1702 2366 in
1716 2321 1812 2366 illos

417 2396 566 2442 divina
587 2396 649 2439 ira
673 2403 888 2439 commota
906 2402 993 2448 est,
1021 2402 1070 2437 ut
1091 2408 1167 2452 per
1190 2409 1326 2437 annos
1348 2392 1499 2437 decem
1523 2402 1566 2436 et
1587 2402 1685 2437 oeto
1702 2408 1811 2437 con-
1869 2436 1870 2439 ,

422 2476 663 2511 tererentur
686 2483 709 2510 a
740 2465 837 2509 filiis
863 2468 1066 2509 Ammon.
1096 2464 1179 2509 Sed
1207 2463 1424 2524 numquid
1452 2479 1541 2509 non
1572 2480 1621 2508 ex
1661 2463 1811 2508 eadem

469 2559 475 2575 ¹
496 2555 570 2585 Luc.
599 2561 756 2592 x‹1v‚27.
787 2568 818 2572 —
837 2558 848 2572 Ῥ-
865 2549 968 2582 .111111«·.
999 2562 1039 2589 xi,
1062 2560 1091 2581 2.
1113 2566 1152 2571 ——
1171 2548 1332 2591 31‹l.v111,
1353 2554 1510 2591 27,etx,
1531 2549 1563 2582 6.
