1872 3267
378 286 461 325 376
812 295 844 322 s.
881 297 1109 324 AUGUSTINl
1143 296 1323 322 EPISCOPI

376 363 478 406 hinc
501 361 682 405 sciretur
695 396 705 415 ,
731 376 861 420 quam
881 362 1023 406 minus
1037 360 1128 405 aliis
1142 369 1291 420 parcat
1309 395 1319 414 ,
1344 359 1376 403 si
1393 358 1475 403 illis
1486 374 1571 403 non
1586 359 1722 418 parcit
1743 377 1752 403 t

376 448 464 492 quo
487 447 613 474 sensu
635 429 800 474 dictum
817 439 880 474 est
907 451 914 476 :
944 450 963 472 »
988 433 1028 476 Si
1042 432 1182 491 justus
1202 430 1269 473 vix
1283 428 1423 473 Salvus
1437 429 1537 483 crit,
1557 437 1758 488 peccator

364 521 400 553 xn
428 512 470 545 ct
492 502 648 559 impius
671 500 747 544 ubi
764 501 981 560 parebunt
995 503 1038 545 ¹?
1062 520 1081 541 η
1108 504 1176 545 An
1196 500 1339 559 potius
1358 497 1598 542 secundum
1620 497 1728 541 illud
1747 518 1756 542 :

382 592 400 614 «
427 571 509 616 Cui
526 570 624 630 plus
641 570 791 626 datur,
814 570 911 630 plus
934 572 1118 630 exigitur
1140 571 1195 615 al)
1219 571 1324 614 eo²P
1346 587 1365 609 »
1387 579 1430 614 et
1446 567 1557 612 illud
1576 584 1584 609 ε
1616 587 1636 610 «
1663 570 1761 613 Ser-

381 661 400 684 »
422 658 501 686 vus
519 642 594 702 qui
626 657 715 685 non
736 641 941 700 cognovit
967 639 1238 686 voluntatem
1261 639 1427 685 domini
1460 640 1547 694 sui,
1586 648 1630 682 et
1659 637 1763 682 facit
1817 682 1819 692 ,

381 732 401 755 »
428 713 558 772 digna
573 712 726 771 plagis,
751 712 978 772 vapulabit
991 727 1128 772 pauca
1148 729 1157 754 ε
1183 728 1330 756 servus
1344 720 1487 755 autem
1506 711 1582 771 qui
1596 725 1762 769 cogno-

382 802 401 825 »
424 784 486 828 vit
507 783 778 827 voluntatem
800 782 965 827 domini
988 783 1074 838 sui,
1100 792 1143 827 et
1163 781 1267 826 facit
1284 781 1415 840 digna
1436 780 1571 840 plagis
1588 816 1598 835 ,
1614 779 1765 840 valpu-
1818 818 1821 831 ,

383 853 532 897 »labit
563 853 755 899 multass?
793 874 809 894 »
836 863 879 897 et
915 852 1024 897 illud
1051 872 1059 897 ;
1094 872 1114 895 «
1148 852 1316 911 Exiguo
1352 851 1468 895 enim
1500 850 1764 895 concedetur
1819 866 1822 916 Ξ
1862 876 1864 891 1

383 943 403 965 »
430 924 742 979 misericordia,
780 932 978 983 potentes
1014 932 1159 967 autem
1180 922 1425 982 potentiora
1448 930 1662 965 tormenta
1687 936 1765 980 pa·
1820 964 1822 972 ¹
1860 945 1865 960 η,

386 1013 406 1036 »
434 995 637 1038 tientur⁴.
660 1012 679 1035 »
709 993 793 1038 Sed
827 994 902 1037 ubi
935 994 1019 1037 hoc
1056 992 1210 1036 dixerit
1239 991 1470 1045 Dominus,
1514 989 1633 1051 quod
1665 1006 1765 1034 eum
1821 1000 1823 1020 2
1864 1014 1866 1026 κ

382 1066 536 1109 dixisse
558 1069 729 1122 Moyses
747 1064 1101 1109 commemoravit
1114 1099 1129 1119 ,
1153 1064 1198 1107 in
1220 1063 1438 1122 Scriptura
1456 1078 1554 1122 quae
1572 1071 1687 1106 retro
1705 1070 1768 1105 est
1821 1078 1824 1088 ·

386 1151 473 1179 non
506 1135 739 1179 invenitur.
769 1133 870 1179 Tale
895 1150 996 1193 ergo
1029 1144 1092 1178 est
1124 1135 1231 1189 hoc,
1258 1132 1386 1193 quale
1410 1134 1454 1176 in
1477 1131 1652 1186 Exodo,
1690 1132 1769 1175 ubi

386 1205 491 1249 dicit
514 1206 698 1249 Domino
719 1225 726 1249 :
748 1207 849 1248 «Tu
866 1204 1034 1249 dixisti:
1059 1205 1155 1249 Scio
1167 1213 1210 1248 te
1224 1219 1313 1263 prae
1326 1203 1554 1248 omnibus5
1575 1222 1582 1246 :
1603 1221 1622 1243 »
1650 1201 1771 1263 quod
1823 1227 1825 1256 ς

388 1276 606 1321 invenitur
633 1274 812 1335 quidem
846 1275 1057 1318 Dominus
1082 1274 1120 1317 ei
1149 1273 1302 1318 dixisse
1326 1309 1336 1328 ,
1383 1272 1457 1317 scd
1478 1283 1625 1333 postea
1657 1292 1664 1317 :
1696 1271 1771 1317 sed

387 1348 596 1407 quoniam
628 1345 895 1389 mendaciter
924 1361 1150 1405 nunquam
1177 1346 1260 1389 hoc
1289 1348 1460 1402 Moyses
1489 1343 1673 1399 diceret,
1706 1344 1772 1386 in-
1830 1391 1832 1395 Α
1870 1360 1871 1372 ¹

387 1417 597 1476 telligitur
617 1416 663 1461 id
680 1417 718 1460 ei
735 1417 865 1460 etiam
888 1426 987 1460 ante
1020 1416 1194 1471 dixisse,
1229 1416 1424 1476 quamvis
1454 1416 1661 1474 scriptum
1684 1429 1773 1459 non
1825 1411 1826 1419 ¹
1868 1429 1870 1444 >

389 1487 521 1533 fuerit
536 1525 546 1544 ,
571 1488 631 1532 ita
654 1497 697 1532 et
717 1489 815 1532 hoc.
842 1487 967 1531 Unde
990 1496 1170 1546 apparet
1201 1502 1290 1530 non
1313 1486 1455 1530 omnia
1477 1485 1633 1545 scripta
1654 1500 1744 1529 esse
1759 1520 1770 1540 ,
1832 1526 1834 1530 .

390 1576 489 1620 quae
511 1563 625 1603 Deus
646 1558 817 1603 locutus
840 1567 903 1602 est
919 1558 1002 1613 eis,
1022 1572 1100 1616 per
1121 1572 1230 1616 quos
1248 1556 1373 1601 nobis
1389 1565 1533 1601 saneta
1555 1556 1774 1615 Scriptura
1826 1570 1834 1597 :·
1868 1551 1869 1554 ¹

392 1631 483 1690 ejus
505 1630 745 1673 ministrata
765 1638 843 1673 est.

867 1737 1102 1787 QUAESTIO
1135 1738 1290 1775 xxxu.

455 1844 570 1894 Qum
600 1851 663 1885 est
684 1840 801 1901 quod
826 1844 971 1884 Aaron
993 1850 1036 1883 et
1059 1840 1246 1899 reliquos
1268 1838 1377 1883 filios
1406 1840 1495 1898 ejus
1517 1847 1701 1883 mortem
1724 1838 1779 1881 il-
1828 1842 1831 1867 '¹
1871 1848 1872 1852 ’

395 1913 536 1957 lorum
557 1911 746 1956 duorum
776 1911 924 1970 lugere
946 1911 1182 1969 prohibens
1213 1910 1342 1954 dicit:
1372 1930 1391 1951 «
1423 1912 1567 1968 Caput
1589 1919 1778 1953 vestrum
1830 1933 1832 1937 v

402 2006 419 2024 »
445 1983 585 2026 cidara
610 1998 699 2026 non
722 1980 997 2025 denudabitis
1013 1984 1028 2006 ⁶
1047 2016 1056 2034 ,
1088 1999 1108 2021 >›
1144 1981 1221 2023 ubi
1247 1989 1362 2023 certe
1393 1978 1584 2022 ostendit
1617 1977 1780 2022 cidaras
1830 1995 1832 2036 j

402 2054 587 2110 tegmina
611 2053 802 2111 capitum
824 2050 952 2094 fuisse
970 2071 979 2106 3
995 2051 1076 2094 nisi
1096 2050 1196 2110 quia
1218 2049 1290 2093 illa
1316 2048 1533 2094 faciebant
1555 2049 1753 2108 lugentes
1768 2084 1778 2102 ,
1830 2045 1833 2089 ἓ

399 2139 498 2183 quae
521 2120 825 2165 consuetudini
848 2129 1024 2164 ornatus
1047 2129 1186 2164 essent
1207 2120 1418 2164 contraria
1433 2121 1451 2163 P
1466 2120 1576 2164 sicut
1599 2119 1714 2162 enini
1737 2119 1779 2161 in

403 2204 545 2237 nostra
569 2192 900 2245 consuetudine,
927 2192 1026 2251 quia
1046 2201 1178 2250 caput
1199 2201 1397 2250 apertum
1419 2191 1554 2249 magis
1577 2190 1780 2244 habetur,

403 2265 596 2324 operitur
618 2264 663 2307 in
681 2263 805 2307 luctu
832 2282 840 2306 :
882 2263 939 2306 sic
967 2263 1067 2321 quia
1101 2261 1160 2305 illi
1185 2262 1453 2321 operimento
1478 2261 1628 2320 capitis
1656 2277 1784 2305 orna-
1832 2254 1835 2289 ἶ

408 2337 581 2389 bantur,
610 2332 865 2378 nudandum
885 2341 974 2375 erat
999 2332 1266 2390 lugentibus.
1291 2331 1420 2385 Quod
1441 2330 1537 2375 ideo
1563 2331 1781 2390 prohibet,

406 2423 460 2450 nc
482 2406 681 2463 lugerent
703 2420 795 2459 eos,
816 2404 859 2446 in
875 2418 1062 2462 quorum
1081 2418 1208 2462 poena
1229 2403 1517 2446 sanctificatus
1541 2411 1606 2445 est
1634 2401 1784 2445 Domi-

406 2493 503 2531 nus,
528 2477 574 2520 id
596 2485 673 2530 est,
699 2475 1026 2520 commendatus
1048 2484 1113 2518 cst
1140 2474 1270 2518 timor
1301 2474 1405 2533 ejus.
1432 2475 1519 2518 Nec
1562 2473 1659 2516 ideo
1682 2474 1782 2532 quia
1834 2507 1836 2540 2

456 2579 464 2594 ¹
487 2574 642 2611 Pet1·.1v‚
669 2574 720 2602 18.
748 2588 789 2592 —
809 2577 821 2592 ²³
841 2572 916 2601 Luc.
946 2580 1010 2609 xn,
1029 2568 1082 2610 48.
1110 2585 1152 2591 --
1178 2567 1190 2591 3
1218 2568 1298 2599 Ibid.
1328 2571 1381 2613 47.
1403 2587 1444 2592 -
1469 2568 1482 2593 l,
1503 2571 1575 2611 Sap.
1603 2580 1658 2610 vu,
1685 2580 1716 2612 ς..
1744 2585 1784 2591 —-
1834 2547 1837 2586 ⁵,

412 2625 425 2647 ·''¹
446 2627 542 2658 Exod.
569 2634 748 2667 xxx111,12.
773 2642 816 2648 -
839 2622 854 2646 ὓ
880 2625 982 2656 licvit.
999 2635 1032 2666 x,
1047 2624 1079 2655 6.
