1872 3267
334 298 602 337 Quassnonss
635 301 676 326 m
714 299 921 335 EXODUM,
957 300 1039 326 Lus.
1077 301 1123 325 11.
1338 290 1422 327 289

41 363 220 424 quidem
253 364 360 409 dicit
393 367 599 410 Sanctum
622 372 897 419 sanctorum,
934 363 1046 408 sicut
1073 363 1136 407 est
1160 362 1271 408 illud
1302 363 1423 424 quod

41 434 137 479 velo
165 445 411 494 separatur,
436 435 513 479 ubi
541 443 605 479 est
639 449 736 479 arca
757 434 992 478 testimonii
1020 453 1028 478 :
1053 443 1354 479 verumtamen
1382 444 1426 479 et

39 504 124 550 hoc
145 504 280 550 altare
297 516 414 551 extra
432 505 580 551 velum
601 506 809 566 positum,
829 521 906 565 per
922 505 1306 550 sanctificationem
1328 521 1427 566 sep-

43 584 127 620 tem
151 575 321 620 dierum
344 576 450 621 dicit
472 577 638 636 potius,
664 592 796 637 quam
810 591 887 636 per
910 576 1162 621 unctionem
1184 576 1277 620 fieri
1301 592 1427 622 sanc-

45 656 134 691 tum
154 647 305 691 sancti.
330 650 387 691 Et
403 646 542 702 addit,
564 667 583 690 «
601 648 752 692 Omnis
773 648 850 709 qui
872 647 1062 706 tetigerit
1084 646 1240 703 altare,
1265 649 1426 692 sancti-

45 735 66 759 »
91 717 336 762 ficabitur¹.
361 737 381 759 »

514 815 749 865 QUAEs‘rio
782 817 952 857 cxxxl.

103 920 204 963 CUM
227 915 282 961 de
303 915 474 961 annulis
496 915 752 978 loqueretur
773 917 918 962 altaris
938 918 1122 973 incensi,
1147 918 1269 978 quod
1300 917 1434 963 altare

45 1003 134 1032 non
156 987 347 1042 inaerari,
364 986 439 1032 sed
460 987 650 1032 inaurari
663 988 805 1048 jussit,
825 1008 843 1029 «
867 991 924 1033 Et
940 988 1051 1033 duos
1072 988 1257 1034 annulos
1280 1004 1433 1033 aureos

46 1076 68 1099 n
101 1073 230 1118 puros
253 1057 404 1113 facies,
441 1059 609 1119 inquit,
656 1059 737 1103 sul)
776 1058 909 1103 tortili
947 1075 1106 1103 corona
1141 1061 1253 1119 ejus,
1279 1059 1326 1102 in
1344 1059 1434 1103 duo

47 1148 68 1170 »
79 1128 213 1173 latera
222 1127 351 1173 facies
361 1129 405 1173 in
414 1128 588 1174 duobus
596 1128 840 1174 lateribus²z
850 1148 869 1170 >›
885 1130 1089 1190 quoniam
1107 1145 1271 1189 graecus
1282 1129 1431 1185 habet,

45 1207 84 1244 εἰς
103 1206 143 1240 τὰ
163 1204 218 1240 δύο
235 1206 320 1242 κλὶττ,
345 1206 482 1244 πονήσεις
499 1209 527 1240 ἐν
546 1209 608 1244 τοῖς
628 1204 699 1240 δυσὶ
732 1209 882 1252 πλευροῖς.
914 1203 1025 1246 Naln
1052 1208 1138 1244 Ἀλὶτη
1163 1201 1298 1245 latera
1333 1210 1436 1245 sunt

40 1251 88 1318 let
116 1281 236 1327 πλευρά
268 1271 401 1317 latera
440 1282 558 1316 sunt.
596 1272 720 1317 Unde
752 1271 932 1332 quidam
963 1271 1088 1315 latini
1126 1272 1185 1315 sic
1218 1272 1435 1332 interpre-

46 1343 122 1389 tati
138 1353 240 1388 sunt
257 1379 267 1399 ,
304 1363 324 1386 «
347 1347 400 1388 In
429 1342 536 1387 duas
557 1352 699 1402 partes
730 1341 858 1387 facics
887 1344 933 1386 in
958 1342 1133 1387 duobus
1165 1342 1388 1388 lateribus.
1412 1362 1432 1384 »

44 1416 141 1460 Non
181 1423 326 1459 autem
364 1413 424 1458 ait
461 1428 624 1472 graecus
659 1422 753 1466 μέρη,
784 1413 904 1474 quod
937 1423 1001 1457 cst
1027 1423 1192 1473 partes,
1231 1413 1307 1458 sed
1329 1422 1433 1469 aava,

44 1484 164 1546 quod
184 1483 332 1529 latera.
347 1487 457 1529 Nam
470 1485 554 1529 hoc
572 1484 757 1529 verbum
772 1485 889 1528 estin
902 1483 976 1528 illo
995 1484 1183 1539 Psalmo,
1205 1485 1284 1529 ubi
1310 1485 1437 1544 scrip-

45 1563 139 1599 tum
150 1564 214 1599 est
243 1575 251 1600 ;
271 1575 290 1597 «
309 1557 423 1600 Uxor
444 1563 518 1598 tua
539 1554 651 1598 sicut
671 1554 796 1598 vinea
812 1552 963 1598 fertilis
988 1555 1034 1597 in
1054 1554 1264 1598 lateribus
1280 1554 1438 1599 domus

47 1642 68 1667 »
95 1628 226 1670 tuae3.
253 1645 272 1666 »
295 1629 357 1671 Ac
376 1640 454 1685 per
483 1625 567 1669 hoc
591 1634 762 1669 tantum
793 1640 916 1668 casus
948 1624 1152 1680 interest,
1185 1625 1288 1685 quia
1318 1626 1438 1685 prius

45 1696 338 1741 accusativum
353 1730 363 1750 ,
380 1703 478 1754 post
505 1710 608 1738 vero
627 1693 865 1739 ablativum
888 1696 1054 1754 posuit,
1080 1714 1099 1736 «
1125 1698 1177 1739 In
1194 1696 1283 1740 duo
1303 1696 1440 1741 latera

49 1787 68 1810 »
94 1767 240 1822 facies,
260 1767 305 1810 in
320 1766 494 1811 duobus
511 1764 734 1810 lateribus.
756 1785 775 1807 »
795 1767 900 1819 Quis
918 1776 1066 1811 autem
1087 1767 1142 1811 sit
1163 1783 1312 1812 sensus
1326 1769 1441 1812 diffi-

46 1837 127 1883 cile
150 1847 214 1882 est
235 1838 430 1898 assequi,
456 1836 538 1880 nisi
566 1834 678 1882 forte
699 1845 750 1880 ut
770 1836 880 1880 solet
905 1837 1126 1897 Scriptura
1148 1853 1294 1884 amare
1315 1838 1441 1899 ellip-

0 1919 9 1967 ρ
47 1909 149 1965 sim,
169 1918 219 1953 ut
240 1907 405 1969 aliquid
425 1906 535 1951 desit
556 1916 599 1951 et
626 1906 914 1952 subaudiatur
929 1943 939 1963 ,
961 1907 1092 1952 etiam
1109 1908 1182 1953 hic
1203 1909 1439 1955 subaudia-

0 1973 12 2028 ᾗ
49 1989 118 2025 tur
143 1983 323 2025 «Erunt
344 1999 353 2024 ε
377 2000 393 2021 »
419 1988 470 2023 ut
501 1978 556 2023 sit
577 1978 658 2023 iste
678 1994 849 2034 sensus,
879 1999 899 2021 «
928 1982 980 2024 In
1005 1980 1095 2025 duo
1117 1979 1252 2026 latera
1279 1980 1408 2027 facies
1426 2018 1437 2039 ,

2 2048 14 2103 '3-
51 2068 73 2093 »
98 2051 143 2095 in
155 2050 329 2096 duobus
348 2048 557 2094 lateribus
587 2058 743 2094 erunt:
770 2068 790 2090 »
815 2048 862 2093 id
894 2059 959 2094 est
975 2085 986 2105 ,
1012 2050 1068 2095 ad
1095 2051 1185 2096 duo
1207 2050 1346 2097 latera
1369 2052 1437 2098 fa-

4 2126 13 2174 >
49 2121 133 2168 cies
149 2121 355 2176 annulos,
381 2121 589 2182 quoniam
607 2120 654 2164 in
672 2120 845 2166 duobus
866 2119 1075 2166 lateribus
1100 2135 1240 2167 erunt.

521 2231 760 2281 QUAEsrlo
792 2231 981 2272 cxxxn.

114 2355 134 2378 «
150 2337 214 2380 ET
230 2343 360 2379 erunt
375 2350 498 2379 arcus
522 2333 725 2378 amitibus
741 2334 801 2379 ita
822 2343 872 2379 ut
884 2334 1064 2380 tollatur
1080 2334 1193 2381 illud
1216 2337 1262 2381 in
1284 2339 1341 2382 eis
1361 2340 1393 2382 4.
1414 2357 1434 2380 η

53 2407 168 2460 Quos
182 2406 365 2451 annulos
379 2404 547 2449 dixerat
558 2440 569 2461 ,
585 2420 708 2449 arcus
729 2404 853 2450 dicit.
878 2405 1076 2451 Annulos
1090 2408 1252 2468 quippe
1274 2424 1354 2468 pro
1368 2425 1439 2454 ro-

55 2477 199 2522 tundis
215 2477 325 2522 ansis
338 2471 498 2537 posuit.
520 2479 577 2521 Et
589 2475 698 2536 quid
710 2485 775 2520 est
795 2475 916 2521 aliud
940 2476 1129 2522 annulus
1146 2478 1215 2523 vel
1233 2479 1437 2537 circulus,

56 2547 134 2592 nisi
153 2548 349 2609 undique
371 2549 521 2593 arcus?
543 2546 649 2591 Ideo
678 2546 858 2607 quidam
890 2547 1088 2593 nolentes
1111 2565 1235 2594 arcus
1263 2551 1407 2596 dicere
1425 2588 1436 2608 ,

30 2659 33 2723 ἲ
104 2651 111 2668 ¹
132 2644 228 2677 Exod.
247 2655 337 2686 xxix,
355 2644 408 2686 37.
426 2661 467 2666 —
483 2650 496 2667 ²
512 2643 560 2675 ld.
580 2654 657 2685 xxx,
678 2641 708 2675 3.
726 2641 791 2666 —3
811 2643 892 2676 Psal.
912 2654 1033 2687 cxxvn,
1051 2645 1080 2678 3.
1099 2662 1140 2669 —
1158 2644 1174 2676 4
1188 2647 1289 2680 Exod.
1310 2659 1383 2692 xxx,
1404 2649 1436 2692 4.

321 2708 444 2739 cxin.
1204 2702 1253 2740 19
