1872 3267
411 262 494 300 386
832 273 864 299 S.
901 254 1131 302 '‘AUGcsT'iM
1165 269 1346 302 EPlSC'OPI

458 331 542 382 ΠΙ.
580 330 665 388 Sed
688 338 776 398 quo
802 337 1012 398 peccato,
1053 339 1275 400 numquid
1306 339 1524 399 peperisse
1557 346 1787 399 peecatum

401 411 494 470 est?
509 411 578 453 An
598 409 670 453 hic
692 407 937 453 ostenditur
958 410 1031 454 illa
1052 426 1248 470 propago
1270 425 1320 453 ex
1335 410 1490 466 Adam,
1516 409 1634 454 unde
1656 414 1790 470 Apos-

395 478 512 524 tolus
539 478 645 524 dicit
671 499 679 524 :
710 500 730 522 «
755 472 820 524 Ex
846 473 937 525 uno
957 480 1006 524 in
1026 481 1444 526 'condemnationem
1471 497 1478 521 :
1510 490 1553 524 et
1581 481 1683 542 quia
1711 487 1789 540 per

401 569 421 591 »
455 567 596 595 unum
614 551 836 595 hominem
858 546 1088 611 peccatum
1111 552 1287 596 intravit
1308 552 1354 595 in
1374 550 1614 608 mundum,
1646 561 1689 596 et
1710 562 1788 612 per

400 639 420 663 »
456 631 685 681 peccatum
705 638 833 678 mors,
856 623 969 667 etita
991 623 1036 666 in
1056 637 1204 668 omnes
1223 623 1422 667 homines
1443 623 1714 683 pertransiitl
1731 624 1783 667 P»

398 696 455 738 Et
482 694 551 738 hic
581 694 681 738 satis
709 703 891 754 apparet
919 693 1291 754 quemadmodum
1323 693 1491 738 dictum
1512 694 1566 738 sit
1600 713 1609 738 ;
1645 713 1666 736 «
1690 696 1786 753 Ego

398 782 419 805 »
455 765 572 809 enim
598 765 646 809 in
676 765 977 826 iniquitatibus
1010 775 1246 825 conceptus
1280 781 1401 821 sum,
1443 774 1486 809 et
1522 765 1568 809 in
1600 765 1786 825 peccatis

401 853 422 876 »
457 844 595 880 mater
619 851 715 880 mea
745 828 791 880 in
818 846 943 881 utero
970 851 1039 881 me
1071 835 1220 880 aluit2.
1249 855 1269 877 >›
1306 839 1396 881 Cur
1425 851 1528 895 ergo
1557 851 1645 880 non
1674 835 1788 880 illud

397 905 517 966 quod
554 916 707 951 natum
730 915 794 950 est
822 907 998 967 purgari
1020 906 1125 951 dicit
1155 907 1375 967 Scriptura
1398 922 1475 967 per
1510 907 1592 951 hoc
1624 907 1788 951 sacrifi-

396 977 514 1022 cium
527 1012 538 1033 ,
565 977 639 1021 sed
656 977 797 1037 'ipsam
820 994 919 1038 quae
934 978 1128 1038 peperit?
1144 981 1213 1022 An
1231 977 1287 1023 ad
1303 978 1439 1038 ipsam
1457 978 1651 1039 quidem,
1671 976 1788 1022 unde

395 1046 469 1092 illa
487 1047 608 1106 origo
624 1048 901 1104 trahebatur,
918 1048 1051 1092 relata
1067 1049 1270 1108 purgatio
1289 1054 1352 1093 est
1374 1048 1551 1109 propter
1569 1049 1787 1107 sanguinis

397 1118 565 1163 fontem
590 1139 598 1164 :
623 1134 712 1163 non
735 1130 905 1180 poterat
926 1130 1072 1165 tamen
1098 1120 1188 1164 sine
1216 1121 1349 1180 ipsius
1374 1120 1507 1165 foetus
1530 1119 1787 1180 purgatione

396 1191 489 1235 fieri
506 1227 516 1247 ,
539 1191 615 1252 qui
638 1207 688 1235 ex
707 1191 799 1251 ipso
823 1193 1034 1250 sanguine
1053 1202 1226 1237 exortus
1249 1194 1342 1237 est?
1364 1195 1473 1238 Nam
1490 1208 1579 1254 quo
1598 1192 1787 1251 pertinet

397 1261 519 1322 quod
552 1262 748 1322 superius
777 1262 835 1306 ait
861 1283 868 1306 :
909 1282 928 1304 «
963 1265 1101 1322 Super
1134 1264 1223 1306 filio
1252 1273 1328 1306 aut
1360 1279 1488 1323 super
1514 1261 1603 1307 filia
1633 1263 1786 1307 oss'eret
1830 1283 1832 1295 ν

396 1352 417 1375 »
453 1349 615 1392 agnum
631 1333 886 1378 anniculum
903 1333 995 1377 sine
1014 1333 1185 1378 macula
1208 1333 1253 1376 in
1277 1333 1580 1378 holocaustum
1594 1369 1604 1389 ,
1625 1342 1668 1377 et
1685 1332 1785 1393 pul-

399 1421 420 1445 »
454 1403 549 1448 lum
572 1403 874 1448 columbinum
905 1414 981 1448 aut
1014 1413 1232 1448 turturem
1265 1420 1345 1464 pro
1372 1414 1579 1465 peccato,
1613 1404 1648 1449 si
1676 1395 1785 1448 nihil

394 1490 473 1535 per
494 1476 577 1520 hoc
599 1475 858 1520 sacrificium
885 1475 1019 1519 fiebat
1040 1491 1120 1535 pro
1142 1475 1201 1519 eis
1223 1476 1299 1536 qui
1317 1476 1638 1520 nascebantur?

455 1541 530 1591 IV.
550 1546 680 1600 Quod
696 1547 729 1591 si
745 1547 976 1607 quisquam
992 1546 1051 1590 ita
1069 1542 1332 1606 distinguere
1346 1547 1591 1602 conabitur,
1603 1555 1654 1590 ut
1669 1544 1784 1590 dicat

394 1633 485 1662 non
502 1633 591 1662 esse
605 1618 881 1679 jungendum
903 1637 913 1662 ε
943 1636 962 1659 α
989 1619 1127 1677 Super
1148 1616 1236 1662 filio
1261 1626 1338 1661 aut
1358 1625 1487 1677 super
1508 1617 1596 1661 filia
1625 1617 1784 1661 offerre
1824 1623 1827 1631 '

395 1706 416 1729 »
452 1703 613 1746 agnum
650 1687 906 1732 anniculum
951 1687 1040 1731 sine
1075 1688 1248 1732 macula
1284 1688 1330 1732 in
1362 1687 1695 1743 holocaustum,
1740 1696 1784 1731 et
1823 1688 1826 1696 ’

396 1777 416 1799 ))
453 1759 625 1818 pullum
647 1758 948 1804 columbinum
979 1773 1056 1818 pro
1078 1768 1279 1818 peceat03
1308 1775 1328 1798 »
1360 1758 1435 1801 sed
1468 1758 1526 1802 ita
1550 1759 1694 1817 potius
1715 1758 1781 1801 le-

392 1828 583 1887 gendum
601 1850 610 1874 :
639 1849 659 1872 «
682 1833 740 1874 Et
760 1845 860 1874 cum
878 1828 1098 1887 adimpleti
1113 1826 1277 1871 fuerint
1299 1827 1389 1871 dies
1406 1827 1672 1887 purgationis
1690 1829 1780 1888 ejus

394 1918 414 1941 »
450 1917 579 1961 super
600 1901 690 1944 filio
713 1909 789 1944 aut
811 1915 940 1959 super
957 1898 1069 1953 filia,
1098 1917 1117 1940 »
1143 1899 1279 1954 idest,
1307 1898 1398 1943 dies
1410 1900 1680 1960 purgationis
1703 1899 1781 1943 im-

390 1970 496 2031 pleti
515 1969 678 2015 fuerint
694 1986 821 2029 super
834 1970 910 2014 illo
933 1979 1009 2014 aut
1031 1985 1160 2029 super
1182 1969 1277 2025 illa,
1298 1970 1388 2015 filio
1406 1969 1568 2016 scilicet
1584 1970 1653 2016 vel
1666 1969 1776 2028 filia3

390 2051 441 2086 ut
461 2041 618 2086 deinde
640 2041 695 2086 ab
719 2041 802 2086 alio
828 2057 955 2086 sensu
985 2050 1192 2101 sequatur
1210 2060 1218 2086 :
1243 2061 1264 2084 ι(
1282 2041 1449 2086 Offeret
1468 2057 1631 2102 agnum
1653 2042 1778 2086 anni-

393 2131 413 2155 »
450 2113 598 2157 culum
622 2113 712 2157 sine
729 2111 898 2156 macula
919 2112 966 2155 in
984 2111 1318 2169 holocaustum,
1346 2122 1389 2157 et
1410 2112 1581 2173 pullum
1609 2098 1799 2157 colum-x

393 2191 414 2226 ’))
450 2184 604 2228 binum
633 2200 712 2244 pro
742 2193 947 2244 peccato⁷
976 2202 995 2225 ))
1022 2183 1065 2227 id
1099 2193 1186 2240 est,
1220 2200 1300 2243 pro
1331 2194 1510 2244 peccato
1539 2200 1644 2238 suo,
1676 2199 1777 2228 cum

390 2253 596 2316 completi
619 2254 782 2299 fuerint
799 2253 889 2298 dies
906 2253 1176 2313 purgationis
1194 2254 1284 2314 ejus
1301 2270 1430 2314 super
1447 2253 1536 2298 filio
1555 2263 1630 2298 aut
1647 2269 1776 2314 super
1813 2245 1818 2328 f

389 2325 477 2370 filia
495 2345 502 2371 ε
524 2325 717 2387 quisquis
739 2341 841 2385 ergo
864 2324 921 2368 ita
936 2324 1297 2383 distinguendum
1312 2325 1544 2385 putaverit,
1568 2341 1617 2368 ex
1629 2327 1775 2368 Evan-
1812 2349 1819 2404 Ι

389 2393 501 2457 gelio
524 2395 821 2452 convincetur,
853 2395 929 2439 ubi
963 2410 1062 2439 cum
1086 2394 1171 2438 tale
1201 2394 1365 2455 aliquid
1392 2404 1494 2439 nato
1521 2410 1573 2438 ex
1595 2395 1774 2453 Virgine
1811 2406 1817 2448 ι

387 2468 574 2512 Domino
604 2467 816 2521 facerent,
854 2465 989 2524 magis
1020 2473 1198 2524 propter
1227 2464 1589 2509 consuetudinem
1622 2464 1768 2523 Legis,
1810 2450 1817 2511 ¹,
1859 2466 1863 2486 ²

387 2553 521 2598 quam
552 2547 728 2598 propter
760 2536 1058 2581 necessitatem
1088 2534 1269 2596 alicujus
1296 2535 1341 2579 in
1364 2550 1416 2579 eo
1438 2533 1636 2596 expiandi
1665 2549 1771 2594 pur-
1808 2531 1817 2577 ἑ

435 2625 443 2642 ¹
469 2625 561 2657 Rom.
581 2634 613 2666 v,
640 2632 677 2656 12
695 2627 729 2655 et
749 2623 800 2673 ιβ.
821 2639 862 2644 -
885 2628 898 2644 ²
918 2621 996 2653 Psal.
1024 2632 1054 2662 L,
1075 2630 1105 2661 7.
1807 2578 1812 2655 i
