1872 3267
403 216 489 257 346
832 229 866 256 s.
901 226 1131 258 umusnm
1162 227 1344 257 izmscom

400 392 1776 421 mmmmmnmuwummumwmwummmmmwuumwmwumw

892 582 1111 638 LIBER
1156 582 1262 638 III·

865 764 1063 802 Qufflsriouns
1087 773 1118 795 m
1141 772 1318 797 mvlricuu.

944 920 1180 972 QnAEsrlo
1209 923 1243 962 l.

464 1073 484 1096 «
521 1055 564 1098 S1
582 1062 727 1098 autem
743 1053 884 1098 anima
905 1053 1162 1113 peccaverit,
1182 1062 1257 1098 aut
1282 1053 1466 1097 audierit
1487 1067 1640 1098 vocem
1660 1053 1784 1112 jura-

405 1142 426 1166 »
460 1124 604 1179 tionis,
625 1134 667 1168 et
689 1124 778 1183 ipse
800 1124 918 1168 testis
941 1121 1072 1167 fuerit
1095 1133 1170 1167 aut
1191 1123 1364 1179 viderit,
1383 1133 1458 1167 aut
1479 1123 1675 1168 conscius
1693 1120 1785 1166 fue—

405 1212 426 1235 »
462 1195 532 1249 rit,
549 1194 583 1238 si
599 1210 688 1238 non
705 1194 970 1238 nuntiaverit
986 1202 1029 1237 et
1051 1195 1231 1253 accipiet
1246 1196 1498 1254 peccatum1
1519 1213 1528 1239 ε
1556 1212 1576 1235 »
1600 1193 1683 1238 hoc
1697 1202 1782 1237 est:

407 1284 427 1307 «
464 1265 506 1309 Si
528 1280 618 1309 non
640 1265 792 1325 utique
814 1264 1095 1320 nuntiaverit,
1121 1265 1302 1325 accipiet
1324 1266 1582 1325 peccatum?
1607 1283 1627 1306 »
1659 1263 1788 1318 Quod
1840 1307 1841 1310 ,

399 1335 516 1379 enim
526 1335 725 1380 additum
740 1345 819 1390 est,
835 1345 925 1390 «et,
940 1335 1203 1381 »locutionis
1220 1345 1282 1379 est
1294 1335 1463 1379 usitatae
1476 1335 1522 1378 in
1537 1334 1782 1394 Scripturis.

402 1407 564 1449 Verum
586 1405 664 1449 iste
682 1420 831 1449 sensus
849 1405 950 1465 quia
969 1407 1178 1450 obscurus
1195 1414 1279 1460 est,
1297 1404 1580 1465 exponendus
1596 1403 1784 1449 videtur.

402 1477 496 1519 Hoc
517 1475 633 1518 enim
650 1474 824 1519 videtur
843 1475 1002 1531 dicere,
1021 1491 1201 1535 peccare
1221 1475 1459 1530 hominem,
1478 1490 1567 1535 quo
1586 1473 1789 1519 audiente
1835 1490 1837 1519 1

395 1546 515 1606 jurat
536 1545 689 1605 aliquis
712 1543 886 1601 falsum,
911 1554 955 1589 et
977 1545 1056 1590 scit
1077 1561 1179 1589 eum
1210 1544 1371 1589 falsum
1399 1546 1566 1605 jurare,
1594 1554 1637 1588 et
1658 1542 1805 1588 tacet.'
1834 1550 1835 1571 ³

404 1618 525 1659 Tunc
548 1625 691 1659 autem
713 1615 813 1670 scit,
850 1616 884 1659 si
913 1616 950 1659 ei
978 1616 1061 1670 rei⁷
1086 1616 1140 1659 de
1162 1631 1248 1674 qua
1267 1616 1462 1675 juratur,
1488 1614 1607 1658 testis
1630 1613 1786 1670 fuerit,
1833 1615 1835 1626 ¹

403 1696 479 1731 aut
493 1685 618 1742 vidit,
643 1696 717 1731 aut
739 1687 933 1732 conscius
954 1687 1055 1742 fuit,
1073 1686 1119 1730 id
1142 1696 1220 1742 est,
1241 1685 1389 1747 aliquo
1413 1685 1545 1730 modo
1565 1686 1786 1744 cognovit,

404 1766 479 1801 aut
500 1756 636 1802 oculis
659 1758 745 1801 suis
766 1757 1003 1816 conspexit,
1029 1765 1105 1801 aut
1133 1757 1222 1816 ipse
1244 1756 1320 1816 qui
1336 1757 1455 1816 jurat
1475 1755 1538 1799 illi
1555 1755 1786 1802 indicavit:

402 1827 462 1872 ita
494 1827 610 1870 enim
638 1828 783 1886 potuit
813 1842 902 1870 esse
933 1827 1144 1871 conscius.
1180 1826 1264 1871 Sed
1292 1827 1406 1869 inter
1432 1827 1631 1870 timorem
1661 1825 1789 1885 hujus

402 1896 585 1956 peccati,
600 1906 643 1940 et
654 1897 853 1940 timorem
868 1895 1125 1956 proditionis
1136 1895 1383 1950 hominum,
1399 1910 1489 1940 non
1503 1910 1635 1954 parva
1648 1895 1790 1939 existit

403 1966 662 2028 plerumque
687 1967 888 2012 tentatio.
922 1971 1155 2012 Possumus
1177 1967 1293 2010 enim
1322 1976 1522 2026 paratum
1555 1965 1611 2011 ad
1639 1968 1788 2027 perju-

404 2039 517 2082 rium
541 2037 818 2083 admonendo
843 2039 912 2083 vel
933 2036 1208 2098 prohibendo
1233 2054 1256 2082 a
1278 2047 1367 2082 tam
1391 2039 1509 2096 gravi
1525 2047 1705 2098 peccato
1719 2053 1789 2082 re-

402 2124 582 2153 vocare:
608 2108 683 2153 sed
713 2109 747 2153 si
768 2124 856 2153 non
879 2108 1084 2164 audierit,
1103 2118 1146 2152 et
1167 2124 1314 2153 coram
1341 2108 1467 2153 nobis
1490 2107 1545 2152 de
1566 2124 1629 2164 re,
1655 2123 1789 2169 quam

405 2179 627 2234 novimus,
647 2178 805 2223 falsum
821 2180 1051 2239 juraverit,
1077 2189 1227 2224 utrum
1248 2178 1500 2239 prodendus
1530 2180 1609 2234 sit,
1630 2181 1663 2224 si
1685 2195 1789 2239 pro-

405 2248 522 2293 ditus
558 2249 687 2293 etiam
721 2249 766 2292 iu
801 2241 1043 2309 periculum
1088 2250 1237 2294 mortis
1273 2250 1491 2305 incurrat,
1532 2248 1789 2294 difficillima

405 2319 586 2379 quaestio
608 2328 686 2363 est.
720 2319 803 2364 Sed
833 2319 934 2380 quia
966 2335 1056 2364 non
1083 2321 1287 2379 expressit
1307 2320 1377 2364 cui
1400 2321 1484 2365 hoc
1507 2319 1789 2364 indicandum

405 2398 483 2443 est,
509 2398 657 2433 utrum
691 2388 752 2432 illi
773 2389 843 2433 cui
859 2390 1052 2449 juratur,
1074 2405 1129 2433 an
1150 2390 1382 2445 sacerdoti,
1408 2389 1476 2434 vel
1500 2390 1687 2449 cuipiam
1710 2388 1786 2450 qui

404 2474 493 2503 non
520 2459 660 2503 solum
691 2474 791 2502 eum
821 2460 1019 2519 persequi
1052 2475 1142 2504 non
1173 2469 1315 2519 potest
1352 2458 1586 2519 irrogando
1615 2459 1783 2519 suppli-

457 2570 464 2585 *
488 2565 564 2594 ch.
587 2574 620 2603 v,
644 2574 672 2596 Ι.
