1872 3267
347 222 616 261 QUAESTIONES
647 225 692 252 m
725 221 936 263 GENESIM,
972 225 1054 252 LlB.
1091 226 1120 252 1.
1348 213 1430 253 139

6 346 7 350 Ἰ
44 291 180 347 solet,
210 289 435 353 quomodo
466 288 614 334 adhue
641 290 687 333 in
716 287 790 332 illa
822 298 949 333 aetate
976 304 1056 350 pro
1090 291 1204 334 Sarae
1236 289 1432 349 pulchri-

45 362 197 410 tudine
220 362 440 407 Abraham
472 359 705 421 periclitari
732 360 971 405 metuebat.
1008 358 1092 405 Sed
1114 360 1249 419 magis
1279 359 1432 405 formae

0 487 2 494 .
43 433 158 480 illius
190 433 253 478 vis
288 431 484 477 miranda
515 440 600 487 est,
637 447 737 492 quae
765 431 910 476 adhuc
932 431 1066 476 amari
1087 439 1271 492 poterat,
1296 447 1429 493 quam

0 503 6 567 ἶλ
43 506 227 568 quaestio
248 504 437 550 difficilis
456 502 668 564 putanda.

535 623 772 675 QUAESTIO
804 625 939 667 xmx.

44 747 47 750 '
101 742 227 795 Quoi)
245 739 304 784 ait
320 741 436 784 Deus
457 739 514 783 ad
538 737 819 795 Abimelech,
839 746 1018 799 propter
1040 739 1204 794 Saram,
1235 757 1255 780 «
1278 739 1335 783 Et
1351 753 1431 800 pe-

46 831 67 856 »
100 813 217 873 perci
242 811 320 856 tibi
347 820 397 855 ut
418 827 507 856 non
531 826 731 871 peccares
754 810 800 854 in
822 826 892 854 me
912 812 925 836 ¹
941 846 952 866 ,
979 829 998 852 »
1028 809 1207 871 quando
1229 825 1330 854 eum
1353 810 1432 856 ad-

0 901 2 926 ;
42 883 212 928 monuit
245 897 423 927 uxorem
460 882 648 927 Abrahae
679 896 795 937 esse,
831 897 965 942 quam
994 881 1178 941 putabat
1200 897 1392 926 sororem
1418 902 1426 926 :

42 953 358 1000 advertendum
386 962 509 998 estet
530 952 774 997 notandum
805 953 851 997 in
880 956 1019 997 Deum
1041 953 1228 1012 peccari,
1254 953 1432 1014 quando

41 1025 142 1071 talia
155 1025 505 1082 committuntur,
522 1041 621 1086 quae
639 1033 797 1085 putant
817 1024 1015 1068 homines
1038 1023 1191 1068 leviter
1207 1023 1427 1079 habenda,

41 1106 249 1158 tanquam
283 1097 329 1141 in
357 1112 485 1141 carne
506 1105 698 1156 peccata.
734 1093 865 1149 Quod
886 1103 1033 1139 autem
1055 1092 1164 1138 dixit
1186 1095 1241 1150 ei,
1272 1115 1292 1138 «
1316 1098 1431 1140 Ecce

40 1177 90 1213 tu
110 1168 303 1212 morieris
330 1187 338 1212 :
368 1187 387 1209 »
414 1168 544 1211 etiam
568 1167 651 1211 hoc
682 1165 926 1210 notandum
949 1174 1036 1221 est,
1063 1165 1286 1226 quomodo
1315 1166 1432 1212 dicat

40 1242 153 1284 Deus
185 1248 394 1299 tanquam
416 1237 656 1298 praedicens
679 1237 769 1282 sine
792 1237 929 1282 dubio
957 1237 1181 1293 futurum,
1207 1237 1329 1300 quod
1351 1237 1430 1282 ad-

40 1307 259 1356 monendo
280 1308 401 1365 dicit,
426 1316 476 1353 ut
500 1324 525 1353 a
551 1317 730 1369 peccato
754 1307 1014 1353 abstinendo
1037 1317 1256 1353 caveatur.

580 1427 816 1477 QUAESTio
847 1429 893 1466 L.

8 1477 12 1576 l
98 1546 271 1588 MmuTo
294 1542 506 1603 quaeritur
521 1577 532 1598 ,
564 1558 642 1587 cur
661 1542 882 1587 Abraham
915 1558 995 1587 nec
1018 1541 1088 1587 die
1107 1559 1196 1603 quo
1217 1552 1346 1588 natus
1365 1553 1429 1589 est

39 1615 78 1659 ei
99 1613 212 1658 filius
227 1649 238 1669 ‚
263 1630 344 1658 nec
366 1613 436 1657 die
454 1629 543 1674 quo
562 1614 841 1658 circumcisus
864 1623 927 1658 est
941 1649 951 1669 ,
976 1614 1053 1658 sed
1073 1613 1143 1658 die
1165 1630 1254 1674 quo
1277 1614 1428 1660 ablac-

38 1694 151 1730 tatus
171 1694 249 1740 est‚
275 1683 456 1744 epulum
477 1683 668 1728 fecerit2.
695 1683 825 1738 Quod
847 1684 928 1728 nisi
960 1683 1014 1727 ad
1037 1683 1228 1745 aliquam
1254 1685 1429 1745 spirita-

39 1836 102 1872 est
116 1863 127 1883 ,
153 1838 258 1872 tunc
284 1826 447 1872 scilieet
470 1841 559 1871 esse
581 1826 742 1871 debere
771 1842 982 1886 magnum
999 1827 1209 1884 gaudium
1226 1828 1428 1887 spiritalis

7 1849 12 1937 l
39 1898 190 1954 aetatis,
207 1897 385 1959 quando
405 1896 537 1941 fuerit
558 1895 697 1943 factus
719 1898 851 1942 homo
873 1913 1012 1942 novus
1034 1898 1252 1957 spiritalis,
1277 1899 1322 1943 id
1345 1909 1424 1956 est,

40 1984 128 2014 non
155 1967 250 2013 talis
282 1967 483 2029 qualibus
516 1966 622 2012 dicit
648 1967 916 2028 Apostolus:
945 1988 966 2011 «
1001 1972 1087 2013 Lac
1124 1969 1246 2014 vobis
1271 1979 1427 2030 potum

43 2057 64 2082 »
97 2038 222 2095 dedi,
257 2055 347 2084 non
380 2055 548 2095 escam,
583 2040 783 2085 nondum
816 2040 934 2084 enim
965 2041 1197 2101 poteratis,
1239 2041 1316 2086 sed
1346 2057 1427 2087 nec

44 2128 64 2151 »
97 2110 239 2156 adhuc
255 2111 450 2171 potestiS‚
477 2109 622 2156 adhuc
646 2112 763 2156 enim
785 2112 885 2156 estis
904 2111 1141 2157 carnales?
1171 2131 1192 2154 »

8 2187 13 2390 Ι
567 2221 806 2271 QUAEsTio
838 2222 901 2261 LI.

105 2336 366 2390 QUAERITUR,
404 2336 506 2380 Sara
534 2335 732 2390 dicente,
771 2354 791 2377 «
829 2335 947 2396 Ejice
976 2335 1179 2380 ancillam
1208 2345 1252 2380 et
1287 2337 1427 2382 filium

45 2421 65 2444 ³>
97 2405 186 2464 ejus
201 2441 212 2460 ,
237 2421 326 2450 non
355 2406 471 2450 enim
502 2406 584 2450 erit
604 2406 742 2450 haeres
774 2405 889 2451 filius
911 2405 1080 2451 ancillae
1103 2423 1204 2452 cum
1221 2406 1311 2451 filio
1330 2424 1427 2452 meo

44 2491 64 2515 n
98 2478 213 2520 Isaac
226 2478 258 2531 ⁴,
277 2494 297 2518 »
321 2492 455 2536 quare
476 2477 754 2521 contristatus
771 2477 826 2521 sit
839 2477 1077 2534 Abraham,
1099 2494 1201 2523 cum
1222 2479 1301 2523 ista
1324 2479 1424 2523 fue-

10 2545 12 2624 !
89 2579 96 2595 ¹
123 2576 200 2605 (jen.
222 2585 277 2614 xx,
293 2573 325 2605 6.
353 2592 394 2596 —
421 2575 586 2615 ²Id.xx1,
602 2577 634 2607 8.
654 2592 694 2598 ·—-
711 2574 724 2594 Ἴ·
746 2587 756 2605 1
775 2577 846 2609 Cor.
867 2586 915 2617 in,
936 2585 966 2608 τ).
997 2593 1030 2599 —
1053 2575 1067 2605 4
1094 2578 1171 2609 Gen.
1192 2588 1266 2614 xxi,
1290 2589 1342 2610 ιο.

38 1755 124 1801 lem
162 1755 521 1813 significationem
555 1753 790 1810 referatur,
832 1753 954 1798 nulla
985 1755 1144 1799 solutio
1176 1756 1429 1816 quaestionis
1498 1797 1506 1804 .
