1872 3267
409 171 492 209 562
838 182 871 207 s.
907 180 1137 209 Aucus-mm
1172 182 1351 209 EPISCOPI

404 245 648 304 significant
661 252 704 287 et
714 244 929 303 prioribus
942 245 1169 290 confractis
1183 245 1345 290 tabulae
1357 255 1575 291 renovatae
1590 248 1620 289 ².
1636 245 1787 291 Multis

404 315 521 360 enim
543 314 681 360 modis
704 314 1058 374 significandum,
1094 316 1214 378 quod
1237 333 1326 361 uno
1348 315 1480 361 modo
1512 315 1786 376 implendum

403 385 501 432 suit.
529 389 730 432 Jamvero
758 386 879 446 quod
900 387 983 432 sub
1002 389 1247 433 terebintho
1265 398 1452 433 statutus
1469 397 1532 433 est
1548 387 1656 448 lapis
1670 423 1680 443 ,
1701 388 1786 433 hoc

404 457 617 517 significat
630 492 640 512 ,
666 456 786 518 quod
804 458 923 517 virga
945 458 999 502 ad
1019 469 1183 519 petram
1205 469 1255 504 ut
1271 475 1383 520 aqua
1400 459 1663 520 proflueret,
1683 459 1787 520 quia

405 543 549 588 neque
565 527 636 572 hic
659 527 750 572 sine
762 526 879 586 ligno
901 537 1086 573 statutus
1108 539 1171 574 est
1186 529 1307 590 lapis.
1327 529 1432 574 Ideo
1454 539 1599 574 autem
1612 530 1783 584 subter,

403 599 507 659 quia
528 614 617 643 non
638 597 787 643 fuisset
808 599 853 643 in
885 615 1013 643 cruce
1042 599 1271 655 exaltatus,
1301 600 1382 644 nisi
1408 600 1653 644 humilitate
1679 599 1788 643 sub-

398 671 538 730 jectus
555 692 565 728 3
589 670 659 715 vel
680 669 799 730 quod
812 669 886 714 illo
902 679 1096 731 tempore
1113 707 1123 727 ,
1139 688 1227 732 quo
1246 671 1292 715 id
1306 670 1491 716 faciebat
1513 674 1635 715 Jesus
1649 674 1782 726 Nave,

403 740 546 784 adhuc
581 740 936 784 obumbrandum
957 742 1214 799 mysterium
1254 740 1351 785 suit.
1381 741 1633 785 Terebinthi
1655 741 1785 785 etiam

401 809 570 868 lignum
584 811 885 856 medicinalem
902 811 1138 869 lacrymam
1160 812 1352 867 exsudat,
1373 828 1472 873 quae
1487 812 1616 856 arbor
1637 828 1660 856 a
1680 814 1787 871 Sep-

403 883 600 941 tuaginta
621 882 930 942 interpretibus
950 882 1146 927 hocloco
1163 884 1301 942 posita
1320 891 1399 938 est,
1417 883 1614 943 quamvis
1631 897 1786 927 secun-

400 951 506 996 dum
529 952 634 997 alios
656 953 911 1013 interpretes
934 969 1119 1014 quercus
1140 953 1327 1013 legatur.

461 1026 518 1066 ΙΙ.
546 1024 708 1068 Mirum
730 1034 794 1068 est
817 1039 918 1068 sane
940 1024 1060 1084 quod
1077 1023 1228 1068 saltem
1245 1024 1291 1067 in
1314 1023 1553 1067 novissimis
1578 1023 1665 1067 suis
1687 1038 1786 1068 ver-

400 1095 482 1150 bis,
508 1096 667 1155 quibus
689 1096 903 1156 populum
924 1095 1139 1140 allocutus
1170 1104 1233 1140 est
1255 1098 1378 1138 Jesus
1400 1095 1532 1138 homo
1555 1094 1653 1149 Dei,
1675 1093 1784 1138 nihil

402 1181 474 1209 eos
506 1167 772 1225 objurgavit,
809 1182 860 1209 ex
893 1182 943 1210 eo
976 1166 1096 1227 quod
1133 1167 1197 1209 his
1230 1165 1432 1224 gentibus
1468 1174 1780 1224 pepercerunt,

400 1251 507 1296 quas
534 1236 743 1280 Dominus
764 1252 903 1296 usque
935 1236 990 1280 ad
1012 1237 1352 1281 internecionem
1380 1251 1481 1280 cum
1510 1236 1784 1279 anathemate
1808 1276 1812 1286 ,

400 1305 641 1366 perdendas
659 1322 747 1350 esse
770 1308 989 1367 praecepit.
1016 1308 1083 1352 Sic
1104 1308 1219 1350 enim
1242 1307 1450 1366 scriptum
1470 1316 1560 1351 est:
1586 1326 1606 1348 «
1627 1309 1683 1350 Et
1699 1304 1785 1350 fac·
1835 1354 1838 1362 Α

404 1394 425 1418 »
460 1386 555 1421 tum
579 1386 663 1432 est,
689 1386 920 1437 postquam
941 1376 1222 1422 invaluerunt
1243 1376 1320 1419 filii
1344 1376 1495 1431 Israel,
1521 1385 1564 1420 et
1586 1375 1785 1420 fecerunt
1834 1379 1839 1406 ἶ’

402 1467 424 1490 »
459 1450 728 1494 Chananaeos
766 1448 1076 1504 obaudientes,
1113 1449 1365 1492 exterminio
1406 1457 1553 1492 autem
1587 1463 1659 1492 eos
1694 1463 1784 1492 non

404 1538 424 1561 »
460 1521 897 1565 exterminaverunt2.
924 1522 1070 1565 »Nam
1104 1520 1243 1578 primo
1282 1518 1328 1562 id
1354 1533 1425 1563 eos
1452 1534 1542 1562 non
1567 1519 1779 1577 potuisse,

404 1590 625 1650 Scriptura
666 1600 819 1634 testata
849 1599 911 1634 est
936 1610 944 1634 ε
972 1590 1047 1634 sed
1079 1606 1198 1634 nunc
1229 1598 1511 1649 posteaquam
1541 1588 1784 1648 praevalue-

400 1672 520 1717 runt,
538 1663 598 1706 ita
623 1671 670 1706 ut
692 1662 883 1706 facerent
901 1661 1210 1716 obaudientes,
1236 1660 1357 1720 quod
1385 1676 1474 1704 non
1493 1660 1623 1703 etiam
1640 1668 1782 1703 exter-

400 1734 697 1789 minaverunt,
732 1734 887 1794 utique
923 1742 1073 1777 contra
1106 1741 1372 1792 praeceptum
1408 1731 1582 1775 Domini
1613 1731 1781 1775 factum

400 1814 463 1849 est
481 1826 491 1862 3
516 1804 636 1865 quod
657 1820 747 1849 non
764 1814 828 1848 est
848 1804 1052 1864 cuiquam
1072 1802 1253 1856 factum,
1274 1817 1374 1845 cum
1398 1804 1521 1845 Jesus
1544 1802 1782 1845 exercitum
1841 1819 1843 1834 τ

399 1875 591 1920 duceret.
617 1877 707 1920 Cur
729 1890 831 1933 ergo
850 1890 940 1918 non
969 1889 1040 1917 eos
1062 1872 1307 1933 objurgavit
1338 1871 1603 1916 allocutione
1636 1873 1782 1917 novis-

398 1950 523 2001 sima,
549 1945 667 2006 quod
704 1946 750 1989 in
782 1946 866 1989 hoc
908 1945 1078 1989 Domini
1116 1952 1333 2003 proecepta
1370 1942 1685 2001 neglexerunt?
1712 1946 1781 1987 An
1838 1963 1841 2004 3

396 2017 508 2062 sorte
529 2018 631 2078 quia
654 2017 773 2076 prius
795 2017 902 2060 dixit
927 2032 998 2060 eos
1028 2015 1251 2075 Scriptura
1278 2030 1369 2058 non
1390 2014 1601 2074 potuisse,
1627 2015 1780 2075 utique

395 2099 630 2150 antequam
649 2088 947 2148 praevalerent,
963 2087 1093 2131 etiam
1112 2102 1212 2131 cum
1235 2084 1562 2146 praevaluissent
1584 2086 1779 2130 timuisse

393 2159 599 2204 credendi
616 2167 731 2214 sunt,
745 2173 800 2201 ne
820 2157 930 2202 forte
950 2157 1107 2216 paratis
1125 2155 1349 2210 obaudire,
1371 2155 1404 2199 si
1418 2171 1592 2215 parcere
1609 2155 1778 2200 noluis-

393 2239 509 2285 sent,
528 2230 667 2274 acrius
683 2245 754 2274 eos
777 2227 1004 2272 adversum
1027 2243 1070 2272 se
1087 2243 1137 2271 ex
1153 2227 1243 2287 ipsa
1260 2225 1557 2285 desperatione
1578 2242 1774 2286 pugnare

391 2299 717 2360 compellerent,
734 2308 776 2343 et
796 2314 866 2342 eos
885 2313 1088 2357 superare
1110 2312 1199 2341 non
1216 2305 1390 2355 possent
1407 2298 1425 2339 Ξ)
1448 2298 1578 2341 Hunc
1601 2312 1704 2355 ergo
1723 2296 1771 2340 ei

391 2369 635 2415 humanum
652 2370 851 2414 timorem
869 2368 1079 2413 Dominus
1096 2366 1237 2411 noluit
1256 2366 1484 2425 imputare,
1503 2367 1579 2410 etsi
1592 2375 1770 2426 apparet

390 2440 435 2485 in
457 2457 507 2486 eo
530 2440 731 2502 quaedam
755 2438 1026 2484 subdefectio
1048 2436 1164 2493 fidei,
1185 2443 1284 2498 quae'
1303 2436 1337 2480 si
1358 2435 1481 2481 fortis
1501 2436 1546 2480 in
1567 2437 1626 2481 eis
1643 2445 1769 2492 esset,
1832 2459 1835 2464 ·

441 2533 448 2547 ¹
474 2525 570 2557 Exod.
593 2535 703 2565 xxxiv,
722 2536 748 2555 1.
771 2540 811 2545 -—
833 2530 845 2545 ²
862 2523 958 2555 Josuiss
977 2534 1053 2561 xvii,
1079 2523 1128 2553 13.

1848 959 1871 1004 cli

1833 3046 1856 3267 k-ffl.
1834 3060 1837 3082 ‘
1834 3020 1852 3042 Γ
1834 2763 1851 3001 Α--ᾈᾼ-Τζ“ᾈ
1834 2719 1835 2729 ⁴
