1872 3267
391 212 474 252 5140
818 227 849 254 5.
888 229 1118 257 Arous-nm
1149 229 1329 256 museopi

918 332 1152 381 QUAESTIO
1186 335 1250 372 ix.

447 433 481 473 Ι.
508 432 680 475 Mamm
702 431 934 492 quaeritur,
959 448 1059 477 cum
1089 433 1299 478 Dominus
1321 442 1498 493 propter
1517 433 1664 489 illum,
1689 435 1765 494 qui

389 500 443 544 de
465 501 739 546 anathemate
762 501 927 547 furtum
947 501 1127 559 fecerat,
1153 505 1406 565 praeceperit
1427 520 1544 560 eum,
1568 505 1644 565 qui
1665 503 1767 549 fuis-

388 579 452 614 set
473 581 689 628 ostensus,
709 573 798 631 igni
821 574 1021 629 cremari,
1039 590 1117 618 cur
1135 590 1235 618 eum
1258 585 1479 619 ostensum
1505 578 1628 619 Jesus
1656 575 1766 634 lapi-

388 640 481 684 dari
503 642 647 700 potius
669 659 691 686 a
714 643 879 702 populo
903 643 1093 688 fecerit&
1113 647 1182 689 An
1206 646 1264 689 ita
1290 660 1391 689 eum
1418 645 1527 689 mori
1553 646 1762 705 oportuit,

387 712 759 771 quemadmodum
781 716 919 768 Jesus,
937 714 1014 774 qui
1032 715 1209 774 propius
1226 716 1461 760 Dominum
1483 715 1762 775 sequebatur,

389 782 559 825 Domini
586 783 718 827 verba
734 783 927 843 jubentis
954 783 1193 842 intelligere
1214 786 1389 845 potuit?
1417 786 1483 830 Sic
1513 785 1630 829 enim
1657 785 1765 830 alius

387 852 616 912 quisquam
638 869 727 897 non
746 852 872 898 facile
893 855 1050 914 potuit.
1074 855 1197 899 Unde
1222 857 1356 915 magis
1382 855 1667 916 quaerendum
1684 865 1762 911 est,

386 938 463 966 cur
494 921 806 982 lapidationem
848 925 994 984 ignem
1041 924 1323 986 appellaverit
1365 926 1597 980 Dominus,
1634 942 1765 986 quam

386 992 653 1038 credendum
675 997 823 1039 Jesum
848 995 967 1040 aliud
989 995 1137 1041 fecisse
1167 1013 1298 1057 quam
1325 998 1508 1057 jusserat
1537 997 1762 1041 Dominus.

385 1066 492 1108 Nam
526 1080 668 1124 neque
702 1065 757 1109 ad
788 1065 1125 1125 intelligendum
1164 1067 1297 1110 verba
1327 1067 1500 1111 Domini
1535 1067 1765 1127 quisquam

385 1135 528 1192 potuit
569 1150 659 1179 esse
692 1137 946 1195 sapientior,
980 1152 1122 1196 neque
1153 1136 1208 1180 ad
1250 1136 1495 1181 faciendum
1535 1137 1764 1197 quisquam

385 1203 672 1248 obedientior.
700 1205 886 1249 Proinde
907 1207 1013 1264 ignis
1038 1207 1212 1251 nomine
1232 1222 1407 1266 poenam
1426 1206 1616 1266 potuisse
1633 1207 1765 1264 signi-

385 1273 525 1328 ficari,
549 1275 770 1334 Scriptura
798 1276 915 1320 testis
947 1285 1011 1320 est
1040 1277 1086 1320 in
1118 1277 1477 1330 Deuteronomio,
1506 1277 1765 1320 ubidicitur

385 1342 441 1388 ad
468 1343 578 1388 filios
610 1345 777 1390 Israel:
813 1365 832 1388 «
868 1349 925 1390 Et
958 1347 1109 1390 eduxit
1139 1362 1215 1391 vos
1249 1346 1303 1390 de
1337 1346 1512 1391 fornace
1543 1346 1679 1391 ferrea
1714 1362 1763 1391 ex

387 1432 407 1454 »
442 1416 674 1474 AEgypt02.
704 1434 723 1457 »
751 1416 836 1460 Ubi
863 1416 1017 1477 utique
1045 1417 1201 1460 duram
1231 1416 1557 1462 tribulationem
1582 1416 1764 1476 intelligi

383 1484 536 1529 voluit.

442 1559 498 1600 II.
525 1560 632 1601 Duae
662 1566 807 1601 autem
829 1558 936 1602 mihi
962 1574 1101 1603 causae
1129 1568 1387 1615 occurrunt,
1411 1562 1530 1618 (non
1552 1569 1601 1604 ut
1624 1560 1764 1604 ambae

382 1626 482 1681 sint,
508 1627 583 1670 sed
606 1636 655 1671 ut
678 1627 811 1671 altera
833 1643 883 1671 ex
905 1629 1018 1686 eis,)
1040 1644 1117 1673 cur
1133 1645 1222 1673 non
1240 1628 1312 1673 ille
1329 1645 1430 1673 cum
1451 1630 1536 1673 suis
1559 1629 1761 1674 omnibus

382 1695 572 1740 evidenti
594 1698 693 1755 igne
715 1707 927 1742 crematus
945 1698 1012 1742 sit.
1041 1699 1083 1743 Si
1105 1699 1218 1743 enim
1245 1708 1473 1758 peccatum
1495 1700 1584 1759 ejus
1611 1699 1761 1743 Domi-

382 1781 464 1809 nus
487 1765 571 1810 tale
598 1782 687 1811 esse
704 1767 938 1827 judicavit,
960 1768 1080 1828 quod
1101 1768 1314 1828 supplicio
1335 1767 1410 1813 illo
1433 1769 1650 1828 expiatum
1672 1784 1761 1813 non

380 1836 558 1894 puniret
587 1836 629 1880 in
653 1846 887 1893 aeternum,
913 1847 1090 1896 propter
1118 1838 1254 1897 ipsam
1277 1838 1562 1898 expiationem
1589 1848 1632 1882 et
1653 1855 1759 1898 pur-

381 1905 596 1962 gationem
630 1916 922 1965 congruenter
958 1906 1031 1951 illa
1062 1923 1191 1967 poena
1224 1908 1351 1966 signis
1385 1924 1545 1952 nomen
1576 1909 1755 1968 accepit.
1785 1913 1797 1917 “

379 1977 530 2035 Neque
552 1975 608 2019 ad
628 1977 746 2019 hunc
763 1975 1029 2020 intellectum
1052 1978 1281 2037 quisquam
1306 1977 1481 2022 tendere
1504 1978 1759 2022 admonere-

381 2054 472 2099 tur,
503 2045 536 2088 si
574 2061 673 2088 eum
706 2046 879 2104 proprie
911 2045 1087 2090 visibilis
1127 2047 1235 2104 ignis
1268 2057 1490 2104 exurerct3
1521 2047 1596 2091 sed
1629 2049 1673 2091 in
1708 2064 1758 2092 eo

380 2115 564 2175 quisque
587 2125 849 2169 remaneret,
876 2115 996 2175 quod
1030 2126 1176 2175 aperte
1202 2117 1379 2161 videbat
1400 2118 1651 2176 impletum,
1677 2134 1756 2163 nec

380 2184 544 2245 aliquid
563 2185 675 2229 ultra
696 2195 910 2245 quaereret
931 2206 938 2229 :
967 2202 1082 2230 nunc
1100 2203 1200 2231 vero
1218 2203 1317 2231 cum
1336 2197 1511 2247 propter
1531 2189 1607 2232 Dei
1624 2189 1755 2233 verba

379 2264 421 2298 et
443 2255 607 2299 factum
635 2259 759 2311 Jesu,
787 2272 809 2299 a
842 2272 929 2315 quo
958 2257 1229 2315 praevaricari
1262 2257 1334 2301 illa
1368 2258 1499 2302 verba
1536 2274 1624 2302 non
1656 2274 1756 2317 pos-

378 2335 494 2380 sent,
521 2327 752 2370 rectissime
774 2326 931 2370 dicitur
951 2327 1080 2370 etiam
1101 2327 1409 2387 lapidationem
1432 2325 1577 2387 ignem
1600 2327 1751 2388 fuissc3

378 2396 597 2454 eleganter
614 2397 856 2454 agnoscitur
878 2396 948 2441 illa
973 2414 1101 2456 poena
1123 2399 1364 2450 hominem,
1392 2415 1445 2442 ne
1466 2400 1509 2442 in
1532 2409 1753 2458 posterum

377 2476 554 2524 peccato
575 2465 650 2510 illo
686 2467 900 2521 interiret,
928 2466 1055 2511 fuisse
1086 2477 1334 2526 purgatum.
1359 2469 1487 2521 Quod
1509 2469 1748 2526 significant

426 2567 433 2582 ¹
451 2562 544 2592 Josutss
559 2572 617 2600 vn,
645 2561 682 2593 15
703 2566 735 2592 et
748 2561 800 2593 25.
822 2579 863 2583 —
887 2569 898 2584 ἒ
920 2566 1009 2593 Dent.
1028 2573 1068 2603 w,
1092 2572 1145 2595 20.
