1872 3267
379 196 461 237 452
811 208 843 233 s.
880 205 1108 234 mausum
1142 206 1320 233 EPlseom

378 270 666 319 hernac-ulum
693 269 953 316 fabricatum
976 271 1305 331 perfectumque
1329 269 1580 315 consisteret
1610 284 1619 309 ε
1643 268 1762 312 stetit

374 354 521 390 autem
534 343 673 404 primo
690 357 837 386 mense
853 342 1031 386 secundi
1045 343 1161 397 anni,
1185 358 1235 386 ex
1251 357 1340 402 quo
1353 341 1407 385 de
1420 344 1612 400 AEgypto
1624 355 1673 399 eg
1681 338 1761 383 resi

378 424 502 467 sunt3
523 423 566 458 et
586 412 698 457 liber
721 413 801 457 iste
822 412 974 472 incipit
990 428 1013 457 a
1035 413 1227 458 secundo
1256 427 1404 457 mense
1432 411 1627 472 ejusdem
1659 409 1762 454 anni

380 483 586 540 secundi,
617 483 757 544 primo
787 482 858 527 die
890 482 1068 527 mensisl
1106 503 1115 528 ε
1152 482 1271 527 unde
1298 482 1465 527 clarum
1495 490 1558 526 est
1591 481 1696 536 ista,
1731 479 1763 524 si

378 557 592 602 librorum
625 555 824 600 ordinem
864 554 1207 611 consideremus,
1240 570 1317 615 per
1338 552 1760 614 recapitulationem,
1831 600 1832 611 ἵ

380 626 427 672 id
448 636 535 682 est,
568 625 889 687 praeteritorum
923 625 1267 670 recordationem
1288 624 1642 679 commemorari,
1666 639 1765 683 quae
1830 634 1833 678 ς

383 707 541 759 putant
555 733 565 753 ,
591 697 667 758 qui
688 697 832 741 minus
852 695 1081 755 diligenter
1101 696 1363 751 intendunt,
1384 695 1539 742 eodem
1560 694 1674 740 facta
1695 709 1766 739 or-
1830 729 1833 762 3
1853 711 1858 804 Ι

379 769 504 825 dine,
529 785 620 830 quo
640 777 885 814 narrantur.
1830 779 1831 782 ¹
1855 809 1858 836 Ι

890 876 1126 927 QUAESTIO
1157 878 1295 917 XXXI.

445 997 464 1019 ‹<
491 980 555 1023 ΕΤ
572 978 630 1024 ait
644 980 854 1024 Dominus
877 978 933 1023 ad
953 982 1122 1034 Aaron,
1147 977 1294 1023 dicens
1326 997 1334 1022 ;
1361 980 1426 1022 Tu
1448 987 1491 1022 et
1514 976 1590 1022 filii
1615 978 1700 1033 tui,
1726 988 1770 1023 et
1852 915 1859 1083 i

386 1068 406 1092 >›
433 1048 588 1094 domus
605 1050 736 1110 patris
759 1050 824 1094 tui
846 1058 990 1094 tecum
1008 1084 1018 1104 ,
1051 1049 1267 1109 accipietis
1288 1058 1466 1108 peccata
1487 1058 1735 1094 sanctorum
1757 1068 1766 1094 ε
1830 1039 1832 1115 l
1853 1085 1858 1102 ,

384 1139 404 1160 »
430 1129 474 1165 et
491 1129 539 1164 tu
561 1129 604 1165 et
631 1120 709 1164 filii
743 1120 805 1164 tui
832 1119 1049 1179 accipietis
1081 1129 1258 1179 peccata
1291 1119 1518 1164 sacerdotii
1550 1119 1678 1164 vestri
1689 1123 1721 1163 ².
1745 1139 1765 1160 η
1830 1121 1832 1165 ἰ
1855 1119 1857 1162 l

388 1193 490 1235 Haec
514 1200 615 1236 sunt
632 1199 807 1250 peccata
825 1206 925 1251 quae
944 1190 1222 1250 appellantur
1243 1190 1448 1235 sacrificia
1470 1205 1548 1250 pro
1566 1190 1766 1250 peccatis.

387 1261 573 1307 Proinde
595 1281 614 1303 «
636 1271 811 1321 peccata
828 1270 1076 1306 sanctorum
1090 1280 1109 1303 »
1134 1261 1301 1306 dictum
1314 1272 1392 1317 est,
1410 1278 1501 1306 non
1519 1278 1618 1322 quae
1635 1261 1771 1306 sancti
1830 1256 1831 1309 l

384 1333 681 1389 committant,
699 1331 774 1376 sed
791 1332 846 1376 ab
859 1347 909 1376 eo
923 1331 1045 1392 quod
1056 1341 1157 1376 sunt
1171 1342 1332 1388 sancta,
1351 1332 1516 1377 dictum
1534 1341 1597 1376 est
1616 1352 1632 1372 «
1654 1348 1771 1377 sanc·
1830 1340 1831 1386 ]
1856 1374 1857 1388 ,

390 1422 410 1444 »
435 1413 576 1448 torum
591 1438 602 1458 ,
630 1421 650 1443 »
676 1402 777 1463 quia
801 1402 846 1446 in
869 1402 1025 1446 sanctis
1050 1402 1296 1448 offeruntur
1317 1422 1325 1447 ε
1352 1412 1396 1447 et
1417 1412 1593 1462 peccata
1614 1394 1791 1447 dicun-¹
1855 1389 1859 1477 i

390 1482 460 1519 tur
481 1473 687 1518 sacrificia
717 1488 795 1532 pro
818 1472 1029 1532 peccatis:
1057 1472 1156 1518 ideo
1178 1472 1393 1533 appellata
1421 1483 1522 1518 sunt
1549 1493 1569 1515 «
1594 1477 1774 1518 Peccata

392 1566 409 1586 n
432 1554 697 1590 sanctorum.
723 1547 780 1588 Et
800 1553 977 1604 peccata
998 1543 1227 1588 sacerdotii
1248 1544 1399 1598 vestri,
1419 1562 1439 1585 >›
1458 1544 1503 1588 id
1514 1554 1597 1600 est,
1623 1544 1773 1589 eadem

389 1617 478 1677 ipsa
501 1632 599 1677 quae
623 1615 870 1660 offeruntur
893 1630 971 1674 pro
994 1614 1180 1674 peccatis
1207 1634 1215 1659 :
1241 1615 1352 1659 sicut
1370 1615 1499 1659 etiam
1517 1615 1562 1658 in
1585 1615 1774 1660 Levitico
1828 1635 1830 1652 ε

391 1685 630 1741 det-laram
652 1694 695 1730 et
715 1684 931 1745 pertinere
972 1684 1130 1729 debere
1145 1684 1250 1729 dicit
1272 1683 1327 1729 ad
1346 1683 1626 1729 sacerdotem.

891 1793 1127 1842 QUAESTIO
1159 1795 1313 1832 xxxii.

1827 1906 1829 1935 1

451 1915 470 1937 «
508 1898 808 1939 PmivroGEMTA
844 1891 1017 1946 omnia,
1053 1908 1344 1953 quaecumque
1382 1892 1544 1938 fuerint
1582 1893 1627 1937 in
1667 1903 1776 1940 terra
1828 1883 1829 1887 Ἰ

394 1986 412 2007 »
439 1981 614 2020 eorum,
639 1972 992 2024 quantacumque
1006 1962 1451 2018 attulerintDomino,
1472 1964 1552 2008 tibi
1575 1968 1772 2010 erunt4.»
1827 1996 1829 2010 ,

391 2037 471 2081 Hic
502 2034 815 2095 primogenita,
855 2047 945 2076 non
978 2031 1111 2077 soetus
1142 2034 1380 2093 primitivos
1404 2050 1612 2094 pecorum
1639 2034 1773 2081 dicit:
1827 2028 1828 2043 ¹

394 2123 495 2152 nam
528 2106 616 2165 ipsc
646 2119 783 2162 graece
805 2109 989 2154 πρωτότοκα.
1013 2104 1317 2161 nominantur,
1355 2107 1447 2150 hoec
1481 2115 1626 2150 autem
1658 2126 1777 2158 πρωτο-
1827 2104 1828 2155 ᾗ

394 2185 569 2231 γενήματα..
597 2174 681 2220 Sed
703 2173 837 2218 latine
860 2174 1030 2218 duabus
1054 2175 1119 2218 his
1139 2176 1284 2230 rebus,
1310 2175 1398 2220 duo
1416 2176 1593 2221 nomina
1610 2185 1777 2236 reperta

393 2261 481 2290 non
508 2254 609 2290 sunt
636 2264 644 2289 z
666 2247 722 2288 Et
755 2243 853 2289 ideo
881 2243 959 2288 ista
984 2253 1253 2299 πρωτογεψὴμκτα,
1270 2245 1447 2306 quidam
1473 2266 1493 2289 «
1525 2247 1773 2307 primitias»

390 2317 660 2377 interpretati
679 2326 781 2361 sunt
807 2335 815 2360 ε
842 2316 917 2360 scd
942 2316 1140 2375 primitiae
1171 2325 1314 2370 ἀπαρχαί
1339 2317 1547 2362 dicuntur
1564 2354 1574 2374 ,
1595 2328 1639 2364 et
1660 2317 1778 2363 aliud

392 2398 507 2433 sunt.
536 2391 638 2433 Haec
655 2388 786 2446 igitur
807 2387 884 2431 tria
904 2388 962 2431 ita
986 2387 1319 2443 discernuntur,
1349 2389 1450 2449 quia
1473 2398 1658 2442 mnrium.
1678 2397 1778 2434 sunt

441 2492 447 2507 ¹
475 2485 569 2516 lixod.
594 2496 644 2525 u,
670 2483 718 2516 15.
742 2501 781 2506 —
801 2491 813 2506 2
833 2486 924 2515 Num.
949 2494 1035 2523 xvni,
1062 2495 1086 2515 1.
1117 2502 1156 2506 -—-
1180 2484 1191 2507 3
1217 2485 1317 2517 Les-ii.
1342 2496 1368 2516 vi
1387 2511 1395 2527 ‚
1426 2489 1488 2526 23,
1518 2486 1569 2518 26.
1590 2485 1660 2516 -4
1684 2489 1774 2519 Nun.

396 2551 493 2580 xvxxi,
524 2549 572 2571 12.
