<?xml version="1.0" encoding="UTF-8"?>
<!DOCTYPE html PUBLIC "-//W3C//DTD XHTML 1.0 Transitional//EN"
    "http://www.w3.org/TR/xhtml1/DTD/xhtml1-transitional.dtd">
<html xmlns="http://www.w3.org/1999/xhtml" xml:lang="en" lang="en">
 <head>
  <title>
</title>
<meta http-equiv="Content-Type" content="text/html;charset=utf-8" />
  <meta name='ocr-system' content='tesseract 3.04.00' />
  <meta name='ocr-capabilities' content='ocr_page ocr_carea ocr_par ocr_line ocrx_word'/>
</head>
<body>
  <div class='ocr_page' id='page_1' title='image "./operaomniaaccura06auguuoft_0292.png"; bbox 0 0 1872 3267; ppageno 0'>
   <div class='ocr_carea' id='block_1_1' title="bbox 388 281 1383 327">
    <p class='ocr_par' dir='ltr' id='par_1_1' title="bbox 388 281 1383 327">
     <span class='ocr_line' id='line_1_1' title="bbox 388 281 1383 327; baseline 0.002 -7"><span class='ocrx_word' id='word_1_1' title='bbox 388 281 471 320; x_wconf 80' lang='lat'>282</span> <span class='ocrx_word' id='word_1_2' title='bbox 821 291 855 320; x_wconf 89' lang='lat' dir='ltr'>s.</span> <span class='ocrx_word' id='word_1_3' title='bbox 891 291 1123 322; x_wconf 69' lang='lat' dir='ltr'>Aur-‚usum</span> <span class='ocrx_word' id='word_1_4' title='bbox 1153 294 1338 322; x_wconf 82' lang='lat' dir='ltr'>EPISCOPI</span> <span class='ocrx_word' id='word_1_5' title='bbox 1379 323 1383 327; x_wconf 75' lang='grc'>,</span> 
     </span>
    </p>
   </div>
   <div class='ocr_carea' id='block_1_2' title="bbox 385 358 1762 490">
    <p class='ocr_par' dir='ltr' id='par_1_2' title="bbox 385 358 1762 490">
     <span class='ocr_line' id='line_1_2' title="bbox 386 358 1762 421; baseline 0.001 -19"><span class='ocrx_word' id='word_1_6' title='bbox 386 367 527 419; x_wconf 89' lang='lat' dir='ltr'>pretes</span> <span class='ocrx_word' id='word_1_7' title='bbox 548 358 818 417; x_wconf 83' lang='lat' dir='ltr'>nostrimagis</span> <span class='ocrx_word' id='word_1_8' title='bbox 837 373 858 402; x_wconf 86' lang='lat' dir='ltr'>a</span> <span class='ocrx_word' id='word_1_9' title='bbox 876 360 1042 405; x_wconf 86' lang='lat' dir='ltr'>ratione</span> <span class='ocrx_word' id='word_1_10' title='bbox 1057 361 1224 406; x_wconf 89' lang='lat' dir='ltr'>dictum</span> <span class='ocrx_word' id='word_1_11' title='bbox 1241 370 1445 421; x_wconf 86' lang='lat' dir='ltr'>putantes</span> <span class='ocrx_word' id='word_1_12' title='bbox 1465 361 1762 407; x_wconf 84' lang='lat' dir='ltr'>«Rationale»</span> 
     </span>
     <span class='ocr_line' id='line_1_3' title="bbox 385 428 728 490; baseline -0.003 -16"><span class='ocrx_word' id='word_1_13' title='bbox 385 428 728 490; x_wconf 88' lang='lat' dir='ltr'>appellaverunt.</span> 
     </span>
    </p>
   </div>
   <div class='ocr_carea' id='block_1_3' title="bbox 871 528 1288 578">
    <p class='ocr_par' dir='ltr' id='par_1_3' title="bbox 871 528 1288 578">
     <span class='ocr_line' id='line_1_4' title="bbox 871 528 1288 578; baseline 0 -10"><span class='ocrx_word' id='word_1_14' title='bbox 871 528 1106 578; x_wconf 81' lang='lat' dir='ltr'>QUAESTIO</span> <span class='ocrx_word' id='word_1_15' title='bbox 1137 529 1288 570; x_wconf 87' lang='lat' dir='ltr'>CXVII.</span> 
     </span>
    </p>
   </div>
   <div class='ocr_carea' id='block_1_4' title="bbox 383 627 1771 1468">
    <p class='ocr_par' dir='ltr' id='par_1_4' title="bbox 383 627 1771 1468">
     <span class='ocr_line' id='line_1_5' title="bbox 449 627 1768 690; baseline 0.004 -21"><span class='ocrx_word' id='word_1_16' title='bbox 449 647 469 670; x_wconf 89' lang='lat'>«</span> <span class='ocrx_word' id='word_1_17' title='bbox 494 631 559 673; x_wconf 75' lang='lat' dir='ltr'>ET</span> <span class='ocrx_word' id='word_1_18' title='bbox 580 628 777 688; x_wconf 86' lang='lat' dir='ltr'>impones</span> <span class='ocrx_word' id='word_1_19' title='bbox 798 643 928 688; x_wconf 90' lang='lat' dir='ltr'>super</span> <span class='ocrx_word' id='word_1_20' title='bbox 949 629 1158 675; x_wconf 83' lang='lat' dir='ltr'>rationale</span> <span class='ocrx_word' id='word_1_21' title='bbox 1171 628 1324 690; x_wconf 88' lang='lat' dir='ltr'>judicii</span> <span class='ocrx_word' id='word_1_22' title='bbox 1351 627 1768 674; x_wconf 81' lang='lat' dir='ltr'>demonstrationem</span> 
     </span>
     <span class='ocr_line' id='line_1_6' title="bbox 389 699 1768 762; baseline 0.004 -22"><span class='ocrx_word' id='word_1_23' title='bbox 389 718 409 740; x_wconf 84' lang='lat'>»</span> <span class='ocrx_word' id='word_1_24' title='bbox 445 700 745 744; x_wconf 84' lang='lat' dir='ltr'>etveritatem1</span> <span class='ocrx_word' id='word_1_25' title='bbox 763 734 772 743; x_wconf 90' lang='lat'><strong>.</strong></span> <span class='ocrx_word' id='word_1_26' title='bbox 796 717 816 741; x_wconf 86' lang='lat'>»</span> <span class='ocrx_word' id='word_1_27' title='bbox 843 699 960 753; x_wconf 88' lang='lat' dir='ltr'>Quid</span> <span class='ocrx_word' id='word_1_28' title='bbox 980 700 1158 746; x_wconf 89' lang='lat' dir='ltr'>sibihoc</span> <span class='ocrx_word' id='word_1_29' title='bbox 1180 700 1307 757; x_wconf 80' lang='lat' dir='ltr'>velit,</span> <span class='ocrx_word' id='word_1_30' title='bbox 1333 699 1404 745; x_wconf 84' lang='lat' dir='ltr'>vel</span> <span class='ocrx_word' id='word_1_31' title='bbox 1423 701 1471 745; x_wconf 90' lang='lat' dir='ltr'>in</span> <span class='ocrx_word' id='word_1_32' title='bbox 1489 701 1608 762; x_wconf 85' lang='lat' dir='ltr'>quali</span> <span class='ocrx_word' id='word_1_33' title='bbox 1631 716 1676 745; x_wconf 93' lang='lat' dir='ltr'>re</span> <span class='ocrx_word' id='word_1_34' title='bbox 1698 701 1768 746; x_wconf 91' lang='lat' dir='ltr'>vel</span> 
     </span>
     <span class='ocr_line' id='line_1_7' title="bbox 385 769 1765 830; baseline 0.001 -17"><span class='ocrx_word' id='word_1_35' title='bbox 385 769 561 814; x_wconf 87' lang='lat' dir='ltr'>metallo</span> <span class='ocrx_word' id='word_1_36' title='bbox 574 778 811 829; x_wconf 80' lang='lat' dir='ltr'>poneretur</span> <span class='ocrx_word' id='word_1_37' title='bbox 827 785 956 830; x_wconf 88' lang='lat' dir='ltr'>super</span> <span class='ocrx_word' id='word_1_38' title='bbox 972 770 1181 816; x_wconf 84' lang='lat' dir='ltr'>rationale</span> <span class='ocrx_word' id='word_1_39' title='bbox 1197 771 1509 816; x_wconf 82' lang='lat' dir='ltr'>demonstratio</span> <span class='ocrx_word' id='word_1_40' title='bbox 1531 780 1574 815; x_wconf 89' lang='lat' dir='ltr'>et</span> <span class='ocrx_word' id='word_1_41' title='bbox 1593 771 1765 826; x_wconf 78' lang='lat' dir='ltr'>veritas,</span> 
     </span>
     <span class='ocr_line' id='line_1_8' title="bbox 385 840 1770 903; baseline 0.002 -20"><span class='ocrx_word' id='word_1_42' title='bbox 385 841 594 901; x_wconf 86' lang='lat' dir='ltr'>quoniam</span> <span class='ocrx_word' id='word_1_43' title='bbox 616 840 719 885; x_wconf 87' lang='lat' dir='ltr'>talia</span> <span class='ocrx_word' id='word_1_44' title='bbox 740 840 847 885; x_wconf 88' lang='lat' dir='ltr'>dicit</span> <span class='ocrx_word' id='word_1_45' title='bbox 867 842 959 885; x_wconf 85' lang='lat' dir='ltr'>fieri</span> <span class='ocrx_word' id='word_1_46' title='bbox 983 842 1029 885; x_wconf 88' lang='lat' dir='ltr'>in</span> <span class='ocrx_word' id='word_1_47' title='bbox 1055 851 1174 887; x_wconf 84' lang='lat' dir='ltr'>veste</span> <span class='ocrx_word' id='word_1_48' title='bbox 1202 841 1435 887; x_wconf 86' lang='lat' dir='ltr'>sacerdotis</span> <span class='ocrx_word' id='word_1_49' title='bbox 1457 877 1468 898; x_wconf 84' lang='lat'>‚</span> <span class='ocrx_word' id='word_1_50' title='bbox 1492 857 1592 903; x_wconf 85' lang='lat' dir='ltr'>quae</span> <span class='ocrx_word' id='word_1_51' title='bbox 1613 857 1770 902; x_wconf 88' lang='lat' dir='ltr'>corpo-</span> 
     </span>
     <span class='ocr_line' id='line_1_9' title="bbox 386 911 1768 973; baseline 0 -18"><span class='ocrx_word' id='word_1_52' title='bbox 386 911 531 956; x_wconf 87' lang='lat' dir='ltr'>raliter</span> <span class='ocrx_word' id='word_1_53' title='bbox 548 912 678 966; x_wconf 73' lang='lat' dir='ltr'>fiunt,</span> <span class='ocrx_word' id='word_1_54' title='bbox 703 912 897 956; x_wconf 89' lang='lat' dir='ltr'>invenire</span> <span class='ocrx_word' id='word_1_55' title='bbox 915 912 1090 957; x_wconf 80' lang='lat' dir='ltr'>difficile</span> <span class='ocrx_word' id='word_1_56' title='bbox 1106 922 1184 957; x_wconf 88' lang='lat' dir='ltr'>est.</span> <span class='ocrx_word' id='word_1_57' title='bbox 1206 912 1480 958; x_wconf 88' lang='lat' dir='ltr'>Fabulautur</span> <span class='ocrx_word' id='word_1_58' title='bbox 1498 921 1646 957; x_wconf 88' lang='lat' dir='ltr'>tamen</span> <span class='ocrx_word' id='word_1_59' title='bbox 1667 913 1768 973; x_wconf 90' lang='lat' dir='ltr'>qui-</span> 
     </span>
     <span class='ocr_line' id='line_1_10' title="bbox 385 981 1770 1045; baseline 0.001 -18"><span class='ocrx_word' id='word_1_60' title='bbox 385 983 483 1027; x_wconf 88' lang='lat' dir='ltr'>dam</span> <span class='ocrx_word' id='word_1_61' title='bbox 512 981 701 1042; x_wconf 84' lang='lat' dir='ltr'>lapidem</span> <span class='ocrx_word' id='word_1_62' title='bbox 729 983 882 1039; x_wconf 76' lang='lat' dir='ltr'>fuisse,</span> <span class='ocrx_word' id='word_1_63' title='bbox 920 985 1045 1045; x_wconf 87' lang='lat' dir='ltr'>cujus</span> <span class='ocrx_word' id='word_1_64' title='bbox 1069 983 1214 1040; x_wconf 81' lang='lat' dir='ltr'>color,</span> <span class='ocrx_word' id='word_1_65' title='bbox 1247 983 1334 1029; x_wconf 88' lang='lat' dir='ltr'>sive</span> <span class='ocrx_word' id='word_1_66' title='bbox 1356 983 1411 1029; x_wconf 90' lang='lat' dir='ltr'>ad</span> <span class='ocrx_word' id='word_1_67' title='bbox 1446 983 1649 1040; x_wconf 86' lang='lat' dir='ltr'>adversa,</span> <span class='ocrx_word' id='word_1_68' title='bbox 1682 984 1770 1031; x_wconf 88' lang='lat' dir='ltr'>sive</span> 
     </span>
     <span class='ocr_line' id='line_1_11' title="bbox 385 1055 1766 1116; baseline 0.001 -18"><span class='ocrx_word' id='word_1_69' title='bbox 385 1055 439 1099; x_wconf 86' lang='lat' dir='ltr'>ad</span> <span class='ocrx_word' id='word_1_70' title='bbox 451 1070 655 1114; x_wconf 87' lang='lat' dir='ltr'>prospera</span> <span class='ocrx_word' id='word_1_71' title='bbox 668 1064 926 1111; x_wconf 77' lang='lat' dir='ltr'>mutaretur,</span> <span class='ocrx_word' id='word_1_72' title='bbox 938 1055 1117 1116; x_wconf 86' lang='lat' dir='ltr'>quando</span> <span class='ocrx_word' id='word_1_73' title='bbox 1128 1056 1325 1101; x_wconf 88' lang='lat' dir='ltr'>sacerdos</span> <span class='ocrx_word' id='word_1_74' title='bbox 1338 1055 1530 1100; x_wconf 81' lang='lat' dir='ltr'>intrabat</span> <span class='ocrx_word' id='word_1_75' title='bbox 1538 1056 1585 1100; x_wconf 91' lang='lat' dir='ltr'>in</span> <span class='ocrx_word' id='word_1_76' title='bbox 1595 1057 1766 1109; x_wconf 75' lang='lat' dir='ltr'>Sancta‚</span> 
     </span>
     <span class='ocr_line' id='line_1_12' title="bbox 384 1123 1769 1186; baseline -0.001 -17"><span class='ocrx_word' id='word_1_77' title='bbox 384 1135 428 1169; x_wconf 86' lang='lat' dir='ltr'>ct</span> <span class='ocrx_word' id='word_1_78' title='bbox 449 1126 532 1169; x_wconf 87' lang='lat' dir='ltr'>hoc</span> <span class='ocrx_word' id='word_1_79' title='bbox 554 1141 643 1170; x_wconf 89' lang='lat' dir='ltr'>esse</span> <span class='ocrx_word' id='word_1_80' title='bbox 665 1125 786 1185; x_wconf 87' lang='lat' dir='ltr'>quod</span> <span class='ocrx_word' id='word_1_81' title='bbox 808 1127 888 1181; x_wconf 77' lang='lat' dir='ltr'>ait,</span> <span class='ocrx_word' id='word_1_82' title='bbox 919 1145 939 1168; x_wconf 75' lang='grc' dir='ltr'>α</span> <span class='ocrx_word' id='word_1_83' title='bbox 962 1129 1020 1170; x_wconf 87' lang='lat' dir='ltr'>Et</span> <span class='ocrx_word' id='word_1_84' title='bbox 1047 1127 1200 1171; x_wconf 84' lang='lat' dir='ltr'>afferet</span> <span class='ocrx_word' id='word_1_85' title='bbox 1222 1130 1366 1176; x_wconf 84' lang='lat' dir='ltr'>Aaron</span> <span class='ocrx_word' id='word_1_86' title='bbox 1388 1125 1553 1186; x_wconf 85' lang='lat' dir='ltr'>judicia</span> <span class='ocrx_word' id='word_1_87' title='bbox 1580 1123 1769 1169; x_wconf 86' lang='lat' dir='ltr'>filiorum</span> 
     </span>
     <span class='ocr_line' id='line_1_13' title="bbox 387 1195 1771 1256; baseline 0.003 -20"><span class='ocrx_word' id='word_1_88' title='bbox 387 1213 407 1236; x_wconf 68' lang='lat'>³)</span> <span class='ocrx_word' id='word_1_89' title='bbox 446 1195 573 1241; x_wconf 85' lang='lat' dir='ltr'>lsra&#39;e&#39;l</span> <span class='ocrx_word' id='word_1_90' title='bbox 588 1211 717 1256; x_wconf 88' lang='lat' dir='ltr'>super</span> <span class='ocrx_word' id='word_1_91' title='bbox 732 1205 900 1256; x_wconf 79' lang='lat' dir='ltr'>pectus⁷</span> <span class='ocrx_word' id='word_1_92' title='bbox 919 1215 939 1237; x_wconf 85' lang='lat'>»</span> <span class='ocrx_word' id='word_1_93' title='bbox 958 1198 1189 1241; x_wconf 85' lang='lat' dir='ltr'>ostendens</span> <span class='ocrx_word' id='word_1_94' title='bbox 1203 1196 1406 1241; x_wconf 87' lang='lat' dir='ltr'>videlieet</span> <span class='ocrx_word' id='word_1_95' title='bbox 1418 1197 1463 1240; x_wconf 88' lang='lat' dir='ltr'>in</span> <span class='ocrx_word' id='word_1_96' title='bbox 1478 1195 1552 1240; x_wconf 90' lang='lat' dir='ltr'>illa</span> <span class='ocrx_word' id='word_1_97' title='bbox 1567 1195 1771 1240; x_wconf 82' lang='lat' dir='ltr'>demons-</span> 
     </span>
     <span class='ocr_line' id='line_1_14' title="bbox 388 1265 1766 1327; baseline 0 -18"><span class='ocrx_word' id='word_1_98' title='bbox 388 1267 570 1311; x_wconf 83' lang='lat' dir='ltr'>tratione</span> <span class='ocrx_word' id='word_1_99' title='bbox 597 1276 640 1310; x_wconf 92' lang='lat' dir='ltr'>et</span> <span class='ocrx_word' id='word_1_100' title='bbox 666 1266 874 1322; x_wconf 80' lang='lat' dir='ltr'>veritate,</span> <span class='ocrx_word' id='word_1_101' title='bbox 910 1266 1018 1326; x_wconf 87' lang='lat' dir='ltr'>quid</span> <span class='ocrx_word' id='word_1_102' title='bbox 1055 1266 1109 1311; x_wconf 93' lang='lat' dir='ltr'>de</span> <span class='ocrx_word' id='word_1_103' title='bbox 1144 1266 1228 1311; x_wconf 90' lang='lat' dir='ltr'>illis</span> <span class='ocrx_word' id='word_1_104' title='bbox 1256 1265 1514 1327; x_wconf 83' lang='lat' dir='ltr'>judicaverit</span> <span class='ocrx_word' id='word_1_105' title='bbox 1540 1266 1766 1311; x_wconf 89' lang='lat' dir='ltr'>Dominus.</span> 
     </span>
     <span class='ocr_line' id='line_1_15' title="bbox 384 1336 1770 1397; baseline 0 -17"><span class='ocrx_word' id='word_1_106' title='bbox 384 1339 647 1397; x_wconf 85' lang='lat' dir='ltr'>Quanquam</span> <span class='ocrx_word' id='word_1_107' title='bbox 668 1337 801 1396; x_wconf 85' lang='lat' dir='ltr'>possit</span> <span class='ocrx_word' id='word_1_108' title='bbox 830 1336 1015 1395; x_wconf 81' lang='lat' dir='ltr'>intelligi</span> <span class='ocrx_word' id='word_1_109' title='bbox 1044 1336 1460 1382; x_wconf 87' lang='lat' dir='ltr'>demonstrationem</span> <span class='ocrx_word' id='word_1_110' title='bbox 1480 1346 1524 1382; x_wconf 85' lang='lat' dir='ltr'>et</span> <span class='ocrx_word' id='word_1_111' title='bbox 1543 1337 1770 1382; x_wconf 84' lang='lat' dir='ltr'>veritatem</span> 
     </span>
     <span class='ocr_line' id='line_1_16' title="bbox 383 1407 1078 1468; baseline -0.003 -17"><span class='ocrx_word' id='word_1_112' title='bbox 383 1407 535 1452; x_wconf 87' lang='lat' dir='ltr'>litteris</span> <span class='ocrx_word' id='word_1_113' title='bbox 557 1408 804 1468; x_wconf 87' lang='lat' dir='ltr'>impositam</span> <span class='ocrx_word' id='word_1_114' title='bbox 825 1422 953 1464; x_wconf 87' lang='lat' dir='ltr'>super</span> <span class='ocrx_word' id='word_1_115' title='bbox 966 1415 1078 1460; x_wconf 64' lang='grc' dir='ltr'>λέγων.</span> 
     </span>
    </p>
   </div>
   <div class='ocr_carea' id='block_1_5' title="bbox 855 1515 1291 1565">
    <p class='ocr_par' dir='ltr' id='par_1_5' title="bbox 855 1515 1291 1565">
     <span class='ocr_line' id='line_1_17' title="bbox 855 1515 1291 1565; baseline 0.009 -9"><span class='ocrx_word' id='word_1_116' title='bbox 855 1515 1091 1565; x_wconf 70' lang='lat' dir='ltr'>QuAEsrlo</span> <span class='ocrx_word' id='word_1_117' title='bbox 1122 1515 1291 1560; x_wconf 75' lang='lat' dir='ltr'>cxvni.</span> 
     </span>
    </p>
   </div>
   <div class='ocr_carea' id='block_1_6' title="bbox 377 1613 1786 2230">
    <p class='ocr_par' dir='ltr' id='par_1_6' title="bbox 377 1613 1786 2230">
     <span class='ocr_line' id='line_1_18' title="bbox 447 1613 1766 1674; baseline 0 -14"><span class='ocrx_word' id='word_1_118' title='bbox 447 1637 466 1660; x_wconf 82' lang='grc' dir='ltr'>ι(</span> <span class='ocrx_word' id='word_1_119' title='bbox 501 1621 564 1662; x_wconf 79' lang='grc' dir='ltr'>ΕΤ</span> <span class='ocrx_word' id='word_1_120' title='bbox 593 1616 722 1662; x_wconf 88' lang='lat' dir='ltr'>facies</span> <span class='ocrx_word' id='word_1_121' title='bbox 744 1617 939 1661; x_wconf 89' lang='lat' dir='ltr'>tunicam</span> <span class='ocrx_word' id='word_1_122' title='bbox 959 1615 1139 1660; x_wconf 85' lang='lat' dir='ltr'>talarem</span> <span class='ocrx_word' id='word_1_123' title='bbox 1163 1615 1538 1674; x_wconf 57' lang='lat' dir='ltr'>hyacinthinam,</span> <span class='ocrx_word' id='word_1_124' title='bbox 1566 1633 1588 1656; x_wconf 82' lang='lat'>»</span> <span class='ocrx_word' id='word_1_125' title='bbox 1612 1613 1659 1659; x_wconf 92' lang='lat' dir='ltr'>id</span> <span class='ocrx_word' id='word_1_126' title='bbox 1675 1624 1766 1672; x_wconf 80' lang='lat' dir='ltr'>est,</span> 
     </span>
     <span class='ocr_line' id='line_1_19' title="bbox 383 1686 1769 1750; baseline -0.002 -17"><span class='ocrx_word' id='word_1_127' title='bbox 383 1704 522 1750; x_wconf 87' lang='lat' dir='ltr'>usque</span> <span class='ocrx_word' id='word_1_128' title='bbox 544 1687 596 1732; x_wconf 92' lang='lat' dir='ltr'>ad</span> <span class='ocrx_word' id='word_1_129' title='bbox 617 1687 725 1733; x_wconf 85' lang='lat' dir='ltr'>talos</span> <span class='ocrx_word' id='word_1_130' title='bbox 747 1686 1083 1747; x_wconf 86' lang='lat' dir='ltr'>dependentem.</span> <span class='ocrx_word' id='word_1_131' title='bbox 1114 1705 1134 1729; x_wconf 66' lang='grc' dir='ltr'>(ς</span> <span class='ocrx_word' id='word_1_132' title='bbox 1157 1689 1215 1731; x_wconf 91' lang='lat' dir='ltr'>Et</span> <span class='ocrx_word' id='word_1_133' title='bbox 1232 1687 1312 1729; x_wconf 78' lang='lat' dir='ltr'>erit</span> <span class='ocrx_word' id='word_1_134' title='bbox 1328 1686 1626 1745; x_wconf 87' lang='lat' dir='ltr'>peristomium</span> <span class='ocrx_word' id='word_1_135' title='bbox 1643 1701 1700 1746; x_wconf 24' lang='lat' dir='ltr'>*ex</span> <span class='ocrx_word' id='word_1_136' title='bbox 1720 1701 1769 1730; x_wconf 86' lang='lat' dir='ltr'>ea</span> 
     </span>
     <span class='ocr_line' id='line_1_20' title="bbox 387 1755 1786 1817; baseline -0.001 -17"><span class='ocrx_word' id='word_1_137' title='bbox 387 1778 406 1801; x_wconf 90' lang='lat'>»</span> <span class='ocrx_word' id='word_1_138' title='bbox 442 1758 657 1815; x_wconf 85' lang='lat' dir='ltr'>medium,</span> <span class='ocrx_word' id='word_1_139' title='bbox 685 1777 706 1800; x_wconf 84' lang='lat'>»</span> <span class='ocrx_word' id='word_1_140' title='bbox 732 1757 778 1802; x_wconf 90' lang='lat' dir='ltr'>id</span> <span class='ocrx_word' id='word_1_141' title='bbox 801 1766 886 1812; x_wconf 77' lang='lat' dir='ltr'>est⁷</span> <span class='ocrx_word' id='word_1_142' title='bbox 911 1773 999 1817; x_wconf 85' lang='lat' dir='ltr'>qua</span> <span class='ocrx_word' id='word_1_143' title='bbox 1021 1764 1150 1816; x_wconf 87' lang='lat' dir='ltr'>caput</span> <span class='ocrx_word' id='word_1_144' title='bbox 1183 1755 1378 1816; x_wconf 85' lang='lat' dir='ltr'>ejiciatur</span> <span class='ocrx_word' id='word_1_145' title='bbox 1407 1774 1415 1799; x_wconf 92' lang='lat'>:</span> <span class='ocrx_word' id='word_1_146' title='bbox 1439 1756 1524 1800; x_wconf 89' lang='lat' dir='ltr'>hoc</span> <span class='ocrx_word' id='word_1_147' title='bbox 1556 1764 1620 1799; x_wconf 89' lang='lat' dir='ltr'>est</span> <span class='ocrx_word' id='word_1_148' title='bbox 1653 1757 1786 1800; x_wconf 91' lang='lat' dir='ltr'>enim-</span> 
     </span>
     <span class='ocr_line' id='line_1_21' title="bbox 380 1824 1768 1890; baseline -0.003 -16"><span class='ocrx_word' id='word_1_149' title='bbox 380 1828 501 1890; x_wconf 88' lang='lat' dir='ltr'>quod</span> <span class='ocrx_word' id='word_1_150' title='bbox 524 1829 652 1888; x_wconf 79' lang='lat' dir='ltr'>graeci</span> <span class='ocrx_word' id='word_1_151' title='bbox 685 1827 840 1872; x_wconf 88' lang='lat' dir='ltr'>dicunt</span> <span class='ocrx_word' id='word_1_152' title='bbox 860 1832 1064 1879; x_wconf 71' lang='grc' dir='ltr'>περιστόμιον.</span> <span class='ocrx_word' id='word_1_153' title='bbox 1098 1844 1118 1867; x_wconf 87' lang='lat'>«</span> <span class='ocrx_word' id='word_1_154' title='bbox 1149 1826 1281 1869; x_wconf 82' lang='lat' dir='ltr'>Oram</span> <span class='ocrx_word' id='word_1_155' title='bbox 1314 1824 1480 1869; x_wconf 89' lang='lat' dir='ltr'>habens</span> <span class='ocrx_word' id='word_1_156' title='bbox 1506 1825 1553 1869; x_wconf 90' lang='lat' dir='ltr'>in</span> <span class='ocrx_word' id='word_1_157' title='bbox 1581 1826 1768 1870; x_wconf 87' lang='lat' dir='ltr'>circuitu</span> 
     </span>
     <span class='ocr_line' id='line_1_22' title="bbox 383 1896 1762 1960; baseline -0.004 -18"><span class='ocrx_word' id='word_1_158' title='bbox 383 1919 402 1943; x_wconf 87' lang='lat'>»</span> <span class='ocrx_word' id='word_1_159' title='bbox 437 1899 699 1960; x_wconf 78' lang='lat' dir='ltr'>peristomii,</span> <span class='ocrx_word' id='word_1_160' title='bbox 725 1913 833 1958; x_wconf 84' lang='lat' dir='ltr'>opus</span> <span class='ocrx_word' id='word_1_161' title='bbox 852 1897 1028 1941; x_wconf 83' lang='lat' dir='ltr'>textoris</span> <span class='ocrx_word' id='word_1_162' title='bbox 1043 1931 1053 1951; x_wconf 87' lang='lat'>‚</span> <span class='ocrx_word' id='word_1_163' title='bbox 1074 1896 1400 1941; x_wconf 85' lang='lat' dir='ltr'>commissuram</span> <span class='ocrx_word' id='word_1_164' title='bbox 1422 1898 1713 1952; x_wconf 65' lang='lat' dir='ltr'>contextamss,</span> <span class='ocrx_word' id='word_1_165' title='bbox 1741 1915 1762 1937; x_wconf 68' lang='grc' dir='ltr'><strong>η</strong></span> 
     </span>
     <span class='ocr_line' id='line_1_23' title="bbox 379 1966 1766 2039; baseline -0.003 -23"><span class='ocrx_word' id='word_1_166' title='bbox 379 1971 423 2016; x_wconf 86' lang='lat' dir='ltr'>id</span> <span class='ocrx_word' id='word_1_167' title='bbox 446 1982 532 2027; x_wconf 80' lang='lat' dir='ltr'>est,</span> <span class='ocrx_word' id='word_1_168' title='bbox 559 1987 615 2015; x_wconf 91' lang='lat' dir='ltr'>ne</span> <span class='ocrx_word' id='word_1_169' title='bbox 642 1973 734 2031; x_wconf 88' lang='lat' dir='ltr'>ipsa</span> <span class='ocrx_word' id='word_1_170' title='bbox 758 1985 832 2014; x_wconf 89' lang='lat' dir='ltr'>ora</span> <span class='ocrx_word' id='word_1_171' title='bbox 854 1968 1118 2013; x_wconf 76' lang='lat' dir='ltr'>extrinsecus</span> <span class='ocrx_word' id='word_1_172' title='bbox 1145 1978 1342 2012; x_wconf 87' lang='lat' dir='ltr'>assuatur</span> <span class='ocrx_word' id='word_1_173' title='bbox 1367 1987 1375 2012; x_wconf 93' lang='lat'>:</span> <span class='ocrx_word' id='word_1_174' title='bbox 1401 1968 1486 2024; x_wconf 78' lang='lat' dir='ltr'>hoc</span> <span class='ocrx_word' id='word_1_175' title='bbox 1502 1966 1675 2039; x_wconf 72' lang='lat' dir='ltr'>videtur</span> <span class='ocrx_word' id='word_1_176' title='bbox 1695 1967 1766 2013; x_wconf 91' lang='lat' dir='ltr'>di-</span> 
     </span>
     <span class='ocr_line' id='line_1_24' title="bbox 377 2038 1760 2102; baseline -0.004 -15"><span class='ocrx_word' id='word_1_177' title='bbox 377 2058 498 2098; x_wconf 74' lang='lat' dir='ltr'>cere,</span> <span class='ocrx_word' id='word_1_178' title='bbox 537 2061 557 2084; x_wconf 91' lang='lat'>«</span> <span class='ocrx_word' id='word_1_179' title='bbox 578 2041 915 2086; x_wconf 88' lang='lat' dir='ltr'>Commissuram</span> <span class='ocrx_word' id='word_1_180' title='bbox 942 2048 1204 2084; x_wconf 78' lang='lat' dir='ltr'>contextam.</span> <span class='ocrx_word' id='word_1_181' title='bbox 1233 2056 1254 2080; x_wconf 77' lang='lat'>&gt;›</span> <span class='ocrx_word' id='word_1_182' title='bbox 1281 2038 1406 2083; x_wconf 87' lang='lat' dir='ltr'>Unde</span> <span class='ocrx_word' id='word_1_183' title='bbox 1424 2038 1554 2084; x_wconf 89' lang='lat' dir='ltr'>etiam</span> <span class='ocrx_word' id='word_1_184' title='bbox 1577 2038 1760 2102; x_wconf 79' lang='lat' dir='ltr'>addidit,</span> 
     </span>
     <span class='ocr_line' id='line_1_25' title="bbox 382 2109 1772 2172; baseline -0.001 -18"><span class='ocrx_word' id='word_1_185' title='bbox 382 2133 401 2155; x_wconf 83' lang='lat'>«</span> <span class='ocrx_word' id='word_1_186' title='bbox 435 2116 499 2158; x_wconf 74' lang='lat' dir='ltr'>Ex</span> <span class='ocrx_word' id='word_1_187' title='bbox 522 2113 634 2172; x_wconf 78' lang='lat' dir='ltr'>ipsa,</span> <span class='ocrx_word' id='word_1_188' title='bbox 656 2121 778 2156; x_wconf 87' lang='lat' dir='ltr'>utne</span> <span class='ocrx_word' id='word_1_189' title='bbox 799 2120 1053 2170; x_wconf 76' lang='lat' dir='ltr'>rumpatur,</span> <span class='ocrx_word' id='word_1_190' title='bbox 1075 2128 1095 2151; x_wconf 70' lang='lat'>)›</span> <span class='ocrx_word' id='word_1_191' title='bbox 1121 2109 1168 2154; x_wconf 85' lang='lat' dir='ltr'>id</span> <span class='ocrx_word' id='word_1_192' title='bbox 1189 2118 1267 2165; x_wconf 85' lang='lat' dir='ltr'>est,</span> <span class='ocrx_word' id='word_1_193' title='bbox 1292 2119 1343 2154; x_wconf 89' lang='lat' dir='ltr'>ut</span> <span class='ocrx_word' id='word_1_194' title='bbox 1357 2125 1407 2154; x_wconf 84' lang='lat' dir='ltr'>ex</span> <span class='ocrx_word' id='word_1_195' title='bbox 1427 2125 1470 2154; x_wconf 91' lang='lat' dir='ltr'>se</span> <span class='ocrx_word' id='word_1_196' title='bbox 1492 2110 1583 2170; x_wconf 89' lang='lat' dir='ltr'>ipsa</span> <span class='ocrx_word' id='word_1_197' title='bbox 1599 2111 1651 2154; x_wconf 89' lang='lat' dir='ltr'>sit</span> <span class='ocrx_word' id='word_1_198' title='bbox 1671 2110 1772 2170; x_wconf 63' lang='lat' dir='ltr'>ipsa„</span> 
     </span>
     <span class='ocr_line' id='line_1_26' title="bbox 377 2191 952 2230; baseline -0.005 -1"><span class='ocrx_word' id='word_1_199' title='bbox 377 2200 451 2229; x_wconf 88' lang='lat' dir='ltr'>ora</span> <span class='ocrx_word' id='word_1_200' title='bbox 472 2193 669 2230; x_wconf 79' lang='lat' dir='ltr'>contexta</span> <span class='ocrx_word' id='word_1_201' title='bbox 696 2199 794 2228; x_wconf 88' lang='lat' dir='ltr'>cum</span> <span class='ocrx_word' id='word_1_202' title='bbox 818 2191 952 2227; x_wconf 87' lang='lat' dir='ltr'>veste.</span> 
     </span>
    </p>
   </div>
   <div class='ocr_carea' id='block_1_7' title="bbox 869 2290 1270 2341">
    <p class='ocr_par' dir='ltr' id='par_1_7' title="bbox 869 2290 1270 2341">
     <span class='ocr_line' id='line_1_27' title="bbox 869 2290 1270 2341; baseline 0.002 -12"><span class='ocrx_word' id='word_1_203' title='bbox 869 2290 1104 2341; x_wconf 76' lang='lat' dir='ltr'>QUAESTIO</span> <span class='ocrx_word' id='word_1_204' title='bbox 1136 2291 1270 2331; x_wconf 73' lang='lat' dir='ltr'>CXIX.</span> 
     </span>
    </p>
   </div>
   <div class='ocr_carea' id='block_1_8' title="bbox 377 2393 1757 2594">
    <p class='ocr_par' dir='ltr' id='par_1_8' title="bbox 377 2393 1757 2594">
     <span class='ocr_line' id='line_1_28' title="bbox 438 2393 1755 2455; baseline -0.002 -15"><span class='ocrx_word' id='word_1_205' title='bbox 438 2417 458 2440; x_wconf 89' lang='lat'>«</span> <span class='ocrx_word' id='word_1_206' title='bbox 492 2401 556 2442; x_wconf 75' lang='lat' dir='ltr'>ET</span> <span class='ocrx_word' id='word_1_207' title='bbox 579 2398 659 2441; x_wconf 84' lang='lat' dir='ltr'>erit</span> <span class='ocrx_word' id='word_1_208' title='bbox 680 2399 825 2441; x_wconf 84' lang='lat' dir='ltr'>Aaron</span> <span class='ocrx_word' id='word_1_209' title='bbox 843 2411 940 2439; x_wconf 85' lang='lat' dir='ltr'>cum</span> <span class='ocrx_word' id='word_1_210' title='bbox 959 2395 1139 2455; x_wconf 85' lang='lat' dir='ltr'>eoeperit</span> <span class='ocrx_word' id='word_1_211' title='bbox 1167 2393 1291 2453; x_wconf 81' lang='lat' dir='ltr'>fungi</span> <span class='ocrx_word' id='word_1_212' title='bbox 1314 2393 1574 2449; x_wconf 67' lang='lat' dir='ltr'>sacerdotio,</span> <span class='ocrx_word' id='word_1_213' title='bbox 1601 2393 1755 2438; x_wconf 87' lang='lat' dir='ltr'>audie-</span> 
     </span>
     <span class='ocr_line' id='line_1_29' title="bbox 378 2465 1757 2529; baseline -0.001 -18"><span class='ocrx_word' id='word_1_214' title='bbox 378 2489 397 2511; x_wconf 86' lang='lat'>»</span> <span class='ocrx_word' id='word_1_215' title='bbox 432 2479 504 2514; x_wconf 57' lang='lat' dir='ltr'>‘tur</span> <span class='ocrx_word' id='word_1_216' title='bbox 524 2485 605 2513; x_wconf 72' lang='lat' dir='ltr'>vox</span> <span class='ocrx_word' id='word_1_217' title='bbox 621 2470 711 2529; x_wconf 79' lang='lat' dir='ltr'>‹jus</span> <span class='ocrx_word' id='word_1_218' title='bbox 726 2467 905 2511; x_wconf 81' lang='lat' dir='ltr'>intranti</span> <span class='ocrx_word' id='word_1_219' title='bbox 929 2467 970 2509; x_wconf 87' lang='lat' dir='ltr'>in</span> <span class='ocrx_word' id='word_1_220' title='bbox 991 2469 1196 2510; x_wconf 83' lang='lat' dir='ltr'>Sanctum</span> <span class='ocrx_word' id='word_1_221' title='bbox 1211 2466 1254 2509; x_wconf 90' lang='lat' dir='ltr'>in</span> <span class='ocrx_word' id='word_1_222' title='bbox 1270 2474 1502 2525; x_wconf 83' lang='lat' dir='ltr'>conspectu</span> <span class='ocrx_word' id='word_1_223' title='bbox 1522 2465 1694 2509; x_wconf 86' lang='lat' dir='ltr'>Domini</span> <span class='ocrx_word' id='word_1_224' title='bbox 1715 2474 1757 2509; x_wconf 87' lang='lat' dir='ltr'>et</span> 
     </span>
     <span class='ocr_line' id='line_1_30' title="bbox 377 2536 1753 2594; baseline 0 -14"><span class='ocrx_word' id='word_1_225' title='bbox 377 2560 396 2581; x_wconf 81' lang='lat'>»</span> <span class='ocrx_word' id='word_1_226' title='bbox 432 2541 626 2594; x_wconf 64' lang='lat' dir='ltr'>exeunti,</span> <span class='ocrx_word' id='word_1_227' title='bbox 648 2549 697 2584; x_wconf 84' lang='lat' dir='ltr'>ut</span> <span class='ocrx_word' id='word_1_228' title='bbox 720 2555 809 2583; x_wconf 86' lang='lat' dir='ltr'>non</span> <span class='ocrx_word' id='word_1_229' title='bbox 832 2538 1063 2582; x_wconf 69' lang='lat' dir='ltr'>moriatur⁴</span> <span class='ocrx_word' id='word_1_230' title='bbox 1093 2557 1100 2581; x_wconf 92' lang='lat'>:</span> <span class='ocrx_word' id='word_1_231' title='bbox 1131 2556 1148 2577; x_wconf 71' lang='lat' dir='ltr'>n</span> <span class='ocrx_word' id='word_1_232' title='bbox 1175 2536 1373 2580; x_wconf 77' lang='lat' dir='ltr'>intrantis</span> <span class='ocrx_word' id='word_1_233' title='bbox 1396 2546 1438 2579; x_wconf 83' lang='lat' dir='ltr'>ct</span> <span class='ocrx_word' id='word_1_234' title='bbox 1461 2537 1653 2591; x_wconf 61' lang='lat' dir='ltr'>exeuntis</span> <span class='ocrx_word' id='word_1_235' title='bbox 1675 2551 1753 2580; x_wconf 79' lang='lat' dir='ltr'>vo-</span> 
     </span>
    </p>
   </div>
   <div class='ocr_carea' id='block_1_9' title="bbox 422 2630 1562 2676">
    <p class='ocr_par' dir='ltr' id='par_1_9' title="bbox 422 2630 1562 2676">
     <span class='ocr_line' id='line_1_31' title="bbox 422 2630 1562 2676; baseline -0.004 -9"><span class='ocrx_word' id='word_1_236' title='bbox 422 2644 427 2658; x_wconf 90' lang='lat'>¹</span> <span class='ocrx_word' id='word_1_237' title='bbox 450 2637 546 2667; x_wconf 55' lang='lat' dir='ltr'>lix&#39;ml.</span> <span class='ocrx_word' id='word_1_238' title='bbox 563 2647 673 2676; x_wconf 68' lang='lat' dir='ltr'>xxviii,</span> <span class='ocrx_word' id='word_1_239' title='bbox 693 2635 743 2668; x_wconf 72' lang='lat'>30.</span> <span class='ocrx_word' id='word_1_240' title='bbox 766 2652 806 2657; x_wconf 83' lang='lat'>-—</span> <span class='ocrx_word' id='word_1_241' title='bbox 827 2641 839 2656; x_wconf 79' lang='lat'><strong>2</strong></span> <span class='ocrx_word' id='word_1_242' title='bbox 855 2635 934 2665; x_wconf 57' lang='lat' dir='ltr'>lbial.</span> <span class='ocrx_word' id='word_1_243' title='bbox 958 2632 1009 2665; x_wconf 79' lang='lat'>31.</span> <span class='ocrx_word' id='word_1_244' title='bbox 1035 2651 1073 2655; x_wconf 81' lang='lat'>--</span> <span class='ocrx_word' id='word_1_245' title='bbox 1100 2631 1212 2664; x_wconf 77' lang='lat' dir='ltr'>31bid.</span> <span class='ocrx_word' id='word_1_246' title='bbox 1239 2632 1290 2663; x_wconf 66' lang='lat'>39..</span> <span class='ocrx_word' id='word_1_247' title='bbox 1326 2649 1359 2655; x_wconf 90' lang='lat'>—</span> <span class='ocrx_word' id='word_1_248' title='bbox 1377 2631 1392 2661; x_wconf 70' lang='grc'><strong>4</strong></span> <span class='ocrx_word' id='word_1_249' title='bbox 1411 2632 1491 2663; x_wconf 81' lang='lat' dir='ltr'>Ibid.</span> <span class='ocrx_word' id='word_1_250' title='bbox 1510 2630 1562 2663; x_wconf 69' lang='lat'>135.</span> 
     </span>
    </p>
   </div>
   <div class='ocr_carea' id='block_1_10' title="bbox 1783 0 1872 3267">
    <p class='ocr_par' dir='ltr' id='par_1_10' title="bbox 1783 0 1872 3267">
     <span class='ocr_line' id='line_1_32' title="bbox 1783 0 1872 3267; baseline 0 0"><span class='ocrx_word' id='word_1_251' title='bbox 1783 0 1872 3267; x_wconf 95' lang='lat' dir='ltr'> </span> 
     </span>
    </p>
   </div>
  </div>
 </body>
</html>
