1872 3267
13 1876 15 1905 „⁴
12 1531 16 1862 „—„—-—-—<-.
11 1040 15 1508 .,.-——.—.-
11 371 16 1026 ---—-—.-————-—.---.-
0 0 17 363 ...ᾖ-π

363 190 629 225 orma-tomas
662 191 705 218 111
739 190 950 228 οεΝΕεῙΜ,
988 192 1067 218 mn.
1107 191 1135 216 1.
1361 176 1442 217 149

532 292 768 342 QUAESTIO
803 293 970 332 valit.

133 398 260 450 Quon
304 396 514 441 Rebeccae
553 395 760 441 dixerunt
804 397 957 441 fratres
994 397 1084 456 ejus
1126 394 1443 456 proficiscenti,

64 486 84 510 ι(
120 469 248 512 Soror
276 476 422 511 nostra
455 482 524 522 es,
556 477 647 511 esto
670 467 715 511 in
743 466 877 511 millia
911 466 1119 521 millium,
1150 475 1194 510 et
1214 464 1447 510 haeredita-

62 557 83 580 »
117 547 203 583 tem
223 538 419 583 obtineat
440 553 587 582 semen
608 547 732 582 tuum
747 574 757 592 ,
784 538 977 584 civitates
1000 537 1368 582 adversariorum1
1391 556 1399 581 :
1419 555 1439 578 »

59 626 147 655 non
168 611 394 670 prophetae
421 610 624 664 fuerunt,
656 619 731 654 aut
761 611 950 654 vanitate
976 619 1062 653 tam
1078 624 1237 668 magna
1266 616 1445 668 optave-

59 691 182 737 runt3
217 681 291 726 sed
323 697 394 727 cos
425 697 525 742 quae
553 682 809 742 promiserat
830 686 944 728 Deus
976 682 1164 728 Abrahae
1190 680 1324 727 latere
1355 695 1445 726 non

58 761 215 812 potuit.

548 861 785 911 Quizsrlo
818 863 951 901 LXIX.

115 966 241 1018 Qnon
270 964 480 1025 scriptum
513 973 599 1018 est,
625 966 721 1007 «Et
743 963 844 1007 exiit
867 966 984 1007 Isaac
1007 963 1193 1007 exerceri
1214 963 1260 1006 in
1293 977 1448 1022 campo

62 1053 83 1077 »
115 1034 346 1080 meridie²t
373 1053 393 1076 »
420 1034 496 1095 qui
529 1035 713 1078 verbum
742 1033 797 1077 dc
830 1034 911 1077 hac
941 1049 987 1077 re
1010 1048 1200 1092 graecum
1223 1033 1444 1088 nesciunt,

58 1105 406 1149 exercitationem
421 1106 612 1164 corporis
628 1114 799 1164 putant.
825 1105 1042 1164 Scriptum
1061 1113 1125 1149 est
1141 1113 1286 1149 autem
1310 1120 1448 1162 graece

59 1182 264 1224 ἀδολεστῑσαι,
300 1182 576 1220 &svesai-,vero
611 1175 666 1220 ad
704 1175 836 1219 animi
859 1175 1209 1220 exercitationem
1231 1176 1444 1235 pertinet,

57 1257 100 1292 et
126 1264 239 1308 saepe
270 1249 376 1292 vitio
405 1247 642 1307 deputatur
663 1266 670 1291 :
692 1261 813 1290 more
836 1255 981 1290 tamen
1013 1246 1334 1305 Scripturarum
1354 1246 1449 1306 ple-

58 1334 239 1376 rumque
262 1320 307 1363 in
339 1319 455 1363 bono
482 1317 675 1377 ponitur.
708 1320 791 1361 Pro
822 1317 904 1361 isto
942 1317 1075 1362 verbo
1098 1317 1278 1378 quidam
1310 1318 1448 1361 inter-

56 1390 212 1449 pretati
239 1398 341 1434 sunt
368 1388 741 1443 exercitationem,
774 1388 953 1448 quidam
977 1388 1299 1448 garrulitatem,
1325 1389 1451 1450 quasi

56 1461 385 1515 verbositatem,
429 1475 527 1520 quae
560 1460 766 1514 inbono,
806 1469 1021 1520 quantum
1053 1459 1108 1504 ad
1138 1459 1324 1504 latinum
1353 1460 1447 1504 elo-

56 1533 207 1593 quium
232 1532 442 1592 pertinet,
467 1533 536 1577 vix
554 1541 628 1576 aut
645 1547 872 1592 nunquam
894 1532 1136 1587 invenitur,
1157 1532 1248 1587 sed,
1270 1541 1319 1575 ut
1342 1532 1446 1589 dixi,

56 1603 100 1646 in
125 1603 354 1663 Scripturis
376 1602 635 1662 plerumque
659 1602 702 1645 in
726 1602 842 1646 bono
866 1601 1024 1646 (licitur
1044 1622 1052 1646 ;
1079 1611 1122 1645 et
1142 1601 1316 1646 videtur
1339 1603 1447 1646 mihi

56 1674 295 1732 significare
320 1674 452 1718 animi
475 1672 683 1717 affectum
707 1672 1017 1716 studiosissime
1039 1671 1205 1732 aliquid
1221 1673 1449 1730 cogitantis

56 1760 156 1788 cum
171 1744 458 1789 delectatione
480 1743 752 1802 cogitationis
772 1763 780 1787 ε
802 1742 884 1787 nisi
902 1742 1021 1787 aliud
1044 1744 1237 1787 sentiunt
1254 1743 1329 1803 qui
1353 1745 1447 1787 haec

57 1815 185 1859 verba
209 1830 346 1873 graeca
368 1814 521 1858 melius
542 1813 805 1869 intelligunt.

571 1920 807 1970 Qt‘AEs'rm
840 1921 956 1958 Lxx.

120 2044 140 2066 «
171 2027 394 2068 Anncmivs
423 2031 570 2067 autem
603 2020 824 2066 Abraham
858 2021 1044 2080 sumpsit
1065 2035 1245 2065 uxorem
1272 2022 1449 2066 nomine

61 2114 82 2136 »
115 2096 351 2140 Cethuram
373 2095 404 2138 ³.
434 2112 454 2135 »
493 2093 686 2146 Quaestio
712 2092 807 2136 haec
840 2101 971 2146 esset,
1003 2093 1034 2136 si
1058 2101 1287 2151 peccatum
1315 2102 1446 2148 esset,

60 2166 242 2210 maxime
280 2165 325 2209 in
363 2164 549 2224 antiquis
572 2162 775 2207 dantibus
799 2177 976 2222 operam
1000 2161 1293 2222 propagandae
1315 2162 1443 2222 proli.

60 2235 296 2289 Quodlibet
322 2235 436 2278 enim
471 2234 542 2278 hic
575 2250 707 2294 quam
742 2233 1057 2277 incontinentia
1088 2232 1348 2292 suspicanda
1379 2243 1446 2277 cst

61 2306 167 2349 tanti
190 2306 270 2349 viri
286 2341 296 2360 ,
320 2306 366 2349 in
385 2304 458 2348 illa
481 2303 720 2364 praesertim
739 2305 830 2364 jam
853 2312 995 2347 aetate.
1023 2306 1113 2347 Cur
1130 2312 1276 2347 autem
1294 2302 1446 2347 dehac

63 2375 168 2420 filios
189 2374 353 2431 fecerit,
370 2376 446 2436 qui
464 2390 564 2418 011111
582 2373 793 2419 miraculo
815 2374 869 2418 de
889 2377 987 2419 Sara
1006 2373 1187 2429 fecerat,
1211 2389 1339 2433 supra
1360 2374 1450 2418 dic-

63 2455 153 2490 tum
175 2446 262 2489 0314
282 2465 291 2491 ;
317 2461 569 2506 quanquam
584 2443 785 2489 nonnulli
805 2444 972 2489 donum
993 2445 1114 2503 quod
1128 2444 1294 2503 accepit
1307 2444 1447 2488 Abra-

110 2547 118 2563 ¹
140 2544 216 2574 Gen.
238 2540 393 2582 nuntio..
409 2558 449 2564 —
464 2541 568 2573 ²1b1d.
584 2541 639 2573 63.
656 2539 722 2563 ...⁴³
738 2541 784 2573 ld.
801 2552 877 2579 xxv,
896 2552 921 2571 1.
938 2558 978 2563 ——
994 2539 1010 2570 4
1023 2540 1101 2572 Vide
1113 2550 1209 2582 supra
1221 2544 1331 2582 quisest.
1347 2550 1442 2573 xxxv.
