1872 3267
419 183 501 220 514
857 195 890 220 s·
928 196 1156 222 Anousnivi
1190 197 1370 222 El’lseol’l

414 258 524 302 ferat
542 258 696 317 pignus
711 294 722 311 ,
746 258 867 318 quod
889 259 1044 304 eodem
1065 260 1134 305 die
1158 270 1331 320 oportet
1355 269 1404 304 ut
1433 261 1643 305 restituat.
1670 261 1800 314 Quod

413 328 447 372 si
468 326 524 372 ad
540 326 894 387 compellendum
912 327 1155 375 debitorem
1172 331 1265 374 fieri
1286 330 1489 386 voluerit,
1515 331 1739 391 quomodo
1755 346 1803 376 se·
1831 382 1833 395 1

414 407 565 456 urgeat
586 396 640 442 ad
657 397 930 442 reddendum
944 434 954 454 ,
975 415 1078 444 cum
1094 401 1198 445 sciat
1219 401 1376 460 pignus
1396 400 1550 444 eodem
1571 400 1641 444 die
1662 416 1707 445 se
1727 414 1803 445 re-=

414 471 676 528 cepturum?
699 472 767 513 An
785 468 896 514 forte
917 471 1000 515 1100
1017 471 1110 515 fieri
1125 470 1312 516 voluerit
1330 480 1508 530 propter
1524 471 1802 527 memoriam,²

415 556 470 584 ne
494 539 772 585 obliviscatur
797 540 977 586 reddere
993 578 1003 597 ,
1038 551 1082 586 et
1101 552 1207 587 tunc
1235 559 1323 587 non
1354 542 1510 586 reddat
1531 543 1564 585 si
1589 558 1690 587 vere
1710 543 1803 588 non‘
1830 565 1832 569 ·

416 611 650 668 habuerit:
678 611 861 654 maxime
883 611 984 671 quia
1007 611 1233 656 creditoris
1256 613 1320 657 sui
1342 612 1633 656 misericordia
1661 612 1806 657 ·.·inci—=
1830 609 1833 616 ’

416 691 503 737 tur,
539 682 610 727 cui
632 698 722 727 esse
744 698 834 726 non
864 683 997 727 debet
1019 683 1238 742 ingratus,
1264 685 1297 728 si
1319 684 1475 743 pignus
1498 685 1731 744 receperit,
1755 685 1805 729 in*

417 769 506 814 quo
523 752 709 797 dormiat
730 772 739 797 ε
764 752 894 797 simul
921 763 964 797 et
986 754 1175 798 creditor
1197 770 1295 799 cum
1319 755 1391 798 ille
1418 769 1507 799 non
1531 754 1769 799 reddiderit
1786 763 1805 811 ,³

419 824 550 869 debet
578 840 678 869 eum
713 825 890 869 credere
922 840 1012 870 non
1044 825 1227 881 hahere,
1262 826 1337 886 qui
1369 826 1450 870 hac
1477 826 1608 869 etiam
1637 825 1802 884 indiget

418 895 727 951 misericordia,
745 904 795 940 ut
805 896 962 955 pignus
976 896 1011 940 ei
1033 905 1258 956 propterea
1273 895 1539 952 restituatur,
1551 895 1671 956 quod
1683 895 1802 941 aliud
1862 915 1872 942 s«

420 981 509 1011 non
530 966 664 1010 habet
681 966 759 1010 ubi
783 966 995 1011 dormiat?
1459 972 1462 973 ⁷
1799 987 1801 989 ’
1825 961 1830 1166 ι
1863 973 1872 1015 [

922 1064 1158 1113 QUAESTIO
1189 1065 1306 1102 XLII.

484 1186 503 1207 «
526 1168 622 1211 NoN
643 1165 885 1210 morientur
904 1175 1046 1225 patres
1067 1182 1145 1226 pro
1163 1166 1277 1221 filiis,
1295 1175 1337 1209 et
1354 1165 1431 1209 filii
1453 1181 1542 1210 non
1563 1156 1802 1210 morientur

423 1256 442 1277 »
478 1252 557 1296 pro
574 1236 769 1296 patribus
792 1257 799 1281 ;
826 1237 1124 1297 unusquisque
1141 1236 1187 1280 in
1209 1253 1286 1280 suo
1304 1246 1481 1295 peccato
1503 1236 1753 1280 morieturl.
1777 1255 1809 1300 »ξ’
1834 1287 1835 1290 ¹

420 1310 532 1351 Eece
553 1323 642 1351 non
663 1306 803 1351 solum
822 1308 1050 1366 Prophetae
1073 1307 1156 1350 hoc
1174 1306 1391 1362 dixerunt,
1414 1307 1698 1351 verumetiam
1716 1309 1804 1357 Lex3

419 1376 539 1433 dicit,
560 1394 634 1421 sua
649 1376 776 1436 eulpa
796 1392 1014 1437 quemque
1029 1377 1382 1428 interimendum,
1402 1393 1491 1420 non
1507 1386 1651 1420 autem
1670 1376 1802 1436 patris
1834 1375 1837 1385 '

420 1449 506 1502 sui,
533 1457 607 1491 aut
624 1447 701 1491 filii
719 1448 825 1491 sui‘2.
849 1447 966 1500 Quid
984 1457 1047 1491 est
1064 1463 1166 1505 ergo
1184 1446 1304 1507 quod
1327 1445 1426 1490 alibi
1448 1446 1621 1502 dicitur,
1649 1466 1668 1488 «
1692 1450 1803 1491 Deus

422 1608 442 1631 »
477 1589 726 1649 progeniem
736 1590 777 1632 ²³?
794 1607 812 1629 »
831 1591 900 1632 An
917 1588 971 1632 de
993 1587 1090 1631 filiis
1112 1586 1307 1631 nondum
1330 1588 1440 1631 natis
1464 1587 1573 1632 illud
1596 1588 1801 1646 intelligi-

423 1670 506 1715 tur,
518 1669 695 1719 propter
708 1657 915 1717 originale
930 1667 1172 1717 peceatum,
1187 1658 1307 1718 quod
1319 1659 1447 1702 etiam
1461 1674 1513 1702 ex
1522 1657 1659 1702 Adam
1674 1659 1803 1703 traxit

421 1747 554 1790 genus
578 1731 844 1786 humanum,
868 1729 938 1772 1110
961 1738 1106 1772 autem
1131 1728 1185 1771 de
1212 1727 1308 1771 filiis
1332 1729 1422 1787 jam
1456 1729 1565 1772 natis
1599 1738 1662 1773 est
1691 1728 1802 1774 facta

420 1800 661 1855 distinctio,
687 1809 736 1843 ut
766 1799 1064 1858 unusquisque
1086 1798 1131 1841 in
1152 1813 1230 1841 suo
1248 1807 1426 1856 peccato
1448 1799 1684 1842 moriatur?
1705 1801 1801 1844 Non
1828 1835 1830 1838 .

419 1871 535 1915 enim
552 1870 684 1915 trahit
705 1868 871 1929 aliquid
893 1884 942 1912 ex
964 1878 1083 1927 patre
1099 1903 1109 1922 ,
1131 1868 1205 1927 qui
1223 1868 1313 1927 jam
1338 1877 1464 1912 natus
1482 1877 1573 1911 erat
1589 1903 1599 1923 ,
1625 1869 1801 1928 quando

418 1952 540 2003 pater
569 1944 658 2002 ejus
683 1941 889 2001 peccavit.
918 1939 1001 1984 Sed
1023 1955 1123 1983 cum
1151 1948 1193 1982 et
1217 1939 1277 1982 ibi
1299 1938 1427 1993 dicit,
1453 1959 1473 1981 «
1498 1940 1571 1983 His
1593 1940 1669 1999 qui
1694 1939 1800 1984 ode-

423 2034 444 2056 «
479 2023 582 2057 runt
594 2028 662 2057 me
674 2033 685 2069 ς
698 2031 717 2052 »
730 2011 1008 2056 manifestum
1021 2019 1083 2054 est
1099 2010 1227 2053 ctiam
1242 2009 1359 2054 illam
1374 2010 1666 2054 conditionem
1680 2026 1802 2070 posse

418 2084 593 2138 mutari,
618 2083 652 2126 si
670 2082 746 2126 filii
765 2092 990 2139 parentum
1011 2096 1186 2125 suorum
1204 2079 1317 2124 facta
1339 2097 1428 2125 non
1446 2080 1608 2124 fuerint
1627 2081 1797 2125 imitati.
1832 2139 1834 2142 v

417 2158 526 2202 Nam
549 2163 590 2198 et
612 2152 722 2198 illud
743 2170 794 2196 cx
813 2152 953 2197 Adam
971 2150 1265 2211 temporaliter
1287 2151 1500 2206 redditur,
1527 2152 1628 2212 quia
1651 2167 1801 2196 omnes

417 2235 595 2287 propter
620 2226 704 2270 hoc
726 2223 971 2268 moriuntur
999 2243 1006 2267 :
1033 2238 1122 2266 non
1143 2232 1288 2267 autem
1313 2222 1358 2265 in
1380 2232 1593 2266 aeternum
1615 2223 1696 2277 cis,
1722 2220 1800 2283 qui

417 2296 580 2341 fuerint
610 2312 686 2356 per
708 2295 888 2355 gratiam
913 2293 1160 2353 spiritaliter
1181 2293 1442 2351 regenerati,
1468 2294 1512 2337 in
1535 2308 1672 2354 eaque
1697 2309 1796 2352 per-

419 2367 655 2412 manserint
675 2381 812 2427 usque
836 2366 880 2409 in
903 2366 1049 2408 finem.
1074 2365 1279 2418 Quamvis
1294 2373 1336 2408 et
1352 2363 1463 2408 illud
1485 2364 1641 2408 merito
1662 2363 1799 2424 quaeri
1826 2396 1829 2407 ι

418 2439 564 2498 possit,
586 2439 619 2483 si
638 2437 881 2482 redduntur
898 2445 1068 2496 peecata
1093 2445 1267 2496 patrum
1289 2435 1334 2479 in
1356 2434 1465 2480 filios
1487 2435 1573 2488 his,
1599 2434 1675 2495 qui
1691 2434 1798 2479 ode·-

470 2544 476 2558 ¹
499 2540 592 2568 Dent.
620 2546 705 2577 xxiv,
728 2537 775 2567 16.
804 2552 844 2557 -—
865 2541 878 2558 ²
898 2534 1012 2566 Enoch.
1035 2544 1118 2571 xvm,
1139 2544 1188 2575 ¹7·
1215 2550 1255 2555 --
1275 2531 1287 2554 3
1310 2533 1407 2564 Exod.
1432 2544 1482 2571 xx,
1503 2532 1533 2563 Γ).
