1872 3267
418 250 502 293 414
857 264 891 290 s.
926 261 1155 292 AUGUSTIM
1187 263 1369 293 EPISCOPI

881 366 1117 417 QUAESTIO
1148 369 1322 407 LXXXI.

471 486 493 510 «
526 467 674 513 CAPUT
711 480 802 511 non
840 475 1005 526 reteget
1042 467 1199 524 cidari,
1234 477 1278 512 et
1307 467 1564 513 vestimenta
1595 482 1673 513 sua
1701 483 1792 513 non

411 557 432 580 »
467 537 650 593 scindet,
672 545 715 581 et
733 551 862 596 super
877 552 1050 582 omnem
1072 539 1260 583 animam
1280 548 1497 584 mortuam
1521 554 1613 586 non
1634 539 1789 583 introi-

409 627 430 650 »
467 607 571 653 bitl.
602 625 621 649 n
649 606 913 667 Intelligitur
933 623 982 651 ea
1006 624 1104 668 quae
1130 624 1260 669 supra
1288 608 1410 665 dixit,
1435 608 1481 652 in
1501 607 1628 653 luctu
1649 607 1790 653 facere

406 694 509 725 eum
537 678 830 739 prohibitum,
854 677 901 722 id
929 687 1015 735 est,
1041 688 1173 739 caput
1203 679 1370 724 nudare
1399 678 1555 735 cidari,
1581 687 1624 723 et
1655 679 1785 724 vesti-

404 758 551 794 menta
574 748 784 793 scindere,
800 748 1067 793 Vestimenta
1086 749 1203 793 enim
1219 749 1414 794 scindere
1435 749 1682 808 lugentium
1698 757 1790 793 erat

405 822 712 882 antiquorum:
738 820 850 865 sicut
876 819 931 864 de
958 820 1042 865 Job
1071 821 1279 881 scriptum
1305 831 1384 878 est,
1410 836 1511 865 cum
1533 820 1572 864 ei
1594 819 1671 864 filii
1699 821 1788 880 ejus

404 892 529 937 ruina
546 891 853 935 nuntiarentur
876 891 1067 950 oppressi
1076 894 1108 935 ⁴².
1134 891 1308 936 Nudare
1331 900 1476 935 autem
1502 900 1635 951 caput
1655 889 1788 935 cidari

403 971 633 1023 propterea
661 961 849 1021 lugentis
883 977 973 1006 esse
1001 962 1166 1023 potuit,
1194 962 1295 1022 quia
1317 960 1528 1006 detractio
1560 970 1623 1005 est
1657 972 1787 1006 orna-

403 1034 554 1078 menti.
589 1032 719 1086 Quod
754 1048 855 1077 vero
883 1033 963 1088 ait,
1004 1051 1020 1072 «
1062 1035 1199 1093 Super
1240 1048 1413 1077 omnem
1448 1032 1636 1077 animam
1670 1047 1788 1077 mor-

405 1122 426 1146 »
462 1114 582 1148 tuam
616 1119 706 1148 non
732 1103 955 1148 introibit³
976 1122 985 1148 :
1014 1122 1034 1144 ³)
1057 1104 1280 1164 quomodo
1299 1103 1417 1148 dicat
1443 1103 1631 1148 animam
1666 1119 1786 1148 mor-

406 1184 525 1219 tuam
546 1190 701 1234 corpus
723 1182 962 1229 mortuum,
987 1172 1165 1218 difficile
1183 1183 1246 1219 est
1278 1173 1546 1233 intelligere:
1571 1190 1621 1218 ea
1642 1183 1787 1218 tamen

404 1248 726 1307 Scripturarum
748 1255 811 1291 est
828 1246 984 1290 usitata
1003 1246 1182 1301 locutio,
1208 1262 1307 1306 quae
1326 1246 1450 1290 nobis
1466 1246 1786 1291 inusitatissima

401 1327 479 1363 est.
496 1321 666 1363 Nomen
690 1333 791 1376 ergo
814 1317 1001 1361 rectricis
1023 1333 1112 1361 suae
1140 1317 1268 1361 etiam
1292 1333 1448 1377 corpus
1471 1317 1626 1377 accipit
1643 1317 1785 1361 anima

400 1388 675 1444 destitutum,
692 1387 899 1448 quoniam
916 1386 1189 1431 reddendum
1208 1387 1272 1431 illi
1295 1397 1358 1431 est
1378 1388 1424 1431 in
1450 1388 1782 1446 resurrectione3

399 1460 511 1505 sieut
549 1459 784 1504 aedificium
825 1457 946 1519 quod
986 1457 1229 1518 appellatur
1268 1458 1482 1513 Ecclesia,
1515 1459 1644 1503 ctiam
1683 1474 1783 1504 cum

398 1531 501 1575 inde
527 1530 718 1575 Ecclesia
745 1529 908 1585 exierit,
935 1529 1011 1590 qui
1032 1528 1230 1573 homines
1248 1538 1366 1584 sunt,
1392 1529 1673 1574 nihilominus
1695 1532 1782 1574 Ec-

398 1602 526 1647 clesia
550 1601 723 1647 dicitur.
745 1600 829 1646 Sed
846 1616 945 1645 cum
963 1616 1120 1660 corpus
1142 1616 1231 1644 non
1249 1600 1434 1660 accipiat
1452 1601 1606 1645 animae
1625 1616 1784 1646 nomen

398 1675 443 1720 in
463 1674 641 1719 homine
669 1673 863 1728 vivente,
888 1671 1111 1733 quomodo
1146 1681 1250 1715 tunc
1284 1681 1464 1717 vocetur
1497 1672 1662 1728 anima,
1684 1688 1784 1717 cum
1822 1699 1824 1708 ·

398 1744 586 1789 caruerit
614 1743 778 1799 anima,
810 1743 970 1786 mirum
1002 1751 1079 1786 est.
1116 1745 1250 1786 Porro
1287 1742 1320 1785 si
1351 1741 1539 1786 animam
1566 1752 1783 1787 mortuam
1820 1741 1823 1792 i

399 1813 735 1859 intellexerimus
766 1829 789 1857 a
811 1827 992 1872 corpore
1013 1821 1277 1871 separatam,
1308 1821 1357 1855 ut
1388 1811 1523 1871 ipsam
1551 1814 1784 1873 separatio-

400 1901 500 1929 nem
530 1893 715 1929 mortem
748 1883 902 1927 dixisse
936 1881 1154 1937 videatur,
1180 1881 1227 1925 id
1259 1892 1346 1937 est,
1371 1891 1422 1926 ut
1443 1882 1586 1927 anima
1612 1893 1784 1929 mortua
1816 1937 1819 1946 Ι

399 1956 453 2000 sit
482 1954 694 2014 dirempta
729 1970 752 1997 a
786 1968 988 2012 corpore,
1017 1968 1106 1996 non
1139 1961 1294 1996 natura
1325 1968 1401 1996 sua
1431 1952 1628 2012 perdita:
1653 1957 1784 2012 (Non

398 2026 514 2070 enim
537 2035 581 2070 et
595 2040 696 2070 cum
717 2024 902 2068 dicimur
933 2023 1096 2068 mortui
1117 2024 1343 2084 peccato4,
1363 2033 1518 2069 natura
1535 2024 1694 2069 dieitur
1715 2025 1783 2071 in-
1814 2036 1817 2060 ὲ

401 2097 576 2152 teriisse,
598 2095 670 2141 sed
693 2093 813 2156 quod
830 2095 920 2154 jam
944 2103 1121 2153 peccato
1145 2109 1234 2139 non
1252 2094 1442 2140 utimur:
1466 2104 1517 2139 ut
1537 2095 1597 2140 sic
1617 2095 1782 2143 intelli·
1812 2111 1815 2138 i

398 2178 523 2227 gatur
557 2169 699 2213 anima
734 2175 930 2222 mortua,
949 2164 995 2210 id
1024 2175 1108 2221 est,
1136 2166 1308 2226 corpori.
1339 2175 1533 2223 mortua,
1563 2167 1684 2227 quod
1717 2167 1782 2212 uti
1810 2206 1812 2228 :

397 2255 449 2284 eo
471 2239 667 2293 desierit,
693 2253 793 2283 cum
824 2237 871 2280 in
898 2252 973 2280 sua
1009 2247 1164 2281 natura
1195 2237 1314 2282 vivat
1332 2240 1372 2295 z)
1397 2237 1618 2298 quomodo
1641 2247 1783 2297 potest

396 2311 627 2371 quisquam
647 2309 809 2353 intrare
830 2322 959 2367 super
976 2308 1163 2351 animam
1186 2317 1425 2363 mortuam,
1447 2307 1567 2368 quod
1584 2307 1782 2353 sacerdos
1808 2319 1809 2337 *

396 2381 476 2425 iste
492 2381 767 2440 prohibetur,
792 2393 892 2423 cum
912 2378 1107 2438 quisquis
1129 2378 1278 2434 intrat,
1296 2393 1424 2438 super
1446 2387 1668 2422 mortuum
1689 2394 1782 2423 cor·
1806 2371 1809 2413 ἶ

396 2467 478 2510 pus
507 2451 660 2505 intret,
683 2466 772 2495 non
804 2464 932 2509 super
961 2447 1149 2492 animam
1181 2464 1280 2509 quae
1308 2446 1500 2492 discessit
1522 2465 1545 2493 a
1571 2421 1807 2519 οοιροιῈΡ]Ι

396 2525 464 2566 An
484 2522 618 2582 ipsam
641 2521 773 2566 vitam
800 2519 1082 2579 temporalem
1107 2519 1262 2562 animae
1283 2518 1498 2564 vocabulo
1521 2518 1776 2579 appellavit,

445 2625 452 2641 ¹
472 2618 576 2651 chit.
601 2629 668 2660 xx1,
687 2629 737 2660 10,
767 2629 817 2650 11.
836 2634 878 2640 —
893 2624 905 2639 ²
919 2616 991 2650 Job.
1013 2628 1036 2658 ι,
1056 2625 1110 2650 20.
1127 2614 1193 2639 -3
1208 2616 1311 2649 Levit.
1329 2627 1394 2658 xxi,
1418 2628 1469 2649 11.
1490 2633 1530 2640 ·—-
1545 2614 1562 2646 4
1581 2619 1670 2650 Rom.
1686 2625 1775 2658 w‚2.
1800 2637 1801 2666 1

1843 399 1852 724 l

1839 726 1846 907 l

1838 910 1842 948 1

1836 950 1841 1055 ἕ

1833 1060 1839 1211 l

1831 1226 1836 1292 f

1849 0 1861 389 ι’

1862 0 1872 116 l

1863 438 1872 547 ἐ

1861 582 1872 693 ἑ

1859 704 1872 856 ἒ
