1872 3267
385 268 650 305 Qrffisrtouns
684 270 727 296 m·
761 269 968 305 Exonmt,
1005 268 1086 294 Lm.
1124 268 1171 293 ιι.
1387 254 1470 292 3-27

84 348 183 377 cum
206 333 401 394 loquitur
421 333 476 379 de
498 336 631 389 atrio,
660 343 703 378 et
729 348 799 377 eas
820 332 970 376 decem
1000 332 1147 376 dicens
1173 346 1273 375 curn
1297 331 1473 375 basibus

82 406 218 460 aereis,
241 406 352 450 sicut
371 406 478 451 dixit
497 407 625 450 etiam
643 406 698 450 de
713 403 1064 450 Occidentalibus
1082 424 1091 448 ε
1117 404 1194 447 ubi
1215 401 1470 447 difficillima

83 477 221 521 oritur
246 479 446 537 quaestio.
472 479 580 522 Nam
606 474 730 521 facile
753 484 817 520 est
835 475 1038 535 quidem,
1065 482 1114 518 ut
1133 473 1394 533 accipiamus
1418 473 1473 517 ab

81 548 258 592 Oriente
280 564 418 592 unum
442 548 638 593 ordinem
661 545 967 592 columnarum
991 546 1046 591 ad
1068 546 1226 591 atrium
1246 545 1473 605 pertinen-

82 619 208 672 tium,
219 635 308 680 quo
325 619 658 664 tabernaculum
677 618 858 663 interius
876 633 953 678 per
966 632 1114 662 omnes
1129 625 1319 678 quatuor
1331 625 1475 676 partes

81 689 295 748 cingitur,
326 689 427 750 quia
451 705 541 734 non
562 689 755 734 habebat
783 704 833 733 ex
859 704 907 733 ea
930 697 1054 748 parte
1075 687 1300 732 columnas
1323 687 1473 731 taber-

81 760 287 806 naculum
310 761 505 806 interius.
531 762 599 806 Ab
617 761 855 806 Occidente
883 770 1030 805 autem
1050 760 1130 804 ubi
1147 761 1240 821 jam
1261 767 1385 803 erant
1406 759 1476 804 in-

81 833 248 877 terioris
270 832 541 877 tabernaculi
569 832 787 878 columnae
816 842 936 888 octo,
966 831 1189 893 quomodo
1215 831 1346 875 etiam
1374 831 1476 876 istas

80 902 254 958 decem,
279 920 386 965 quas
415 904 635 949 exterioris
664 904 761 948 atrii
792 911 1132 957 commemorat,
1158 903 1379 966 accepturi
1401 918 1475 947 su-

79 989 195 1030 mus,
233 983 443 1036 tanquam
477 975 532 1019 ab
565 974 803 1020 Occidente
825 974 914 1021 duo
937 974 1023 1018 sint
1051 973 1224 1018 ordines
1246 972 1475 1020 colamna-

0 1034 2 1086 ζ
31 1084 35 1087 ⁴
78 1061 175 1090 rum
192 1081 202 1101 ,
224 1045 481 1090 interiorum
499 1055 598 1091 octo
615 1082 625 1101 ,
646 1055 690 1090 et
712 1046 973 1090 exteriorum
1005 1045 1188 1090 decem?
1209 1044 1339 1098 Quod
1361 1044 1395 1088 si
1415 1045 1474 1089 ita

77 1125 164 1171 est,
185 1116 383 1176 longiora
401 1126 531 1161 erunt
552 1117 683 1161 etiam
704 1116 839 1161 latera
861 1116 959 1160 atrii
981 1115 1226 1171 exterioris,
1253 1130 1387 1176 quam
1407 1124 1470 1159 ta-

78 1186 303 1231 bernaculi
330 1187 546 1232 interioris
562 1223 572 1242 ,
598 1197 649 1232 ut
666 1187 720 1231 sit
736 1186 856 1230 unde
876 1186 931 1233 ab
953 1195 1146 1231 extremo
1169 1187 1214 1231 in
1232 1196 1475 1231 extremum

78 1257 184 1303 alius
206 1257 509 1303 columnarum
524 1258 632 1302 ordo
655 1258 883 1317 dirigatur,
906 1267 949 1301 et
971 1273 1062 1301 non
1078 1258 1273 1301 incurrat
1290 1261 1335 1301 in
1353 1257 1474 1302 ordi-

77 1345 177 1373 nem
197 1330 387 1389 priorem
421 1328 477 1373 ad
499 1329 680 1372 interius
713 1327 1049 1373 tabernaculum
1083 1328 1390 1388 pertinentem.
1417 1331 1475 1373 Et

77 1400 111 1444 si
143 1401 227 1445 hoc
261 1409 347 1455 est,
384 1415 654 1460 consequens
692 1399 773 1443 erit
791 1435 801 1454 ,
844 1408 895 1444 ut
932 1398 1098 1443 vicenae
1139 1397 1225 1442 illae
1255 1398 1475 1444 columnae

76 1471 265 1516 duorum
286 1471 472 1516 laterum
493 1470 764 1515 tabernaculi
780 1470 995 1515 interioris
1013 1506 1023 1526 ,
1049 1470 1197 1514 Austri
1219 1479 1263 1515 et
1286 1470 1474 1532 Aquilo-

76 1544 140 1587 nis
155 1579 166 1598 ,
188 1542 427 1588 intervallis
450 1542 722 1586 brevioribus
744 1540 1020 1597 dirimantur,
1052 1557 1184 1605 quam
1203 1541 1290 1585 illae
1311 1543 1475 1586 vicenae

74 1630 182 1674 quas
215 1614 348 1658 habet
372 1615 530 1658 atrium
560 1613 748 1657 exterius
771 1628 823 1657 ex
846 1612 1007 1657 eisdem
1038 1613 1264 1657 lateribus.
1291 1616 1348 1658 Et
1369 1614 1471 1674 quia

75 1683 135 1728 illi
153 1685 382 1730 exteriores
400 1683 574 1729 ordines
590 1684 843 1730 vicenarum
857 1683 1178 1740 columnarum,
1197 1684 1309 1728 sicut
1333 1684 1474 1744 Scrip-

75 1765 171 1800 tura
192 1755 404 1817 loquitur,
435 1765 618 1800 centena
641 1756 788 1800 cubita
820 1764 994 1814 tenent,
1020 1756 1088 1800 isti
1109 1757 1337 1816 interiores
1359 1757 1468 1801 toti-

74 1829 174 1871 dem
203 1827 508 1872 columnarum
531 1827 752 1888 quotlibet
774 1827 917 1871 minus
940 1827 1090 1872 cubita
1118 1837 1315 1883 teneant,
1355 1845 1469 1890 quo-

74 1899 189 1942 niam
207 1899 290 1943 hoc
311 1899 531 1959 Scriptura
549 1914 639 1943 non
657 1899 863 1959 expressit
876 1935 886 1954 ,
907 1915 1179 1960 consequens
1196 1900 1291 1955 enit,
1309 1909 1360 1945 ut
1371 1911 1471 1946 octo

74 1969 288 2014 columnae
309 1969 396 2014 illae
428 1969 699 2014 tabernaculi
731 1970 948 2015 interioris
982 1971 1026 2014 in
1048 1970 1184 2015 latere
1207 1971 1470 2017 occidentali

75 2041 253 2086 rariores
276 2041 362 2085 sint
390 2057 522 2102 quam
549 2042 714 2086 vicenae
734 2040 821 2085 illae
844 2040 1038 2102 ejusdem
1061 2042 1331 2087 tabernaculi
1354 2046 1468 2088 Aus-

75 2112 200 2157 trales
221 2123 264 2158 et
286 2112 554 2174 Aquiloniae,
575 2123 625 2157 ut
640 2114 773 2173 possit
794 2114 1107 2173 comprehendi
1125 2115 1313 2175 spatium
1331 2132 1469 2178 quan-

77 2193 168 2228 tum
196 2184 380 2239 sufficit,
406 2183 555 2229 decem
587 2184 671 2228 illis
690 2184 836 2229 aulaeis
859 2185 1279 2241 circumtendendis,
1307 2187 1468 2248 quibus

75 2255 273 2314 primitus
290 2255 398 2299 dixit
414 2256 498 2299 hoc
516 2255 849 2300 tabernaculum
868 2257 975 2301 fieri.
999 2257 1174 2301 Habent
1192 2259 1307 2302 enim
1320 2259 1468 2304 cubita

75 2325 222 2370 vicena
260 2335 303 2370 et
331 2335 509 2381 octona,
547 2342 646 2387 quze
680 2327 792 2371 fiunt
830 2326 960 2371 simul
991 2326 1461 2387 ducenta-octoginta:

74 2411 261 2456 quorum
289 2397 322 2441 si
352 2406 535 2441 centena
559 2406 701 2441 essent
729 2397 775 2441 in
802 2397 1010 2443 lateribus
1039 2399 1214 2444 duobus
1246 2400 1391 2445 Austri
1422 2410 1466 2445 et

75 2466 301 2527 Aquilonis
318 2504 328 2523 ,
379 2468 457 2512 ubi
488 2468 741 2513 vicenarum
782 2468 1086 2514 columnarum
1125 2469 1296 2515 ordines
1335 2481 1461 2527 sunt,

75 2537 351 2597 quadragena
374 2539 528 2599 utique
550 2539 697 2583 cubita
721 2538 1005 2584 tenderentur
1022 2557 1098 2600 per
1116 2541 1197 2586 alia
1220 2542 1309 2586 duo
1330 2541 1462 2587 latera

77 2607 261 2652 Orientis
284 2618 326 2652 et
343 2608 590 2653 Occidentis
608 2645 618 2659 ,
639 2620 682 2652 et
703 2611 983 2668 proportione
1004 2622 1282 2656 occurrerent
1301 2613 1343 2655 in
1364 2622 1462 2657 ceto
