1872 3267
376 282 460 322 330
801 295 835 322 s.
871 293 1102 323 Aucus-run
1134 295 1317 324 nmscort

372 359 645 414 lumnarum,
669 357 790 419 quod
806 367 944 418 portae
965 360 1062 404 atrii
1085 359 1345 419 deputatum
1363 368 1494 421 atque
1516 366 1754 417 separatum

371 439 450 474 est.
469 429 574 474 Ideo
591 428 789 474 velamen
801 429 943 490 ipsum
957 447 978 476 a
991 430 1200 476 lateribus
1218 429 1491 491 quindenum
1510 429 1758 476 cubitorum

371 500 560 545 divisum
590 508 722 561 atque
743 509 987 560 separatum
1002 536 1013 556 ,
1040 502 1171 545 etiam
1193 502 1333 561 specie
1355 500 1565 560 distingui
1591 499 1754 554 voluit,

370 580 422 616 ut
438 585 568 631 opere
590 571 807 630 acu-picto
828 580 1015 631 quatuor
1035 571 1119 616 illis
1142 572 1361 617 coloribus
1387 572 1640 616 variaretur.
1673 570 1758 615 Sed

370 640 506 686 latera
534 640 607 686 illa
629 641 902 701 quindenum
925 641 1175 687 cubitorum
1197 643 1299 687 hinc
1330 651 1461 703 atque
1482 642 1586 686 hinc
1614 650 1758 685 ternas

370 711 593 756 columnas
615 711 874 756 habentium
888 746 899 767 ,
935 711 969 755 si
991 713 1048 756 ad
1079 712 1276 757 eamdem
1302 712 1428 756 lineae
1450 711 1757 756 rectitudinem

371 792 508 842 portae
530 782 626 826 atrii
651 783 991 843 conjungantur,
1024 798 1115 827 non
1138 784 1219 827 erit
1246 784 1430 843 spatium
1462 783 1586 843 inter*
1606 782 1757 829 decem

367 853 572 898 columna
587 853 806 897 exterioris
828 852 925 897 atrii
943 862 987 897 et
999 862 1098 898 octo
1119 854 1333 899 interioris
1356 852 1626 898 tabernaculi
1645 889 1655 909 ‚
1680 853 1757 896 ubi

366 926 421 970 sit
439 925 573 969 altare
585 925 779 986 quinque
796 925 1063 980 cubitorum,
1081 925 1297 986 quadrum
1311 941 1530 986 occupans
1543 925 1755 985 spatiumg

367 1005 411 1041 et
433 1004 534 1040 ante
552 987 696 1056 ipsum
718 994 874 1051 altare,
908 995 986 1040 ubi
1007 996 1217 1041 serviatur
1236 996 1387 1055 altari3
1413 1006 1456 1041 et
1478 997 1594 1040 inter
1614 996 1758 1055 ipsum

367 1076 412 1111 et
434 1066 592 1111 ostium
615 1066 887 1111 tabernaculi
910 1066 1124 1111 interioris
1138 1103 1148 1122 ‚
1182 1068 1260 1112 ubi
1282 1068 1337 1112 sit
1363 1067 1537 1112 labrum
1567 1081 1753 1111 aeneum.

368 1138 438 1183 Sic
460 1137 576 1181 enim
589 1137 692 1196 poni
703 1138 873 1197 jussum
889 1146 974 1192 est,
1000 1136 1118 1181 unde
1134 1153 1288 1183 manus
1305 1148 1348 1183 et
1364 1138 1495 1198 pedes
1515 1138 1757 1182 sacerdotes

367 1208 515 1253 lavent
530 1243 541 1263 ,
567 1207 745 1268 quando
772 1208 937 1252 intrant
958 1208 1314 1265 tabernaculum,
1342 1209 1412 1255 vel
1435 1209 1614 1270 quando
1636 1223 1757 1253 acce-

366 1279 479 1324 dunt
499 1288 549 1323 ut
573 1279 697 1323 altari
718 1278 988 1337 deserviant3
1009 1280 1130 1340 quod
1147 1281 1227 1324 nisi
1249 1280 1352 1325 foris
1370 1297 1393 1324 a
1411 1278 1695 1324 tabernaculo
1711 1280 1757 1323 in

367 1350 476 1395 atrio
492 1349 846 1405 intellexerimus,
867 1350 1090 1410 quomodo
1107 1360 1288 1410 possunt
1305 1352 1422 1410 prius
1439 1351 1583 1395 lavare
1600 1366 1755 1395 manus

368 1431 411 1465 et
443 1419 599 1480 pedes,
635 1430 678 1464 et
699 1421 757 1465 sic
784 1420 1113 1465 tabernaculum
1141 1421 1345 1465 introire?
1378 1422 1499 1466 Foris
1527 1430 1673 1465 autem
1701 1421 1756 1466 ab

368 1492 479 1536 atrio
498 1507 588 1536 non
608 1506 837 1551 possumus
859 1491 993 1535 altare
1014 1500 1225 1549 statuere3
1244 1492 1345 1552 quia
1363 1501 1406 1536 et
1423 1491 1756 1536 tabernaculum

366 1573 410 1607 et
431 1562 564 1607 altare
593 1562 856 1607 circumdari
877 1563 985 1606 atrio
1008 1562 1230 1621 praecepit.
1268 1565 1417 1606 Restat
1449 1562 1583 1621 igitur
1608 1571 1659 1606 ut
1679 1561 1753 1606 illa

367 1634 499 1678 latera
522 1633 796 1695 quindenum
819 1633 1070 1678 cubitorum
1092 1634 1194 1677 hinc
1212 1642 1343 1693 atque
1364 1632 1467 1677 hinc
1482 1668 1492 1688 ‚
1513 1642 1558 1677 et
1583 1633 1756 1677 colum-

368 1722 523 1750 narum
552 1715 773 1750 ternarum
789 1741 799 1760 ‚
831 1708 889 1749 sic
912 1705 1174 1764 accipiamus
1202 1721 1225 1748 a
1247 1704 1480 1759 lateribus,
1505 1713 1555 1748 ut
1572 1705 1663 1764 ipsa
1696 1703 1756 1748 fa-

365 1778 482 1822 ciant
503 1776 782 1821 intervallum
803 1775 986 1820 totidem
1005 1775 1252 1820 cubitorum
1270 1776 1382 1819 inter
1400 1784 1570 1835 portam
1593 1775 1689 1819 atrii
1713 1784 1754 1818 et

366 1849 526 1893 ostium
553 1847 825 1892 tabernaculi
852 1847 1066 1891 interioris
1091 1867 1099 1891 :
1130 1855 1301 1906 portam
1329 1845 1508 1906 quidem
1530 1855 1752 1905 patentem

364 1919 516 1978 viginti
538 1918 694 1962 cubitis
722 1917 767 1961 in
787 1926 974 1977 quatuor
1002 1916 1241 1972 columnis,
1268 1926 1310 1961 et
1336 1916 1573 1960 habentem
1601 1915 1749 1961 velum

367 1990 590 2049 acu-picto
613 2004 742 2048 opere
758 1988 972 2032 variatum
994 1988 1147 2047 viginti
1169 1987 1418 2032 cubitorum
1436 2008 1446 2045 3
1471 1988 1629 2032 ostium
1650 2002 1753 2031 vcro

366 2059 632 2104 tabernaculi
648 2059 840 2113 interius,
856 2059 931 2102 ubi
947 2068 1133 2118 ponatur
1149 2058 1348 2103 velamen
1365 2057 1477 2102 illud
1494 2059 1539 2102 111
1557 2059 1754 2119 quinque

366 2130 578 2175 columnis
601 2139 822 2174 extentum
840 2149 848 2174 :
868 2129 988 2189 quod
1010 2130 1162 2189 utique
1182 2145 1270 2174 non
1285 2129 1398 2173 intra
1410 2128 1537 2173 illum
1552 2128 1751 2173 ordinem

366 2211 465 2246 octo
488 2201 815 2255 columnarum⁷
846 2200 921 2244 sed
943 2209 1061 2244 extra
1083 2200 1186 2244 foris
1205 2200 1260 2244 ad
1283 2200 1442 2244 atrium
1473 2200 1662 2259 positum
1685 2200 1753 2243 in-

368 2272 558 2330 telligere
580 2271 803 2315 debemus.
827 2273 948 2314 Tunc
967 2271 1081 2314 enim
1096 2271 1177 2314 erit
1194 2270 1340 2315 velum
1356 2271 1451 2314 ostii
1466 2269 1749 2325 tabernaculi,

366 2344 485 2405 quod
507 2343 666 2388 ostium
687 2352 895 2402 tanquam
911 2342 1046 2386 valvis
1069 2342 1359 2401 aperiebatur,
1381 2342 1455 2385 ubi
1479 2342 1615 2386 aulaea
1635 2342 1750 2385 inter

367 2431 411 2459 se
431 2413 601 2459 circulis
623 2422 665 2456 et
687 2413 797 2457 ansis
817 2428 905 2456 non
928 2412 1322 2472 conjungebantur.
1345 2415 1433 2456 Aut
1456 2412 1489 2456 si
1508 2410 1618 2455 forte
1640 2413 1751 2456 intra

368 2484 490 2528 illum
520 2483 715 2529 ordinem
744 2492 842 2527 octo
870 2482 1173 2526 columnarum
1201 2481 1471 2526 tabernaculi
1505 2481 1718 2526 interioris
1736 2517 1747 2535 ,
1812 2527 1814 2546 ÷

367 2555 669 2614 opponebatur
690 2554 773 2597 hoo
798 2553 996 2597 velamen
1018 2554 1062 2596 111
1094 2553 1289 2613 quinque
1312 2552 1525 2596 columnis
1549 2553 1657 2596 ostio
1682 2562 1748 2596 ta·

372 2624 612 2679 bernaculi,
638 2635 687 2670 ut
703 2624 881 2685 quando
896 2624 1184 2683 aperiebatur,
1206 2624 1409 2668 interiora
1422 2639 1510 2668 non
1529 2623 1747 2668 1111113101]-
1810 2654 1812 2686 5

1824 1330 1832 1615 ¹

1822 1694 1826 1782 ³

1844 1840 1862 2385 ——u——d—-u—-s-—u-n——Qffl
