1872 3267
393 224 475 263 538
826 233 859 262 S.
896 232 1125 263 Auous‘nm
1157 235 1336 262 EPISCOPI

389 301 586 356 Jerieho,
610 316 700 345 non
719 301 872 362 utique
893 302 937 345 in
958 302 1049 361 ipsa
1071 301 1266 357 civitate,
1287 302 1410 361 eujus
1439 302 1550 345 muri
1569 301 1766 346 nondum

389 372 656 427 ceciderant,
682 371 803 433 quod
825 387 927 416 mox
959 371 1157 417 futurum
1180 381 1292 425 erat,
1317 381 1368 416 ut
1394 372 1439 416 in
1471 387 1565 416 eam
1594 381 1768 432 possent

389 444 578 499 intrare,
603 442 678 486 sed
703 442 748 485 in
776 457 877 500 agro
899 443 955 486 ad
982 458 1076 487 eam
1100 443 1366 502 pertinente:
1388 458 1487 487 nam
1516 443 1768 503 interpreta-

388 513 472 569 tio,
492 529 592 573 quae
615 523 677 558 est
694 513 745 557 exv
765 513 964 568 hebraeo,
989 515 1047 558 sie
1067 514 1239 557 habet1.

894 607 1128 659 QUAEsrlo
1160 612 1260 662 vm.

449 715 500 756 ΙΝ
517 727 568 756 eo
589 712 708 772 quod
726 709 889 755 factum
908 720 970 756 est
989 720 1037 755 ut
1059 712 1201 755 Aehar
1217 711 1271 755 de
1289 711 1407 756 tribu
1423 714 1446 755 J
1453 710 1538 755 uda
1554 709 1771 755 furaretur

390 784 445 827 de
474 783 746 827 anathemate
779 782 962 827 civitatis
994 783 1166 826 Jericho
1199 792 1347 826 eontra
1380 791 1648 841 praeceptum
1680 784 1770 826 Do-

388 854 548 898 mini·2:
575 863 619 898 et
652 864 829 914 propter
862 855 951 914 ejus
983 863 1207 914 peceatum
1244 854 1323 898 tria
1356 852 1491 897 millia
1518 869 1616 913 quae
1646 853 1770 897 missa

343 973 347 976 ⁴
389 923 564 969 fuerant
586 924 632 968 in
654 926 751 978 Ga'l',
777 924 994 968 dederunt
1012 934 1131 983 terga
1149 924 1360 979 hostibus,
1379 933 1422 967 et
1444 923 1567 968 occisi
1600 932 1701 967 sunt
1721 939 1772 967 ex

389 995 448 1039 eis
470 995 646 1054 triginta
669 1011 740 1039 sex
759 995 839 1040 viri
859 1015 866 1039 :
889 1005 931 1039 et
950 995 1112 1055 populo
1135 996 1321 1054 graviter
1338 995 1503 1047 territo,
1525 997 1647 1038 Jesus
1670 1010 1771 1039 eum

389 1065 629 1110 senioribus
659 1081 703 1110 se
737 1066 968 1125 prostravit
1001 1065 1056 1110 ad
1088 1066 1344 1120 Dominum,
1370 1065 1496 1125 eique
1518 1080 1770 1124 responsum

389 1145 453 1180 est
473 1135 573 1180 ideo
596 1135 759 1180 factum
795 1152 904 1191 esse,
931 1136 1051 1196 quod
1074 1136 1316 1196 peccaverit
1342 1134 1557 1195 populus:
1585 1135 1771 1179 minatus

388 1215 453 1250 est
474 1207 603 1250 etiam
628 1210 741 1251 Deus
769 1222 857 1251 non
879 1222 923 1250 se
955 1222 1054 1251 cum
1076 1207 1135 1250 eis
1159 1205 1379 1261 futurum,
1412 1206 1491 1250 nisi
1513 1205 1771 1249 abstulerint

391 1276 622 1320 anathema
652 1276 707 1319 de
741 1291 785 1320 se
812 1276 913 1335 ipsis
935 1295 944 1320 z
967 1285 1011 1319 et
1031 1275 1152 1336 quod
1174 1285 1368 1320 ostensus
1391 1285 1454 1319 est
1477 1277 1552 1335 qui
1583 1275 1766 1329 fecerat,

389 1363 469 1392 nee
489 1346 604 1391 solus
625 1348 805 1402 occisus,
822 1348 898 1391 sed.
916 1363 1016 1391 eum
1036 1342 1240 1391 omnibus
1256 1347 1361 1391 suis:
1378 1347 1514 1407 quaeri
1535 1345 1643 1390 solet
1659 1362 1770 1407 quo-

389 1418 522 1462 modo
544 1419 659 1477 juste
679 1433 758 1477 pro
786 1417 960 1461 alterius
983 1418 1168 1476 peccatis
1190 1417 1235 1461 in
1257 1416 1361 1461 alios
1385 1417 1651 1472 vindicetur,
1675 1432 1768 1461 ma-

388 1487 501 1531 xime
518 1488 620 1547 quia
641 1489 687 1530 in
704 1491 818 1546 Lege
839 1488 1050 1532 Dominus
1067 1486 1188 1542 dixit,
1205 1503 1285 1531 nec
1303 1496 1444 1546 patres
1461 1503 1539 1546 pro
1561 1485 1766 1542 filiorum,

388 1573 469 1602 nee
490 1557 601 1602 filios
624 1574 703 1617 pro
725 1567 900 1617 patrum
922 1558 1107 1616 peccatis
1129 1573 1218 1600 esse
1239 1556 1540 1616 puniendosss?
1562 1560 1630 1601 An
1652 1556 1770 1601 aliud

381 1628 679 1689 jtidieantibtls
711 1629 961 1673 hominibus
997 1637 1060 1672 est
1097 1637 1384 1687 praeceptum,
1418 1643 1472 1670 ne
1504 1642 1770 1688 quemquam

388 1714 467 1758 pro
489 1698 625 1743 altero
646 1698 856 1758 puniant:
881 1699 954 1743 Dei
975 1708 1121 1742 autem
1133 1697 1293 1757 judicia
1314 1714 1403 1742 non
1421 1707 1522 1741 sunt
1539 1696 1765 1757 ejusmodi,

387 1769 466 1829 qui
488 1768 575 1812 alto
593 1778 636 1812 ct
658 1768 863 1813 invisibili
884 1768 1064 1813 consilio
1087 1784 1165 1812 suo
1189 1768 1310 1812 novit
1331 1776 1544 1827 quatenus
1567 1768 1770 1811 extendat

387 1839 517 1883 etiam
545 1839 827 1898 temporalem
850 1839 1077 1882 hominum
1100 1854 1274 1897 poenam
1299 1837 1604 1898 salubremque
1628 1847 1767 1883 terro-

388 1925 493 1953 rem.
525 1912 622 1953 Non
661 1909 776 1953 enim
802 1908 966 1969 aliquid
995 1908 1159 1963 dirum,
1186 1917 1400 1968 quantum
1423 1909 1576 1952 attinet
1595 1909 1649 1952 ad
1673 1909 1768 1953 uni-

385 1980 496 2023 versi
541 1979 694 2023 mundi
741 1978 1176 2033 administrationem,
1221 1979 1435 2037 contingit
1481 1978 1735 2023 mortalibus
1752 2015 1762 2034 ,

386 2064 487 2093 cum
507 2049 754 2093 moriuntur
782 2049 1047 2108 quandoque
1070 2049 1268 2093 morituri
1287 2069 1295 2092 :
1321 2058 1363 2093 et
1387 2058 1533 2093 tamen
1555 2049 1672 2108 apud
1694 2065 1765 2095 eos

385 2121 462 2181 qui
484 2119 587 2164 talia
614 2129 836 2174 metuunt,
859 2119 1085 2179 disciplina
1113 2120 1324 2174 sancitur,
1352 2130 1401 2164 ut
1428 2136 1516 2164 non
1549 2135 1593 2164 se
1625 2120 1763 2165 solum

385 2192 570 2251 quisque
587 2199 709 2234 curet
728 2190 771 2232 in
791 2190 977 2249 populo,
1004 2189 1078 2233 sed
1100 2191 1282 2234 invicem
1310 2190 1390 2234 sibi
1409 2190 1645 2234 adhibeant
1666 2190 1765 2235 dili-

385 2262 589 2319 gentiam,
616 2270 658 2304 et
676 2270 883 2321 tanquam
902 2261 1029 2304 unius
1050 2262 1239 2321 eorporis
1262 2271 1304 2305 et
1327 2261 1453 2305 unius
1475 2261 1660 2305 hominis
1683 2261 1763 2306 alia

383 2348 463 2392 pro
493 2331 584 2376 aliis
618 2332 702 2375 sint
733 2332 925 2375 membra
963 2331 1157 2394 sollicita.
1192 2330 1281 2376 Nec
1317 2341 1462 2375 tamen
1495 2331 1762 2377 eredendum

385 2411 463 2458 est,
485 2403 611 2446 etiam
634 2403 774 2462 poenis
802 2418 900 2462 quae
922 2396 1019 2461 post
1040 2411 1225 2446 mortem
1247 2402 1505 2460 irrogantur,
1528 2402 1660 2446 alium
1683 2419 1762 2463 pro
1827 2443 1838 2454 „

385 2471 467 2516 alio
489 2488 612 2531 posse
631 2472 824 2516 damnari
842 2491 849 2515 :
875 2472 950 2516 sed
972 2472 1017 2515 in
1034 2472 1098 2516 bis
1117 2481 1287 2515 tantum
1306 2472 1435 2516 rebus
1452 2472 1563 2516 hane
1583 2472 1759 2530 irrogari
1830 2474 1832 2488 '

433 2575 441 2590 ¹
464 2568 514 2599 Sic
533 2568 631 2600 babet
649 2568 780 2609 Vulgata
794 2572 910 2599 nostra.
930 2584 970 2590 —-
991 2575 1002 2589 ²
1017 2569 1113 2599 Josuo‘j
1132 2579 1183 2599 vn.
1206 2585 1246 2589 -
1266 2565 1279 2589 3
1297 2570 1390 2600 nont.
1409 2579 1495 2609 xxiii,
1515 2567 1564 2599 16.
