1872 3267
337 266 603 302 QUAESTtONES
636 266 678 291 ιΝ
714 264 936 301 NUMEROS,
974 266 1055 290 ΜΒ.
1095 265 1151 289 iv.
1353 249 1434 288 467

553 381 790 429 QUAES'HO
822 382 910 419 ,xm
924 382 973 419 11.

110 483 228 536 Qum
245 492 308 527 est
325 482 445 544 quod
456 471 663 543 scriptum
679 492 757 538 est,
780 502 798 524 «
814 485 871 527 Et
884 481 1169 526 divinationes
1184 481 1228 524 in
1241 480 1443 524 manibus

7 593 9 616 ἵ
58 571 77 594 »
105 568 257 597 eorum
272 555 308 608 1,
338 571 357 594 n
379 569 478 598 cum
501 553 555 597 de
579 553 628 597 iis
648 553 888 609 diceretur,
915 568 1024 613 quos
1045 552 1221 596 miserat
1243 550 1371 595 Balac
1389 550 1445 594 ad

8 617 10 673 Ϊ
55 623 393 669 conducendum
417 622 589 668 Balaam
605 660 615 679 ‚
637 634 687 668 ut
711 624 988 668 malediceret
1015 621 1171 667 Isra'e'l?
1198 620 1446 682 Numquid-

8 682 12 764 ἶ
51 709 153 738 nam
175 693 255 754 ipsi
277 693 557 739 divinabant?
579 711 634 738 an
657 694 802 755 aliqua
821 694 1020 738 ferebant
1039 693 1157 737 unde
1182 693 1345 738 faceret
1361 695 1446 736 Ba-

10 809 13 846 1

12 883 15 919 Ι

10 776 12 805 l
50 764 164 810 laam
181 801 191 820 ‚
233 782 323 826 quo
365 775 509 826 posset
551 765 746 810 divinare
768 802 778 821 ‚
824 775 1035 826 tanquam
1078 764 1224 825 aliqua
1266 780 1365 825 quae
1402 764 1448 808 in

12 847 13 865 ³
52 836 267 881 sacrificiis
288 836 655 892 incenderentur,
682 847 757 881 aut
780 852 959 897 quoquo
981 835 1114 881 modo
1138 834 1447 896 impenderen-

12 932 15 972 Ι
53 916 146 962 tur,
173 917 215 952 et
240 906 339 951 ideo
363 906 492 951 dictae
524 916 626 951 sunt
659 907 973 964 divinationes,
1009 907 1111 968 quia
1144 922 1222 967 per
1247 907 1342 950 haec
1374 904 1448 950 ille

14 978 16 1031 ἓ
51 987 224 1039 poterat
241 977 464 1023 divinare?
486 993 541 1022 an
555 977 664 1039 quid
677 977 822 1023 aliud?
840 979 1024 1023 obscure
1043 979 1159 1022 enim
1181 976 1349 1021 dictum
1365 987 1442 1021 est.

14 1041 19 1129 i
53 1048 305 1096 Notandum
327 1065 443 1105 sane,
463 1048 582 1111 quod
600 1069 618 1091 α
638 1051 771 1094 Venit
790 1053 901 1094 Deus
919 1048 974 1094 ad
993 1049 1166 1094 Balaam
1181 1058 1224 1093 et
1246 1047 1353 1093 dixit
1375 1048 1415 1093 ei
1434 1069 1442 1093 ¹.

17 1132 20 1197 ἰ
57 1139 77 1163 »
103 1119 219 1174 Quid
241 1121 436 1165 homines
452 1122 497 1165 hi
514 1137 642 1181 penes
658 1131 698 1165 te
713 1125 751 1178 ²,
778 1141 797 1163 »
816 1132 898 1166 etc.
917 1124 1005 1166 Nec
1019 1120 1186 1166 dictum
1201 1131 1281 1177 est,
1298 1130 1449 1165 utrum

18 1200 21 1240 l
54 1193 100 1237 in
122 1193 282 1238 somnis
304 1194 387 1238 hoc
419 1193 584 1237 factum
623 1195 701 1249 sit,
738 1194 936 1254 quamvis
966 1209 1044 1253 per
1072 1203 1248 1238 noctem
1282 1192 1450 1238 factum

19 1241 23 1314 l
55 1265 152 1310 satis
171 1264 339 1310 eluceat
353 1301 363 1320 ‚
390 1280 490 1309 cum
508 1266 710 1325 posthaec
728 1264 834 1310 dicit
853 1266 1090 1325 Scriptura,
1116 1285 1136 1308 «
1159 1268 1217 1309 Et
1234 1281 1451 1325 exurgens

58 1356 79 1379 »
106 1337 282 1382 Balaam
299 1339 469 1380 mane3.
495 1355 514 1377 »
542 1340 689 1381 Potest
711 1337 828 1381 enim
856 1353 1053 1393 movere‚
1089 1337 1314 1398 quomodo
1347 1353 1451 1381 cum

22 1415 25 1478 ’ἰ
56 1407 234 1453 homine
255 1408 439 1468 pessimo
458 1410 571 1451 Deus
590 1407 761 1452 locutus
780 1408 848 1463 sit,
873 1407 995 1469 quod
1012 1409 1177 1453 etiamsi
1195 1445 1205 1465 7
1231 1410 1277 1453 in
1294 1410 1458 1454 somnis

24 1488 27 1535 ξ
58 1478 224 1525 sactum
248 1495 338 1523 esse
352 1488 593 1534 constaret,
619 1478 823 1524 nonideo
841 1478 961 1523 nulla
977 1481 1160 1540 quaestio
1179 1490 1451 1535 remaneret,

25 1537 29 1621 ἱ
57 1559 237 1616 propter
262 1550 398 1610 ipsam
420 1548 742 1609 indignitatem.
770 1549 837 1595 Sic
861 1559 904 1594 et
930 1551 1140 1595 Dominus
1168 1554 1291 1595 Jesus
1314 1551 1458 1596 Chris-

0 1616 1 1619 *
27 1636 29 1651 ²
57 1632 128 1668 tus
151 1623 210 1667 ait
231 1621 286 1666 de
309 1621 441 1666 divite
462 1620 538 1666 illo
554 1657 564 1677 ‚
597 1622 673 1682 qui
695 1621 917 1666 destruere
949 1632 1115 1667 veteres
1148 1624 1380 1683 apothecas
1412 1633 1457 1668 et

0 1698 2 1704 ’
28 1712 29 1722 ’
58 1692 289 1754 ampliores
301 1708 433 1737 novas
447 1692 706 1752 disponebat
719 1692 900 1752 implere
919 1713 927 1737 :
949 1693 1096 1737 «Dixit
1113 1694 1169 1737 ad
1182 1693 1307 1738 illum
1321 1697 1452 1751 Deus,

0 1758 3 1776 ²
28 1768 32 1820 ἦ
63 1782 84 1807 »
112 1764 274 1820 Stulte,
309 1765 390 1808 hac
412 1773 541 1808 nocte
564 1764 706 1808 anima
741 1773 812 1808 tua
842 1764 1065 1809 auferetur
1094 1782 1117 1810 a
1141 1774 1202 1821 tc,
1229 1766 1324 1811 haec
1353 1784 1455 1828 quae

0 1839 4 1858 ⁷
25 1825 34 1905 l
65 1856 85 1879 »
111 1836 361 1897 praeparasti
377 1837 501 1896 cujus
515 1845 644 1880 erunt
656 1837 671 1860 4
687 1838 704 1879 Ξ)
726 1855 745 1877 »
762 1838 826 1881 Ne
843 1837 1072 1898 quisquam
1090 1837 1316 1897 glorietur,
1333 1838 1455 1899 quod

65 1908 102 1953 ei
122 1907 319 1969 loquitur
340 1910 454 1951 Deus
477 1923 528 1951 eo
561 1906 693 1951 modo
712 1943 722 1962 ‚
756 1924 845 1968 quo
871 1908 1029 1953 talibus
1057 1907 1333 1970 loquendum
1362 1927 1451 1954 esse

31 2012 33 2016 v
64 1979 207 2037 novit3
232 1977 409 2039 quando
435 1987 576 2038 potest
598 1978 680 2022 hoc
710 1987 753 2022 et
781 1979 975 2039 reprobis
1005 1980 1097 2024 fieri
1122 2001 1130 2026 2
1153 1981 1255 2042 quia
1288 1990 1331 2026 et
1353 1998 1456 2026 cum

35 2066 36 2069 ¹
60 2065 143 2111 per
159 2049 379 2110 Angelum
396 2049 608 2110 loquitur,
630 2050 720 2108 ipse
736 2048 949 2111 loquitur.

545 2158 780 2207 QUAEs'rio
812 2160 983 2198 mviii.

725 2239 737 2253 .

126 2267 252 2319 Quoi)
296 2263 354 2307 ait
388 2260 562 2305 Balaam
591 2261 749 2305 iterum
778 2261 834 2306 ad
865 2277 909 2306 se
931 2263 1068 2307 missis
1104 2264 1459 2314 honoratioribus

37 2310 41 2325 4

36 2335 44 2408 ³}
69 2335 253 2398 nuntiis,
282 2352 302 2375 «
330 2332 372 2378 Si
390 2331 558 2376 dederit
576 2331 682 2375 mihi
704 2332 830 2376 Balac
852 2333 1028 2393 plenam
1042 2335 1223 2381 domum
1241 2353 1364 2383 suam
1384 2356 1456 2384 ar·-

36 2401 44 2486 Ξ
73 2426 92 2450 n
117 2417 247 2467 gento
269 2415 312 2450 et
325 2420 445 2461 auro,
466 2420 556 2449 non
576 2413 725 2464 potero
746 2406 1028 2465 praevaricare
1046 2409 1230 2454 verbum
1253 2413 1427 2457 Domini
1446 2450 1457 2469 ‚

37 2490 45 2513 θ
72 2496 93 2520 »
119 2477 259 2524 facere
278 2475 390 2521 illud
421 2474 628 2536 pusillum
662 2474 731 2520 vel
764 2490 972 2535 magnum
1004 2478 1050 2523 in
1084 2490 1231 2525 mente
1267 2485 1386 2528 mea5
1435 2504 1453 2525 n

1399 2520 1409 2538 7

118 2577 134 2597 ¹'
154 2576 244 2607 Num.
276 2585 361 2613 xxn,
393 2582 423 2614 7.
455 2588 496 2595 --
516 2578 529 2594 ²
559 2571 639 2604 lbid.
664 2570 705 2612 S,
721 2583 753 2614 9.
775 2588 816 2594 —-
842 2570 955 2605 ³1bid.
980 2574 1030 2605 13.
1050 2591 1090 2598 --
1109 2573 1124 2601 4
1144 2578 1220 2608 Luc.
1248 2589 1313 2619 xu,
1336 2588 1390 2612 20.
1416 2599 1457 2603 —-

78 2628 92 2653 5
110 2632 200 2663 Num.
223 2642 303 2671 χχιι,
327 2630 375 2661 ιὸ.

1209 2687 1274 2727 30.
