1872 3267
390 304 474 344 300
788 316 849 344 -ε,
885 314 1114 345 mausum
1146 317 1327 346 Emscom

385 380 531 424 nificat
548 414 559 435 ‚
579 379 659 424 nisi
673 378 786 424 forte
801 378 901 424 ideo
922 395 966 425 se
981 396 1071 426 non
1090 397 1180 427 esse
1201 397 1302 427 cum
1324 381 1406 436 eis,
1428 381 1529 442 quia
1549 381 1659 426 dura
1674 397 1764 427 cer-

383 450 476 494 vice
496 459 624 508 sunt3
648 450 750 510 quia
771 466 860 495 non
884 466 984 495 eum
1000 452 1237 512 propitium
1259 461 1303 496 et
1323 451 1559 509 salubrem,
1578 452 1659 498 nisi
1675 453 1763 497 hu-

380 518 540 564 militas
561 528 603 564 et
623 520 756 579 pietas
770 521 898 580 capit.
913 523 1016 566 Esse
1038 531 1183 566 autem
1195 525 1335 567 Deum
1357 537 1457 566 cum
1477 521 1600 566 durae
1622 522 1762 568 cervi-

380 591 439 635 cis
453 590 834 645 hominibus,nihil
847 591 964 636 aliud
977 602 1039 637 est
1053 609 1184 653 quam
1198 592 1460 638 vindicando
1473 592 1618 637 adesse
1632 602 1763 653 atque

378 661 601 720 puniendo
623 681 631 706 ε
657 660 775 706 unde
792 677 892 706 cum
914 678 965 707 eo
987 663 1117 708 modo
1136 664 1258 708 malis
1278 679 1368 709 non
1388 663 1523 719 adest,
1543 663 1763 723 parcendo

377 730 510 789 facit3
541 748 630 793 quo
663 733 850 791 pertinet
870 732 982 778 illud
1008 733 1128 794 quod
1150 733 1310 779 dicitur
1337 754 1346 779 :
1376 753 1396 777 «
1425 737 1585 779 Averte
1605 734 1762 779 faciem
1827 761 1829 771 ι

379 819 399 842 »
437 811 557 846 tuam
576 818 599 846 a
618 803 805 867 peccatis
823 803 968 848 meis1:
987 805 1123 864 »quia
1140 805 1174 850 si
1194 804 1395 860 advertit,
1413 805 1582 850 evertit.
1604 824 1624 847 «
1643 804 1762 848 Sicut

378 889 398 913 »
433 873 550 916 enim
577 873 676 917 fluit
697 888 792 918 cera
810 889 834 918 a
864 873 973 919 facie
1006 875 1115 934 ignis
1131 910 1143 931 ,
1168 876 1227 921 sic
1254 885 1441 936 pereunt
1469 884 1716 935 peccatores
1737 891 1760 919 a
1824 925 1826 939 Ι

378 960 398 983 »
433 940 541 987 facie
564 944 640 988 Dei
655 945 685 988 ².
705 962 726 985 »

880 1053 1116 1103 QUAEsrlo
1148 1054 1242 1094 cm.

431 1173 451 1195 «
470 1156 535 1198 ET
556 1153 667 1198 dixit
689 1157 858 1212 Moyses
888 1154 943 1199 ad
967 1155 1203 1199 Dominum
1227 1169 1236 1196 τ
1271 1158 1383 1200 Ecce
1406 1164 1455 1200 tu
1476 1155 1584 1199 mihi
1613 1154 1719 1199 dicis
1745 1170 1755 1197 τ
1818 1157 1821 1214 ξ

371 1241 391 1265 »
426 1222 575 1268 Deduc
598 1223 813 1284 populum
826 1225 958 1268 hunc.
981 1227 1047 1268 Tu
1059 1234 1203 1269 autem
1221 1241 1310 1269 non
1326 1224 1631 1270 demonstrasti
1647 1225 1755 1269 mihi
1817 1249 1819 1259 ‹

371 1313 390 1335 »
425 1309 557 1354 quem
574 1294 704 1338 simul
721 1296 865 1339 mittas
886 1310 1074 1339 mecum.
1099 1298 1163 1338 Tu
1181 1304 1327 1338 autem
1342 1294 1484 1340 dixisti
1499 1295 1605 1339 mihi
1627 1315 1635 1340 :
1659 1296 1755 1339 Scio
1816 1310 1818 1336 ὲ

368 1384 388 1405 »
424 1374 467 1409 te
500 1380 590 1424 prae
613 1366 837 1420 omnibus⁷
870 1375 913 1409 et
936 1366 1117 1424 gratiam
1141 1365 1275 1409 habes
1308 1365 1424 1425 apud
1453 1381 1538 1409 me.
1576 1366 1618 1410 Si
1651 1381 1754 1425 ergo
1814 1414 1815 1420 χ

368 1455 386 1477 »
423 1436 569 1480 inveni
603 1436 782 1496 gratiam
803 1437 848 1480 in
868 1445 1105 1495 conspectu
1129 1445 1206 1480 tuo
1223 1471 1234 1491 ‚
1260 1435 1440 1480 ostende
1466 1436 1572 1480 mihi
1594 1445 1753 1480 temet·
1812 1445 1815 1498 J

368 1525 388 1548 »
423 1507 565 1566 ipsum
582 1507 810 1552 manifeste
831 1516 882 1551 ut
901 1506 1072 1551 videam
1089 1516 1132 1552 te
1144 1543 1155 1562 ‚
1175 1516 1225 1551 ut
1241 1507 1321 1551 sim
1332 1507 1555 1552 inveniens
1572 1508 1752 1566 gratiam
1802 1504 1814 1551 ἶ

367 1596 388 1618 »
423 1586 524 1621 ante
538 1587 596 1632 te,
622 1587 665 1622 et
686 1587 736 1622 ut
753 1579 883 1622 sciam
905 1578 1007 1639 quia
1029 1577 1217 1638 populus
1235 1586 1336 1622 tuus
1359 1587 1422 1622 est
1440 1593 1543 1637 gens
1564 1578 1700 1622 haec-⁰⁵.
1728 1597 1749 1619 »
1811 1566 1813 1582 ¹

366 1646 496 1701 Quod
520 1647 651 1692 habet
685 1663 849 1707 graecus
870 1660 1032 1703 γωστῶς,
1058 1649 1140 1692 hoc
1171 1648 1351 1708 quidam
1378 1647 1501 1691 latini
1535 1648 1752 1707 interpre—
1809 1661 1811 1674 ³

367 1719 445 1763 tati
466 1728 583 1773 sunt,
608 1738 627 1761 «
643 1719 885 1774 Manifeste,
904 1737 923 1760 »
949 1734 1051 1763 cum
1071 1719 1289 1779 Scriptura
1306 1734 1396 1762 non
1418 1718 1574 1762 dixerit
1594 1731 1747 1772 φανερῶς.
1807 1736 1809 1752 2
1847 1743 1851 1759 l

365 1790 512 1834 Potuit
544 1804 644 1847 ergo
673 1787 852 1834 fortasse
883 1789 1024 1848 aptius
1057 1787 1140 1832 dici
1173 1808 1181 1833 :
1209 1808 1228 1830 «
1257 1789 1299 1833 Si
1329 1788 1474 1832 inveni
1503 1788 1682 1846 gratiam
1706 1789 1750 1832 in
1805 1797 1808 1854 f

370 1877 391 1901 »
426 1868 664 1919 conspectu
698 1868 801 1914 tuo,
834 1858 1014 1903 ostende
1044 1858 1152 1902 mihi
1179 1859 1455 1917 temetipsum
1486 1858 1671 1902 scienter
1702 1867 1750 1902 ut
1805 1858 1806 1865 ’

367 1947 387 1971 »
422 1929 593 1974 videam
616 1938 684 1974 te:
709 1948 727 1969 »
750 1929 911 1989 quibus
932 1928 1074 1972 verbis
1089 1928 1189 1972 satis
1206 1926 1396 1972 ostendit
1412 1930 1604 1985 Moyses,
1629 1927 1749 1987 quod
1802 1955 1804 1981 ζ

364 2016 453 2044 non
469 2001 528 2044 ita
540 2000 717 2044 videbat
735 2003 874 2045 Deum
886 1999 931 2043 in
945 1999 1015 2043 illa
1035 2008 1155 2043 tanta
1173 1998 1462 2043 familiaritate
1474 2008 1746 2058 conspectus,
1800 2050 1803 2066 ι

363 2079 413 2115 ut
433 2069 705 2114 desiderabat
726 2069 873 2114 videre
895 2086 902 2110 ε
926 2070 1132 2129 quoniam
1153 2068 1239 2113 illae
1261 2084 1411 2113 omnes
1435 2068 1619 2113 visiones
1641 2070 1745 2123 Dei,

362 2156 463 2202 quae
495 2140 745 2186 mortalium
780 2140 1090 2200 praebebantur
1125 2139 1392 2198 aspectibus,
1435 2147 1478 2182 et
1506 2153 1556 2182 ex
1589 2139 1748 2199 quibus

363 2211 496 2255 fiebat
510 2226 655 2265 sonus,
674 2226 762 2270 quo
781 2209 973 2254 mortalis
992 2210 1278 2268 attingeretur
1290 2208 1480 2263 auditus,
1498 2209 1556 2252 sic
1573 2208 1747 2252 exhibe·
1796 2208 1799 2261 j
1861 2242 1864 2249 .

363 2282 540 2337 bantur,
557 2291 792 2341 assumpta⁷
815 2282 925 2325 sicut
942 2284 1054 2325 Deus
1071 2280 1261 2335 volebat,
1281 2279 1423 2340 specie
1446 2294 1531 2339 qua
1552 2278 1742 2335 volebat,
1794 2273 1797 2339 ξ
1838 2293 1860 2335 ⁸⁴:

363 2361 517 2397 utnon
533 2352 579 2396 in
596 2352 654 2396 eis
673 2352 761 2411 ipsa
776 2351 867 2396 ullo
888 2367 1014 2395 sensu
1035 2351 1226 2410 corporis
1247 2350 1478 2394 sentiretur
1496 2349 1642 2393 divina
1666 2365 1746 2393 na-
1794 2376 1795 2379 =
1836 2362 1839 2381 ³
1871 2366 1872 2393 l

365 2432 478 2477 tura,
506 2438 604 2482 quae
624 2420 849 2465 invisibilis
871 2421 1037 2481 ubique
1057 2429 1149 2464 tota
1174 2429 1258 2474 est,
1285 2428 1328 2462 et
1356 2417 1478 2462 nullo
1497 2419 1747 2463 continetur

360 2492 472 2537 loco.
491 2495 548 2537 Et
566 2491 664 2552 quia
680 2492 724 2534 in
741 2490 914 2535 duobus
928 2490 1152 2550 praeceptis
1163 2491 1195 2544 4,
1215 2489 1298 2533 hoc
1311 2497 1397 2544 est,
1414 2487 1655 2532 dilectionis
1667 2487 1743 2531 Dei
1790 2485 1792 2522 ἶ

408 2597 416 2612 ¹
439 2590 517 2622 Psal.
542 2601 579 2631 1„
607 2601 657 2622 ιι.
680 2606 719 2611 —
736 2596 749 2612 ²
768 2589 814 2620 1⁴1.
838 2599 943 2628 mvn,
963 2589 994 2620 3.
1020 2604 1059 2610 -
1081 2585 1094 2609 3
1113 2586 1211 2618 Exonl.
1232 2597 1345 2623 xxxin,
1374 2595 1434 2626 m,
1460 2585 1510 2619 13.
1532 2601 1572 2608 —-
1591 2583 1606 2615 4
1624 2583 1740 2617 Manli.
1787 2614 1789 2642 s
1844 2591 1847 2606 ¹

365 2656 445 2686 un,
465 2644 520 2687 4ο.
