1872 3267
405 209 408 211 .
437 176 518 213 :730
875 187 907 212 s,
944 186 1172 216 Aucusu'im
1208 191 1386 216 Eriscori

428 252 544 295 enim
564 250 817 295 vulneratus
838 251 1011 296 videtur
1033 254 1224 314 quodam
1243 254 1373 298 modo
1387 289 1397 309 ,
1419 255 1494 315 qui
1515 265 1565 299 ut
1577 265 1752 299 sanetur
1769 270 1813 299 se

428 320 575 364 subdit
592 320 792 364 manibus
814 320 991 378 medici,
1016 333 1065 366 ut
1087 325 1132 367 in
1153 340 1204 367 eo
1230 323 1460 368 medicinae
1487 341 1596 385 opus
1627 325 1812 384 implea-

427 399 512 435 tur.
542 394 592 434 In
626 391 709 435 hoc
737 400 882 435 autem
908 392 1076 437 cantico
1100 393 1367 453 praevidebat
1394 396 1609 454 Propheta
1643 395 1814 440 futuros

427 460 640 522 quosdam
653 496 663 516 ,
681 462 756 522 qui
765 462 822 506 sic
840 461 1013 507 fuerant
1026 465 1245 523 peccaturi
1261 468 1399 509 Deum
1412 465 1678 509 offendendo
1693 479 1814 524 mag-

428 531 492 576 nis
515 532 813 592 iniquitatibus
846 533 954 588 suis,
994 543 1044 578 ut
1064 550 1145 578 nec
1161 535 1464 594 poenitentiam
1478 551 1603 595 agere
1623 535 1811 591 vellent,

428 611 471 646 et
492 602 548 646 ad
570 606 707 647 Deum
730 603 868 648 redire
887 613 933 648 ut
955 615 1210 650 sanarentur
1233 626 1240 651 ;
1267 607 1320 650 de
1357 607 1516 666 quibus
1547 607 1676 650 etiam
1712 606 1814 650 alibi

429 673 610 718 dicitur:
640 693 660 716 «
685 674 899 727 Quoniam
930 691 1029 719 caro
1054 685 1178 730 sunt,
1208 685 1251 720 et
1273 677 1445 736 spiritus
1482 677 1734 733 ambulans,
1771 685 1815 722 et

430 760 450 783 »
486 759 575 788 non
597 753 813 788 revertens
829 746 864 787 1.
887 763 906 785 »
931 748 1075 789 Potest
1106 745 1236 789 etiam
1257 747 1315 791 sic
1332 746 1515 805 intelligi
1534 767 1542 791 :
1569 767 1588 789 «
1604 751 1812 792 Peccave-

429 832 448 855 »
484 823 588 858 runt
608 830 698 859 non
720 815 790 870 ei,
828 834 847 856 »
873 817 1115 860 secundum
1143 816 1189 860 id
1220 817 1339 878 quod
1367 833 1457 862 non
1491 818 1530 861 ei
1564 825 1812 864 nocuerunt

431 895 611 945 peccato
633 901 733 942 suo,
756 885 830 931 sed
852 887 949 931 sibi.

943 986 1179 1035 QUAEs'rlo
1211 988 1311 1026 LVI.

488 1108 508 1130 «
529 1089 592 1132 ET
615 1088 708 1132 haec
722 1088 968 1133 benedictio
985 1124 996 1144 ‚
1012 1105 1144 1149 quam
1167 1089 1390 1134 benedixit
1400 1092 1571 1147 Moyses
1585 1090 1717 1133 homo
1732 1089 1814 1134 Dei

431 1176 450 1199 »
478 1157 587 1202 filios
607 1158 754 1213 Israel,
786 1158 904 1217 prius
929 1175 1061 1218 quam
1078 1159 1405 1217 defungeretur.
1431 1163 1488 1204 Et
1510 1159 1640 1204 dixit:
1661 1160 1814 1204 Domi-

431 1247 450 1269 »
478 1245 558 1272 nus
583 1245 635 1272 ex
661 1229 760 1273 Sina
783 1229 925 1284 venit⁷
957 1239 1000 1272 et
1027 1229 1180 1273 alluxit
1197 1246 1247 1272 ex
1283 1233 1375 1274 Se'i'r
1401 1231 1525 1274 nobis
1558 1251 1566 1274 2
1598 1229 1816 1274 festinavit

432 1316 452 1339 »
470 1314 519 1341 ex
528 1307 675 1342 monte
690 1299 858 1342 Pharan
872 1314 973 1342 cum
987 1298 1133 1342 multis
1142 1298 1333 1342 millibus
1347 1300 1499 1344 Gades.
1512 1298 1580 1343 Ad
1595 1299 1825 1343 dexteram

432 1387 452 1410 υ
479 1370 568 1429 ejus
590 1368 744 1427 Angeli
766 1384 867 1413 cum
890 1384 940 1413 eo
956 1403 967 1424 ‚
994 1379 1037 1412 et
1058 1370 1249 1429 pepercit
1272 1367 1435 1429 populo
1463 1386 1556 1414 suo.
1586 1373 1644 1414 Et
1665 1385 1814 1414 omnes

432 1458 453 1481 ³)
474 1440 727 1484 sanctificati
752 1439 833 1483 sub
856 1455 1009 1484 manus
1025 1449 1135 1494 tuas,
1154 1440 1254 1483 ethi
1272 1440 1351 1484 sub
1376 1450 1416 1483 te
1438 1449 1553 1483 sunt.
1572 1443 1629 1484 Et
1646 1440 1814 1500 accepit

432 1529 453 1553 »
474 1511 528 1556 de
549 1510 831 1567 verbisipsius
857 1513 1017 1569 Legem
1033 1546 1043 1565 ‚
1069 1527 1203 1570 quam
1219 1510 1441 1555 mandavit
1463 1510 1586 1554 nobis
1612 1513 1811 1569 Moyses,

430 1601 450 1624 n
476 1580 774 1625 haereditatem
793 1580 1204 1639 congregationibus
1227 1581 1377 1625 Jacob.
1405 1583 1462 1625 Et
1481 1581 1561 1625 erit
1588 1582 1632 1624 in
1655 1580 1814 1625 dilecto

431 1672 451 1694 »
484 1653 683 1713 princeps
699 1689 709 1707 ,
756 1654 1024 1711 congregatis
1068 1653 1337 1712 principibus
1379 1652 1644 1712 populorum
1685 1651 1814 1696 simul

433 1743 453 1766 »
480 1724 682 1768 tribubus
701 1723 872 1768 Israel&
897 1742 916 1764 »
933 1727 1030 1769 Non
1045 1723 1312 1782 negligenter
1330 1723 1632 1782 preetereunda
1655 1732 1718 1767 est
1734 1723 1814 1768 ista

428 1796 673 1856 prophetia.
699 1798 891 1854 Apparet
911 1795 1073 1854 quippe
1095 1795 1174 1838 ista
1197 1793 1442 1837 benedictio
1464 1794 1519 1837 ad
1541 1809 1704 1840 novum
1732 1809 1813 1852 po-

429 1866 584 1927 pulum
615 1865 854 1924 pertinere,
892 1879 1023 1924 quem
1046 1863 1255 1908 Dominus
1277 1863 1473 1908 Christus
1506 1863 1808 1921 sanctificavit,

429 1953 478 1980 ex
503 1937 626 1995 cujus
648 1950 830 1994 persona
862 1934 941 1978 ista
964 1934 1170 1978 dicuntur
1192 1950 1214 1977 a
1239 1937 1389 1991 Moyse
1404 1968 1414 1988 ⁷
1441 1949 1530 1977 non
1551 1949 1602 1976 ex
1629 1948 1810 1992 persona

428 2007 560 2067 ipsius
579 2005 741 2063 Moysi,
767 2005 887 2065 quod
904 2005 949 2048 in
971 2004 1340 2065 Consequentibus
1374 2004 1597 2047 evidenter
1614 2013 1806 2062 apparet.

429 2079 538 2122 Nam
561 2076 595 2120 si
611 2085 836 2135 propterea
860 2074 1023 2118 dictum
1042 2084 1125 2130 est,
1150 2094 1170 2116 «
1202 2075 1410 2119 Dominus
1432 2090 1482 2117 ex
1506 2074 1606 2118 Sina
1627 2075 1766 2128 venit,
1787 2092 1807 2116 »

430 2147 588 2207 quiain
610 2154 758 2190 monte
783 2145 882 2189 Sina
905 2148 992 2189 ch
1015 2144 1115 2189 data
1137 2154 1228 2199 est,
1251 2144 1358 2205 quid
1379 2144 1459 2188 sibi
1481 2143 1576 2188 vult
1598 2144 1717 2204 quod
1742 2159 1809 2188 sc-

431 2218 602 2277 quitur‚
632 2237 652 2259 «
676 2220 733 2261 Et
750 2216 901 2260 alluxit
922 2232 971 2259 ex
988 2218 1080 2261 Se'i'r
1100 2216 1225 2260 nobis
1251 2236 1258 2260 :
1288 2235 1307 2257 »
1334 2231 1432 2277 cum
1454 2218 1546 2260 Se'i'r
1564 2231 1686 2258 mons
1706 2215 1814 2259 idu-w

432 2304 552 2332 maeae
575 2288 643 2343 sit,
684 2288 762 2332 ubi
785 2288 981 2346 regnavit
1014 2288 1154 2332 Esau?
1177 2286 1342 2332 Deinde
1364 2302 1463 2331 cum
1493 2289 1664 2343 Moyses
1699 2285 1810 2331 filios

434 2358 564 2403 Israel
578 2358 806 2402 benedicat
822 2357 888 2402 his
907 2357 1049 2402 verbis
1063 2393 1073 2412 ‚
1092 2357 1203 2401 sicut
1223 2357 1438 2417 Scriptura
1456 2356 1674 2416 praedixit,
1699 2372 1817 2416 quo-

434 2430 566 2474 modo
598 2427 714 2472 idem
751 2428 855 2473 dicit
882 2447 890 2472 :
918 2447 937 2469 «
973 2430 1032 2472 Et
1053 2428 1216 2487 accepit
1240 2427 1294 2472 de
1315 2428 1457 2473 verbis
1492 2427 1623 2487 ipsius
1650 2430 1816 2486 Legem>

481 2532 487 2547 ¹
508 2523 586 2556 l'sal.
605 2534 720 2565 ιχχνιι,
740 2522 793 2565 39.
811 2540 852 2545 —
872 2526 993 2555 21)(3ιιί.
1017 2534 1122 2563 xxxin,
1146 2523 1210 2554 1-5.
