1872 3267
350 258 433 296 622
790 265 823 293 s.
860 264 1090 295 AucusTim
1124 267 1304 295 Emscom

345 350 365 374 n
401 332 501 377 ratis
529 332 575 375 in
602 346 670 375 me
693 333 821 376 vosl?
849 350 867 372 »
894 334 1035 384 Quam
1057 331 1330 376 locutionem
1357 331 1416 374 ita
1439 331 1641 375 nonnulli
1662 331 1730 376 in-

345 402 566 461 terpretati
587 411 712 456 sunt,
743 421 762 443 «
786 404 849 447 Ne
877 400 989 445 forte
1017 401 1196 446 veniatis
1231 400 1458 445 adversum
1486 416 1556 444 me
1583 417 1672 445 vos.
1705 420 1724 442 »

344 473 429 518 Sed
446 474 529 518 hoc
545 487 647 517 eum
665 488 719 517 ne
740 473 794 517 ab
811 472 877 516 his
894 472 1210 516 interficeretur
1228 471 1399 527 dixisse,
1418 470 1530 515 illud
1547 471 1726 528 indicat,

343 542 465 605 quod
485 544 531 588 in
554 547 807 602 Regnorum
827 543 939 587 libro
961 543 1171 603 scriptum
1193 552 1272 599 est,
1290 542 1476 603 jubente
1501 541 1730 587 Salomone

344 624 394 660 ut
409 616 541 661 homo
568 615 855 671 occideretur,
880 623 924 659 et
946 614 1145 659 dicente:
1176 633 1195 657 «
1219 614 1340 659 Vade
1369 628 1548 658 occurre
1574 612 1677 658 illi2.
1706 632 1726 655 »

345 687 476 741 Quod
501 685 600 731 ideo
632 702 722 731 non
753 684 1032 744 intelligitur,
1059 684 1162 745 quia
1191 700 1281 730 non
1311 694 1375 729 est
1406 684 1731 729 consuetudinis

347 757 466 817 apud
484 773 562 802 nos
587 758 647 802 ita
671 756 770 801 dici.
799 756 867 802 Sic
890 756 1006 800 enim
1029 755 1152 816 quod
1175 755 1381 800 militares
1403 764 1634 815 potestates
1662 753 1730 798 di-

347 838 481 873 cunt:
506 847 527 872 «
546 829 684 884 Vade,
709 827 847 873 alleva
867 826 1014 883 illum,
1048 846 1066 869 »
1091 836 1134 871 et
1158 826 1391 885 significat,
1417 826 1566 871 occide
1586 824 1728 880 illum⁷

346 900 443 960 quis
463 899 679 959 intelligat
695 899 774 943 nisi
795 899 871 959 qui
892 897 1005 943 illius
1021 897 1251 943 locutionis
1267 896 1627 941 consuetudinem
1645 912 1726 941 no—

348 970 440 1015 vit?
460 969 578 1015 Solet
598 979 642 1014 et
663 969 796 1029 vulgo
816 968 934 1030 apud
954 985 1032 1014 nos
1056 968 1162 1024 dici,
1195 987 1215 1011 ι(
1238 967 1570 1028 Compendiavit
1589 966 1652 1011 illi
1672 986 1679 1012 :
1700 986 1719 1009 »

349 1040 471 1102 quod
491 1050 575 1098 est,
602 1040 762 1086 occidit
781 1040 921 1085 illum.
948 1044 1005 1086 Et
1036 1041 1121 1085 hoc
1148 1055 1277 1085 nemo
1310 1039 1512 1098 intelligit
1544 1038 1624 1083 nisi
1656 1038 1732 1100 qui

350 1112 500 1156 audire
537 1113 776 1158 consuevit.
815 1115 918 1157 Haec
951 1121 1014 1156 est
1048 1112 1164 1156 enim
1193 1112 1256 1156 vis
1295 1111 1504 1170 generalis
1537 1110 1733 1155 omnium

349 1183 641 1239 locutionum,
671 1193 721 1228 ut
747 1182 1122 1244 quemadmodum
1150 1183 1254 1242 ipsae
1284 1183 1463 1242 linguae⁷
1489 1198 1579 1228 non
1599 1180 1733 1226 intel-

351 1252 562 1312 ligantur,
587 1255 669 1298 nisi
691 1253 908 1298 audiendo
929 1253 998 1298 vel
1019 1252 1205 1312 legendo
1228 1252 1464 1298 discantur.

399 1358 408 1375 ¹
426 1352 532 1385 Judic.
553 1362 606 1395 xv,
633 1361 682 1385 12.
707 1368 747 1374 —
766 1357 779 1374 2
801 1351 819 1383 3
838 1353 916 1394 Reg.
937 1360 972 1393 ιι,
991 1359 1044 1393 29.

652 1888 754 1920 FINIS
777 1887 874 1920 TOMI
899 1887 1111 1919 CENTESIMI
1135 1887 1443 1920 DECIMl-TERTII.
