1872 3267
339 257 604 296 QUAEsnoims
635 260 681 286 IN
712 258 923 296 EXODUM,
958 260 1040 286 Lm.
1076 260 1124 286 11.
1342 247 1427 286 219

46 335 176 386 atque
203 325 405 381 causalis,
431 334 724 385 prorumpunt
745 325 790 369 in
811 326 972 384 species
993 324 1160 371 debitas
1181 324 1267 369 suis
1288 323 1428 370 modis

45 407 88 445 et
113 397 286 442 finibus.
314 401 370 442 Et
396 398 455 442 sic
478 413 567 441 non
596 397 803 443 dicuntur
826 395 990 455 angeli,
1015 395 1092 457 qui
1126 397 1203 440 ista
1232 394 1425 451 faciunt,

45 469 294 514 animalium
328 480 561 524 creatores,
594 470 704 514 sicut
725 485 805 513 nec
833 469 1033 528 agricolas
1055 476 1247 525 segetum
1267 467 1337 512 vel
1360 483 1429 511 ar-

44 542 198 586 borum
215 540 285 585 vcl
308 557 585 603 quorumque
607 542 652 585 in
674 551 786 585 terra
820 540 1088 600 gignentium
1114 548 1327 584 creatores
1358 538 1427 582 di-

45 611 170 656 cendi
203 620 325 666 sunt3
351 612 547 671 quamvis
569 612 770 656 noverint
789 611 985 670 praebere
1007 608 1217 670 quasdam
1239 608 1428 653 visibiles

44 682 388 742 opportunitates
412 692 455 726 et
482 698 646 737 causas,
673 691 722 726 ut
756 681 827 726 illa
851 691 1098 725 nascantur.
1124 678 1255 733 Quod
1281 688 1428 723 autem

43 753 111 798 isti
132 751 298 797 faciunt
318 752 564 808 visibiliter,
592 754 675 797 hoc
694 752 846 810 Angeli
867 749 1165 796 invisibiliter:
1193 752 1307 794 Deus
1324 764 1428 795 vero

43 822 157 868 solus
174 838 299 866 verus
314 833 482 867 creator
509 832 599 877 est,
626 823 702 883 qui
725 838 872 866 causas
889 822 1000 882 ipsas
1023 829 1066 865 et
1096 820 1283 864 rationes
1299 820 1429 864 semi-

43 893 181 938 narias
202 893 332 938 rebus
345 893 541 938 inseruit.
565 897 648 937 Res
667 893 855 938 breviter
869 892 983 936 dieta
998 901 1084 947 est,
1109 907 1209 951 quae
1229 891 1264 935 si
1281 906 1428 935 exem-

43 965 122 1027 plis
144 976 187 1011 et
203 967 375 1026 copiosa
387 966 681 1026 disputatione
692 966 949 1027 explicetur‚
966 975 1016 1010 ut
1033 964 1200 1010 facilius
1215 963 1431 1023 intelliga-

43 1046 137 1090 tur,
177 1036 310 1096 longo
341 1052 540 1082 sermone
577 1053 686 1098 opus
719 1046 804 1092 est,
845 1053 869 1082 a
911 1052 1001 1096 quo
1033 1051 1079 1080 se
1120 1035 1228 1081 ratio
1269 1044 1428 1080 nostrae

43 1106 325 1153 festinationis
347 1118 536 1153 excusat.

543 1193 780 1243 QUAEsrio
810 1194 932 1232 xxii.

105 1292 124 1315 «
135 1275 366 1317 FEcnntan
384 1282 529 1317 autem
543 1271 739 1317 similiter
753 1281 795 1315 et
812 1271 1102 1316 incantatores
1116 1271 1428 1332 AEgyptiorum

45 1361 66 1385 »
100 1343 315 1388 veneficiis
338 1344 445 1402 suis;
470 1353 512 1388 et
534 1343 787 1387 induratum
810 1352 872 1386 est
894 1359 968 1387 cor
985 1342 1242 1397 Pharaonis,
1274 1352 1317 1387 et
1339 1358 1429 1387 non

45 1431 66 1455 »
100 1411 316 1458 exaudivit
336 1430 407 1459 eos
429 1415 541 1458 sicut
562 1414 669 1457 dixit
691 1414 901 1458 Dominus
917 1416 948 1458 ¹.
972 1431 992 1455 »
1015 1416 1127 1459 Cum
1153 1413 1247 1458 haec
1269 1412 1427 1458 dicun-

42 1493 127 1539 tur,
161 1484 336 1529 videtur
362 1493 592 1544 propterea
621 1499 695 1528 cor
725 1484 960 1528 Pharaonis
990 1483 1243 1528 induratum
1272 1483 1424 1539 fuisse,

40 1555 142 1616 quia
175 1564 218 1598 et
244 1555 533 1598 incantatores
562 1554 872 1614 AEgyptiorum
907 1553 1061 1598 similia
1102 1553 1322 1611 fecerunt3
1353 1555 1428 1598 sed.

41 1625 351 1685 consequentia
366 1624 590 1669 docebunt
606 1634 770 1684 quanta
786 1623 918 1669 fuerit
934 1623 1007 1668 illa
1023 1625 1256 1670 obduratio
1268 1661 1278 1680 ‚
1299 1625 1425 1669 etiam

41 1710 139 1740 cum
161 1696 448 1740 incantatores
470 1694 740 1739 defecerunt.

531 1792 767 1842 QUAESTIO
791 1787 938 1833 XXIII.

104 1890 123 1913 «
157 1874 388 1916 Fsscmmvr
416 1880 561 1916 autem
586 1870 784 1915 similiter
812 1881 854 1915 ct
884 1872 1176 1917 incantatores
1201 1873 1429 1932 AEgyptio-

46 1960 66 1983 »
100 1958 196 1986 rum
216 1942 433 1987 veneficiis
462 1942 569 1997 suis,
603 1951 645 1986 et
678 1941 924 1988 eduxerunt
949 1959 1072 1987 ranas
1106 1959 1235 2003 super
1268 1952 1428 1988 terram

47 2030 66 2053 n
100 2013 317 2072 AEgypti'2.
343 2031 362 2053 »
389 2012 610 2065 Quaeritur
623 2011 741 2056 unde
757 2048 768 2068 ‚
793 2013 826 2056 si
837 2014 928 2073 jam
946 2013 1113 2075 ubique
1130 2013 1295 2058 factum
1317 2024 1424 2059 erat.

47 2083 127 2128 Sed
148 2083 292 2128 similis
315 2084 497 2144 quaestio
515 2093 600 2138 est,
623 2083 741 2128 unde
760 2093 803 2128 et
820 2100 979 2145 aquam
993 2085 1038 2129 in
1057 2086 1312 2143 sanguinem
1327 2101 1428 2130 ver-

44 2155 200 2211 terim,
237 2155 271 2199 si
294 2164 384 2200 tota
407 2172 520 2216 aqua
549 2156 729 2215 AEgvpti
757 2156 803 2199 in
831 2157 1087 2215 sanguinem
1115 2173 1320 2202 conversa
1336 2159 1427 2218 jam

45 2223 196 2270 fuerat.
230 2226 417 2271 Proinde
447 2226 782 2285 intelligendum
804 2237 868 2272 est
890 2229 1107 2286 regionem
1125 2264 1135 2283 ,
1160 2229 1236 2273 ubi
1264 2228 1341 2272 filii
1365 2232 1428 2273 Is-

45 2295 130 2340 rael
162 2297 442 2352 habitabant,
468 2297 604 2356 plagis
628 2296 787 2342 talibus
810 2314 899 2343 non
926 2298 1057 2344 fuisse
1082 2315 1329 2359 percussam
1348 2335 1359 2355 ‚
1385 2310 1429 2344 et

19 2354 23 2422 l
47 2365 143 2411 inde
167 2378 406 2427 potuerunt
425 2369 714 2413 incantatores
734 2369 806 2414 vel
834 2386 990 2431 aquam
1008 2371 1204 2427 haurire,
1229 2387 1359 2432 quam
1383 2372 1428 2415 in

19 2423 24 2498 Ι
46 2438 293 2496 sanguinem
318 2449 557 2494 verterent,
582 2439 652 2484 vel
674 2439 839 2501 aliquas
862 2457 986 2486 ranas
1006 2442 1193 2487 educere
1215 2442 1271 2487 ad
1292 2441 1427 2486 solam

21 2499 24 2591 ι
46 2505 453 2553 demonstrationem
490 2508 668 2568 magicae
704 2512 928 2569 potentiae.
970 2514 1231 2572 Quanquam
1267 2522 1426 2572 potue-

22 2594 25 2650 Ι
94 2609 102 2624 ¹
124 2604 217 2636 Evod.
239 2616 294 2645 vn,
323 2614 374 2636 2¹2.
403 2622 444 2627 ——
459 2612 472 2627 '2
498 2606 672 2648 1d.v1n,7.

23 2659 25 2669 Ι

23 2674 25 2694 ι

23 2698 25 2714 l
