1872 3267
401 219 451 258 14
845 231 877 257 s.
915 231 1142 260 AUGUSTIM
1175 233 1355 261 muscom

400 316 420 338 »
447 313 581 357 purus
603 298 684 342 eris
706 313 729 341 a
747 299 994 357 juramento
1017 300 1128 344 hoc1
1158 319 1166 345 ε
1195 318 1215 341 »
1236 298 1527 344 manifestavit
1546 299 1606 344 ita
1636 311 1680 343 se
1709 298 1776 343 di-
1824 295 1826 297 ³
1860 323 1861 330 κ

396 368 524 422 xisse,
543 386 566 409 «
592 367 758 427 Adjuro
771 377 814 412 te
831 403 842 423 7
871 386 890 409 »
917 378 1125 430 tanquam
1141 369 1305 414 diceret
1319 405 1329 425 ‚
1356 372 1379 413 J
1385 385 1463 414 ura
1484 369 1606 413 mihi.

452 439 652 481 LXXIX.
678 438 808 491 Quod
825 438 1032 498 scriptum
1047 449 1110 484 est
1132 440 1186 483 de
1200 440 1413 495 Rebecca,
1434 458 1454 482 «
1479 439 1612 498 Virgo
1630 447 1777 483 autem

395 525 416 548 »
435 518 527 553 erat
541 509 731 569 speciosa
744 509 886 566 valde,
902 510 1023 569 virgo
1035 521 1143 567 erat,
1158 512 1225 556 vir
1236 527 1325 555 non
1338 519 1600 570 cognoverat
1612 513 1775 565 eam²‚³›
1821 540 1829 555 .
1844 505 1847 520 ’

392 579 473 624 ista
502 580 700 640 repetitio
723 581 1146 626 commendationem
1173 581 1430 641 virginitatis
1456 581 1663 626 insinuat.
1691 578 1779 625 Sed

390 665 471 694 cur
493 649 689 695 additum
710 651 786 706 sit,
810 670 831 693 «
854 651 930 695 Vir
958 667 1048 696 non
1068 660 1334 711 cognoverat
1355 665 1467 707 eam,
1496 669 1517 693 >›
1542 650 1625 695 nisi
1650 649 1779 695 locu-

392 721 520 766 tionis
544 722 622 778 sit,
658 723 819 766 mirum
841 722 874 766 si
891 723 1026 782 possit
1052 723 1113 767 ita
1145 723 1282 783 accipi
1300 732 1351 767 ut
1372 723 1496 782 virgo
1528 736 1691 767 nomen
1723 720 1780 765 sit

393 792 551 848 aetatis,
576 808 673 838 non·
687 793 961 852 integritatis.
988 793 1126 839 Graeci
1148 803 1295 839 autem
1313 809 1403 838 non
1413 793 1604 848 habent,
1633 811 1655 835 «
1679 806 1781 851 cog-

395 881 417 904 »
457 873 638 908 noverat
659 899 670 919 ,
715 862 807 918 sed,
853 864 1060 923 cognovit
1094 882 1103 908 :
1149 883 1171 906 »
1211 864 1335 925 quod
1365 863 1542 910 videtur
1576 864 1780 909 inconse-

393 950 546 994 quens.

452 1009 630 1051 LXXX.
660 1026 680 1049 «
705 1007 915 1053 Adoravit
942 1008 1123 1053 Domino
1161 1028 1169 1053 :
1191 1010 1242 1050 3»
1268 1007 1391 1069 quod
1423 1007 1551 1053 nobis
1571 1006 1781 1053 usitatum

393 1086 458 1122 est
478 1078 619 1122 dicere
645 1098 653 1124 :
680 1078 889 1124 Adoravit
905 1079 1157 1124 Dominum.

452 1151 653 1193 LXXXI.
684 1168 703 1191 «
729 1150 941 1203 Quoniam
966 1167 1056 1195 non
1078 1150 1312 1212 dereliquit
1328 1151 1542 1212 justitiam
1564 1159 1608 1195 et
1623 1150 1782 1195 verita-
1830 1169 1834 1245 j

396 1238 417 1262 »
442 1228 531 1264 tem
546 1236 569 1264 a
585 1220 773 1265 Domino
786 1236 883 1265 meo
897 1222 913 1246 4
925 1240 945 1262 ›>
965 1221 1030 1266 :id
1051 1230 1130 1277 est,
1143 1222 1357 1282 justitiam
1375 1231 1418 1266 et
1438 1221 1665 1267 veritatem
1679 1236 1779 1282 quae
1830 1249 1833 1258 ·

393 1300 461 1336 est
478 1291 702 1335 aDomino
723 1306 837 1347 meo,
863 1307 912 1336 ac
930 1292 964 1336 si
994 1291 1157 1336 diceret
1178 1313 1188 1336 2
1218 1311 1237 1334 (ι
1271 1295 1415 1345 Quam
1433 1291 1537 1337 fecit
1565 1291 1778 1338 Dominus
1828 1320 1832 1350 3

396 1381 418 1405 »
452 1378 625 1408 meus.»
1827 1354 1832 1417 ἔ

449 1436 675 1478 LXXXII.
705 1453 726 1476 «
742 1436 799 1478 Et
815 1449 993 1479 currens
1010 1434 1156 1494 puella
1178 1434 1397 1479 nuntiavit
1417 1434 1463 1478 in
1483 1432 1667 1478 domum
1682 1448 1779 1478 ma-
1802 1444 1806 1449 “
1827 1421 1830 1430 ’

393 1523 414 1546 »
448 1505 523 1549 tris
545 1506 659 1549 suae⁵
687 1524 696 1550 :
716 1523 736 1546 ))
761 1508 885 1565 quasi
906 1521 996 1550 non
1018 1505 1107 1565 ipsa
1125 1514 1235 1550 esset
1256 1514 1300 1549 et
1320 1504 1454 1564 patris
1475 1504 1650 1549 domus.

448 1578 697 1620 LXXXIII.
719 1594 739 1617 ‹<
754 1578 982 1637 Etaquam
998 1576 1142 1621 lavare
1162 1576 1348 1637 pedibus
1367 1576 1518 1636 ipsius,
1538 1575 1778 1637 etpedibus
1824 1581 1827 1592 '

390 1664 413 1689 >›
439 1647 631 1692 virorum
655 1646 731 1708 qui
750 1661 851 1690 cum
867 1662 919 1691 eo
940 1656 1063 1691 erant
1077 1649 1110 1691 ⁶.
1139 1665 1160 1689 »
1821 1678 1825 1721 ι

446 1719 689 1762 LXXXIV.
736 1736 756 1759 «
792 1717 1003 1761 Dominus
1035 1717 1107 1761 cui
1148 1716 1312 1777 placuit
1344 1725 1444 1761 ante
1483 1717 1624 1776 ipsum
1640 1751 1651 1771 ,
1685 1716 1777 1776 ipse
1820 1722 1823 1770 ξ

390 1808 410 1830 »
431 1789 576 1833 mittet
596 1786 813 1847 Angelum
838 1803 965 1832 suum
995 1789 1169 1832 tecum⁷
1198 1807 1206 1832 :
1230 1805 1251 1828 n
1271 1787 1394 1848 quasi
1420 1801 1510 1831 non
1530 1787 1772 1843 sufficeret,
1818 1826 1821 1843 ἰ

389 1878 411 1902 ι(
431 1859 513 1904 Cui
533 1857 679 1918 placui
706 1877 714 1902 2
743 1876 762 1898 »
781 1874 836 1901 an
858 1866 1028 1918 poterat
1045 1858 1084 1902 ei
1104 1857 1275 1918 placere
1296 1857 1378 1902 nisi
1400 1866 1499 1902 ante
1513 1857 1688 1917 ipsum?
1817 1881 1820 1919 ἶ

444 1929 661 1972 LXXXV.
693 1947 713 1969 «
736 1927 778 1972 Si
800 1937 849 1971 tu
873 1943 1096 1987 prosperas
1116 1928 1232 1972 viani
1253 1942 1418 1982 meam,
1443 1943 1531 1987 qua
1552 1941 1632 1986 ego
1655 1941 1773 1972 nunc
1816 1932 1819 1945 ²

387 2018 409 2041 »
434 1997 655 2058 ingredior
668 1999 713 2042 in
736 2000 877 2041 eamss.
906 2016 926 2039 »

442 2071 684 2114 LXXXVI.
701 2071 813 2114 Cum
831 2069 964 2113 verba
981 2084 1057 2112 sua
1073 2077 1267 2112 narraret
1283 2083 1429 2113 servus
1445 2068 1649 2123 Abrahae,
1671 2083 1770 2128 quae
1814 2111 1815 2114 ,

384 2140 492 2185 dixit
523 2155 768 2184 accessurus
789 2138 843 2183 ad
866 2137 1033 2182 fontem
1048 2173 1059 2194 ,
1082 2138 1142 2182 ita
1174 2138 1364 2183 narravit
1391 2158 1399 2183 :
1429 2157 1449 2181 «
1469 2141 1525 2183 Et
1547 2138 1628 2182 erit
1647 2138 1770 2197 virgo

384 2229 406 2253 »
431 2210 502 2255 cui
518 2224 596 2268 ego
610 2210 759 2254 dixero
785 2228 794 2254 :
814 2212 875 2253 Da
890 2208 996 2252 mihi
1009 2208 1158 2252 hibere
1179 2208 1387 2269 pusillum
1405 2224 1530 2269 aquae
1544 2207 1598 2251 de
1611 2207 1769 2265 hydria
1810 2246 1811 2262 ,

384 2299 406 2323 »
431 2290 507 2326 tua
524 2316 535 2336 ,
555 2289 597 2324 et
614 2279 729 2324 dicet
750 2278 857 2323 mihi
879 2298 887 2323 :
911 2281 968 2322 Et
988 2287 1038 2322 tu
1059 2278 1162 2322 bibe
1183 2288 1226 2323 et
1247 2277 1418 2323 camelis
1436 2279 1520 2322 tuis
1537 2278 1732 2324 hauriam
1749 2293 1765 2324 :
1809 2269 1811 2294 ¹

383 2371 406 2394 »
440 2353 534 2397 haec
571 2350 727 2396 mulier
764 2359 828 2394 est
868 2365 999 2410 quam
1034 2349 1202 2408 paravit
1233 2349 1443 2394 Dominus
1485 2348 1650 2393 famulo
1687 2364 1765 2394 suo
1844 2368 1845 2371 ¹

382 2442 403 2466 η
431 2424 594 2469 lsaa00.
633 2441 654 2464 »
679 2421 846 2476 Quibus
873 2419 1016 2465 verbis
1037 2419 1137 2464 satis
1159 2418 1382 2464 evidenter
1403 2433 1648 2479 expressum
1670 2428 1733 2464 cst
1748 2453 1760 2475 ,
1805 2423 1807 2478 J
1871 2460 1872 2463 ,

427 2529 436 2544 ¹
458 2524 537 2553 Gen.
558 2531 648 2561 xxm,
671 2520 702 2552 ὃ.
728 2536 764 2542 --
792 2526 804 2541 2
818 2518 899 2551 Ibid.
923 2517 973 2550 16.
991 2535 1033 2540 —
1054 2515 1160 2549 31bid.
1179 2518 1232 2549 26.
1256 2533 1296 2540 --
1313 2515 1426 2549 41bid.
1448 2526 1503 2559 27,
1519 2518 1574 2550 28.
1589 2535 1629 2540 -
1644 2515 1659 2541 5
1679 2516 1759 2550 lbid.
1803 2527 1804 2538 ³

381 2576 449 2601 0·-
470 2577 549 2610 lbid.
578 2577 631 2609 32.
652 2583 720 2609 -—7
748 2575 828 2609 ibid.
848 2575 902 2618 40.
923 2592 964 2597 —
983 2574 1097 2607 81bid.
1118 2573 1171 2615 41.
1191 2592 1233 2597 -
1252 2582 1267 2606 o
1286 2574 1366 2607 lbid.
1394 2573 1450 2617 43,
1474 2573 1526 2617 44.

1824 1527 1837 1579 Ι,
