1872 3267
316 281 584 319 QUAEsnoNES
616 284 662 311 nv
694 284 961 322 LEVITICUM,
997 285 1080 312 Lm.
1116 285 1180 313 111.
1358 271 1442 312 407

525 390 763 441 QUAESTIO
795 391 966 431 vam.

112 511 132 534 «
166 494 263 537 NON
282 491 451 538 furtum
478 491 667 548 facietis,
699 508 843 554 neque
869 493 1164 549 mentiemini,
1195 509 1340 555 neque
1367 510 1443 540 ca·-

0 559 1 562 ’
51 582 71 605 »
93 562 305 608 lumniam
326 564 458 609 faciet
479 565 780 625 unusquisque
802 565 998 624 proximo
1018 567 1077 608 ¹.»
1105 564 1222 609 Illud
1249 565 1304 610 de
1327 564 1446 611 furto

48 634 238 695 positum
272 644 335 679 est
369 635 415 679 in
450 634 683 694 Decalogo.
722 635 852 689 Quod
886 645 1032 680 autem
1068 634 1199 691 dicit,
1238 654 1258 677 «
1292 638 1443 697 Neque

0 710 3 726 ³
51 722 71 746 »
105 705 390 761 mentiemini,
408 721 550 766 neque
567 705 830 750 calumniam
843 706 973 750 faciet
984 706 1288 767 unusquisque
1303 708 1446 766 proxi-

51 793 72 816 »
107 790 179 819 mo
197 778 230 831 2,
252 793 272 816 »
297 776 458 820 mirum
478 776 512 820 si
531 792 620 821 non
643 792 694 821 eo
712 786 932 836 praecepto
954 777 1218 833 continetur,
1239 777 1360 837 quod
1382 777 1444 821 ibi

47 846 236 906 positum
258 856 344 902 est,
380 849 571 907 «Neque
593 846 751 891 falsum
776 847 1072 892 testimonium
1098 846 1213 892 dices
1240 847 1444 893 adversus

0 911 1 939 3
50 934 70 957 »
103 916 350 976 proximum
373 926 525 962 tuum:
549 935 569 958 »
588 919 797 978 quoniam
816 933 958 978 neque
982 916 1198 963 calumnia
1215 919 1306 962 sine
1319 934 1444 963 men-

0 984 1 989 ’
46 986 169 1032 dacio
182 988 439 1047 fieripotest,
461 987 582 1049 quod
601 987 694 1033 falsi
712 989 948 1033 testimonii
967 988 1248 1048 generalitate
1266 989 1444 1035 conclu-

45 1057 179 1102 ditur.
212 1058 296 1104 Sed
327 1068 477 1103 utrum
508 1060 602 1104 haec
625 1058 770 1120 aliqua
801 1060 1154 1119 compensatione
1175 1058 1445 1106 admittenda

0 1122 1 1128 ¹
45 1129 145 1183 sint,
163 1144 320 1188 magna
342 1130 526 1190 quaestio
544 1139 605 1174 est
623 1150 631 1175 z
658 1131 769 1175 sicut
789 1130 844 1174 de
861 1129 1092 1174 mendacio
1110 1145 1221 1189 pene
1242 1131 1445 1176 omnibus

45 1198 237 1256 videtur,
265 1201 384 1261 quod
408 1201 485 1244 ubi
503 1217 633 1245 nemo
654 1201 852 1256 laeditur,
879 1216 958 1260 pro
986 1200 1125 1245 salute
1141 1201 1443 1247 mentiendum

45 1280 122 1316 est.
151 1274 306 1316 Utrum
328 1287 429 1330 ergo
447 1273 505 1316 ita
530 1282 573 1316 et
595 1272 649 1316 de
677 1271 795 1317 furto
823 1292 830 1316 ε
858 1288 913 1317 an
937 1271 1107 1317 furtum
1131 1274 1227 1317 fieri
1251 1289 1340 1318 non
1364 1290 1445 1334 po-

45 1351 152 1398 test,
201 1343 277 1386 ubi
306 1342 454 1387 nullus
486 1342 694 1387 laeditur?
740 1343 949 1396 Quinimo
982 1344 1075 1388 fieri
1108 1353 1275 1404 potest,
1311 1346 1442 1390 etiam

44 1411 220 1475 quando
234 1413 289 1469 ei,
305 1414 376 1457 cui
391 1414 455 1468 fit,
474 1413 733 1470 consulitur,
756 1423 964 1474 tanquam
979 1414 1012 1458 si
1022 1414 1256 1475 quisquam
1274 1416 1444 1461 homini

45 1483 207 1529 volenti
224 1501 267 1529 se
288 1484 500 1541 occidere,
520 1484 715 1545 gladium
728 1483 915 1529 furetur.
938 1487 1047 1531 Nam
1062 1484 1280 1530 calumnia
1299 1488 1446 1533 nescio

44 1565 192 1601 utrum
214 1558 421 1618 cuiquam
451 1557 506 1602 ad
535 1558 626 1618 ejus
649 1557 884 1602 utilitatem
906 1557 1002 1601 fieri
1028 1558 1164 1617 possit
1191 1578 1200 1602 :
1226 1558 1308 1603 nisi
1330 1557 1446 1605 forte

43 1627 164 1688 quod
191 1627 247 1672 ad
268 1629 407 1688 majus
434 1627 644 1688 gaudium
670 1627 827 1683 fiebat,
859 1644 949 1689 quo
983 1637 1134 1688 postea
1157 1627 1440 1687 fruerentur,

42 1697 164 1759 quod
184 1702 209 1743 J
212 1699 346 1758 osepli
364 1698 419 1742 de
437 1699 604 1758 scypho
627 1697 980 1743 calumniabatur
995 1697 1202 1744 fratribus
1219 1700 1305 1744 suis
1317 1736 1327 1756 ,
1348 1701 1446 1762 qui-

1 1766 5 1834 ]
44 1769 124 1814 bus
138 1770 269 1814 etiam
291 1768 598 1829 explorationis
616 1768 774 1814 falsum
789 1769 955 1814 crimen
972 1769 1220 1815 intenderat
1238 1773 1269 1814 3.
1290 1774 1443 1825 Quan-

3 1838 5 1842 ’
42 1855 174 1901 quam
208 1839 244 1883 si
271 1838 600 1884 definitionibus
629 1840 709 1884 ista
742 1839 1034 1884 determinare
1064 1849 1307 1898 tentemus,
1350 1841 1443 1887 for-

0 2656 3 2669 Ι

47 1920 151 1956 tasse
179 1909 347 1955 furtum
370 1927 460 1955 non
487 1920 572 1967 est,
603 1911 684 1956 nisi
718 1910 897 1972 quando
924 1910 1067 1956 alieno
1094 1912 1265 1956 occulte
1294 1912 1441 1960 ablato

43 1984 262 2043 proximus
283 1982 481 2041 laeditur3
501 1992 545 2027 et
566 1982 783 2027 calumnia
803 1999 893 2027 non
921 1992 1008 2039 est,
1034 1984 1116 2027 nisi
1142 1984 1321 2044 quando
1345 1984 1442 2029 falsi

44 2053 230 2098 criminis
253 2053 499 2114 objectione
517 2053 737 2114 proximus
754 2053 934 2098 laeditur
960 2074 967 2099 ε
991 2055 1270 2099 mendacium
1293 2066 1435 2101 autem

44 2140 131 2169 non
163 2140 391 2184 possumus
422 2124 566 2168 dicere
610 2133 715 2169 tunc
756 2125 1062 2170 tantummodo
1096 2141 1214 2182 esse,
1257 2126 1438 2187 quando

44 2196 260 2255 proximus
288 2194 464 2239 laeditur
492 2215 499 2239 :
526 2210 627 2239 cum
652 2195 769 2239 enim
798 2194 955 2239 salsum
977 2197 1031 2240 ab
1060 2197 1222 2241 sciente
1251 2197 1435 2254 dicitur,

44 2266 195 2326 procul
228 2266 364 2311 dubio
395 2266 672 2310 mendacium
706 2276 795 2322 est,
837 2267 925 2312 sive
962 2267 1038 2312 illo
1072 2268 1308 2329 quiquam,
1349 2270 1439 2315 sive

44 2353 170 2383 nemo
207 2338 406 2383 laedatur.
446 2337 633 2382 Proinde
674 2354 832 2398 magna
866 2340 1052 2399 quaestio
1086 2340 1141 2384 de
1174 2340 1403 2385 mendacio
1423 2377 1434 2397 ,

44 2418 190 2453 utrum
222 2410 357 2469 possit
391 2409 626 2470 aliquando
649 2410 818 2468 justum
847 2425 937 2454 esse
964 2411 1243 2456 mendacium
1261 2447 1271 2467 ,
1311 2411 1438 2456 facile

44 2479 281 2524 solveretur
312 2479 491 2524 tortasse
508 2516 518 2535 ,
544 2481 577 2524 si
600 2479 689 2524 sola
717 2490 934 2540 praecepta
956 2482 1230 2526 intueremur
1246 2518 1257 2538 ,
1283 2498 1372 2526 non
1395 2491 1438 2526 et

45 2549 253 2609 exempla.
278 2553 387 2595 Nam
410 2549 519 2611 quid
540 2550 621 2594 isto
634 2560 854 2610 praecepto
873 2550 1132 2607 absolutius,
1157 2572 1176 2595 «
1196 2555 1295 2599 Non
1311 2568 1436 2597 men-

93 2647 221 2678 ¹Levit.
243 2658 309 2687 xix,
331 2658 382 2677 ιι.
408 2665 449 2668 -
470 2654 482 2668 ²
499 2648 597 2677 Emd.
621 2659 653 2683 x,
678 2647 727 2678 15.
747 2665 787 2669 —
809 2645 822 2668 3
842 2650 918 2678 Gen⁴
937 2658 1020 2680 xilv.
