1872 3267
224 237 492 276 QUAEs'rioivEs
525 240 568 266 m
602 237 1004 275 nzuaennomomou,
1041 240 1122 265 Lus.
1162 241 1203 264 v.
1321 226 1403 265 527

535 354 770 403 QUAESTIO
802 355 901 392 le.

78 476 97 499 «
123 459 237 510 Qum
260 454 517 499 mandatum
536 454 643 508 hoc,
668 454 789 514 quod
820 469 901 512 ego
936 454 1098 499 mando
1128 454 1210 499 tibi
1238 453 1368 498 hodie
1384 489 1395 509 ,

20 547 39 568 »
74 543 163 571 non
186 535 249 570 est
284 541 414 585 supra
450 523 657 579 modum,
684 539 828 585 neque
854 523 983 582 longe
1011 524 1087 568 abs
1118 533 1160 569 te
1186 533 1276 570 est:
1318 539 1407 569 non

19 616 39 640 »
74 597 120 641 in
158 596 271 641 coelo
312 605 376 640 est
425 595 572 639 dicens
588 631 598 650 ,
657 594 802 650 idest,
847 604 897 639 ut
925 594 1068 640 dicas:
1111 595 1218 648 Quis
1260 610 1411 640 ascen-

19 687 39 710 »
74 667 150 712 det
192 667 317 711 nobis
340 667 386 710 in
408 665 600 721 coelum,
635 675 678 710 et
711 665 893 726 accipiet
928 666 1055 710 nobis
1091 664 1223 721 illud,
1262 675 1306 710 et
1332 681 1410 710 au-

18 757 39 780 »
75 739 242 783 dientes
256 736 366 781 illud
384 736 788 797 faciemuSPNeque
821 746 939 781 trans
956 752 1075 781 mare
1108 746 1198 792 est,
1236 737 1406 793 dicens,

19 828 41 850 »
71 809 113 853 id
134 819 226 864 est,
270 819 320 853 ut
333 808 472 852 dicas:
519 808 624 861 Quis
645 807 942 852 transfretabit
970 808 1095 852 nobis
1127 817 1244 853 trans
1273 823 1408 864 mare,

76 890 118 924 et
146 880 327 940 accipiet
360 879 487 924 nobis
520 878 655 934 illud,
690 888 733 922 et
767 879 991 924 audientes
1022 878 1133 924 illud
1171 879 1414 925 faciemus?

77 955 216 1011 Prope
257 960 321 995 est
349 951 534 995 verbum
555 951 638 994 1100
658 949 786 994 valde
807 950 854 994 in
890 966 962 994 ore
996 960 1101 994 tuo:
1135 960 1179 994 et
1202 951 1249 994 in
1282 948 1412 995 corde

23 1040 41 1061 »
79 1031 156 1065 tuo
172 1057 182 1075 ,
222 1031 265 1065 et
284 1022 329 1065 in
366 1021 570 1064 manibus
588 1021 671 1064 tuis
693 1019 835 1064 facere
858 1020 970 1064 illud
986 1022 1015 1064 ¹.
1047 1038 1067 1061 »
1087 1023 1180 1064 Hoc
1205 1036 1294 1065 esse
1315 1036 1414 1065 ver-

20 1093 127 1136 bum
142 1092 244 1137 fidei
267 1092 372 1137 dicit
387 1092 646 1152 Apostolus:
672 1092 792 1152 quod
815 1091 869 1136 ad
886 1095 1057 1137 Novum
1080 1093 1270 1152 pertinet
1309 1095 1413 1136 Tes-

20 1173 279 1208 tamentum.
309 1163 393 1208 Sed
413 1164 551 1224 quaeri
575 1172 739 1222 potest,
765 1178 843 1207 cur
871 1178 921 1206 ea
953 1163 1150 1223 superius
1177 1162 1415 1208 mandata*

20 1234 196 1290 dixerit,
223 1251 322 1295 quae
336 1235 493 1294 scripta
517 1244 639 1289 sunt,
665 1235 711 1278 in
723 1234 837 1278 libro
861 1235 986 1293 Legis
1001 1235 1132 1295 hujus
1149 1236 1190 1278 3:
1217 1235 1295 1278 nisi
1311 1235 1415 1296 quia

18 1306 86 1350 his
103 1306 305 1350 omnibus
322 1305 527 1366 spiritalia
551 1305 850 1363 significantur
883 1305 939 1349 ad
965 1309 1137 1351 Novum
1164 1309 1416 1350 Testamen-

20 1388 115 1424 tum
137 1379 422 1438 pertinentia,
452 1378 486 1421 si
504 1377 616 1421 bene
633 1376 949 1436 intelligantur.
973 1381 1084 1422 Item
1099 1378 1238 1439 quaeri
1254 1386 1413 1439 potest,

21 1466 100 1496 cur
121 1451 204 1494 hoc
221 1448 342 1510 quod
360 1449 430 1493 hic
447 1449 638 1508 positum
662 1458 724 1493 est
747 1468 755 1493 :
778 1468 797 1491 «
832 1451 984 1509 Neque
1012 1459 1130 1494 trans
1168 1464 1288 1495 mare
1321 1459 1385 1494 est
1403 1485 1414 1504 ,

23 1539 46 1562 »
80 1529 130 1564 ut
152 1519 269 1564 dicas
291 1539 298 1564 ε
326 1519 432 1572 Quis
455 1518 752 1563 transfretabit
768 1518 1037 1581 nobis-trans
1063 1536 1203 1575 mare,
1240 1529 1283 1564 ct
1306 1520 1419 1565 acci-

11 1610 43 1636 ⁴»
76 1592 165 1651 piet
183 1591 309 1635 nobis
332 1589 444 1634 illud
462 1626 472 1645 ,
495 1609 515 1631 »
538 1589 773 1650 Apostolus
796 1589 981 1634 dixerit:
1014 1610 1033 1632 «
1059 1595 1148 1635 Aut
1187 1591 1283 1652 quis
1318 1591 1419 1636 des-

25 1681 45 1704 »
79 1662 239 1707 cendet
260 1663 304 1706 in
323 1662 558 1720 abyssum3
586 1680 606 1702 >›
640 1671 772 1722 atque
815 1661 859 1705 id
887 1678 1107 1722 exponens
1143 1662 1417 1723 adjunxerit,

26 1754 46 1777 «
83 1736 176 1778 Hoc
210 1743 273 1777 est
305 1733 529 1778 Christum
571 1748 594 1776 a
635 1734 817 1777 mortuis
862 1732 1128 1792 reducere43
1149 1752 1170 1775 »
1204 1735 1284 1778 nisi
1317 1734 1420 1795 quia

23 1821 140 1849 mare
170 1803 404 1864 appellavit
429 1813 565 1848 totam
594 1803 639 1847 in
659 1805 743 1848 hoc
775 1803 934 1848 saeculo
954 1804 1087 1848 vitam
1104 1840 1114 1859 ,
1146 1820 1247 1865 quae
1279 1814 1420 1849 morte

23 1875 257 1930 transitur,
283 1874 539 1935 utquodam
557 1873 690 1918 modo
716 1890 836 1918 mare
855 1875 1058 1929 finiatur,
1084 1884 1128 1918 et
1160 1885 1277 1919 trans
1301 1891 1421 1919 mare

24 1962 138 1990 mors
156 1947 245 2006 ipsa
260 1944 504 2005 appelletur
520 1980 530 1999 ,
552 1945 673 1989 velut
696 1955 812 1989 trans
834 1946 961 1989 istam
984 1945 1117 1989 vitam
1136 1981 1146 2001 ,
1188 1962 1288 2007 quae
1324 1962 1420 1990 ma—

24 2018 79 2062 ris
101 2016 316 2061 vocabulo
343 2016 626 2075 significatur.
662 2015 829 2060 Deinde
867 2016 987 2076 quod
1010 2017 1079 2061 hic
1109 2015 1307 2061 additum
1328 2026 1391 2062 est
1407 2053 1417 2073 ,

30 2108 48 2131 «
74 2092 131 2132 Et
148 2089 193 2131 in
212 2087 414 2132 manibus
436 2088 521 2131 tuis
546 2107 556 2145 3
585 2105 605 2128 »
630 2103 719 2131 non
742 2088 800 2131 ait
820 2087 1074 2144 Apostolus,
1100 2087 1203 2143 nisi,
1228 2107 1245 2129 «
1273 2091 1325 2132 In
1347 2104 1422 2132 ore

29 2177 50 2201 »
75 2169 153 2204 tuo
171 2168 214 2203 et
235 2159 281 2202 in
303 2158 434 2203 corde
456 2167 534 2202 tuo
551 2160 565 2183 ⁵
583 2193 590 2201 .
615 2176 634 2198 >³
653 2161 710 2202 Et
730 2159 813 2202 hoc
831 2173 970 2218 usque
1008 2159 1056 2202 in
1099 2159 1232 2202 finem
1263 2174 1418 2203 execu-

26 2239 96 2276 tus
111 2239 194 2285 est,
222 2229 397 2274 dicens:
423 2228 601 2273 «Corde
624 2229 740 2272 enim
763 2229 956 2273 creditur
987 2228 1043 2273 ad
1073 2230 1310 2289 justitiam,
1347 2245 1421 2274 ore

30 2320 50 2343 »
87 2312 233 2346 autem
255 2301 468 2346 confessio
490 2301 540 2345 fit
558 2299 613 2344 ad
633 2300 817 2345 salutem
831 2303 863 2344 ⁶.
887 2320 906 2342 »
932 2301 1090 2345 Merito
1112 2300 1233 2361 quod
1255 2316 1306 2345 ex
1328 2304 1419 2345 He·-

28 2372 148 2417 liraeo
169 2372 426 2417 translatum
440 2380 525 2427 est,
543 2380 758 2432 quantum
777 2388 799 2416 a
823 2372 948 2416 nobis
970 2372 1123 2432 inspici
1144 2373 1313 2433 potuit,
1332 2387 1421 2417 non

29 2445 181 2500 habet,
211 2464 230 2487 «
259 2448 311 2489 In
329 2444 532 2488 manibus
554 2444 652 2488 tuis.
677 2463 697 2485 »
721 2447 810 2490 Nec
826 2444 985 2489 frustra
1001 2453 1148 2489 tamen
1165 2445 1248 2490 hoc
1272 2460 1296 2490 a
1315 2447 1423 2505 Sep-

20 899 30 921 )

32 899 40 921 υ

21 970 29 992 )

32 971 40 991 υ

78 2550 87 2566 ¹
109 2546 202 2576 Deut.
229 2555 291 2576 xxx
307 2568 315 2584 ,
347 2542 465 2585 11-14,
485 2547 518 2576 et
546 2544 638 2575 Rom.
656 2553 695 2583 x,
722 2543 754 2575 8.
782 2559 823 2565 --
845 2549 857 2566 ²
877 2545 971 2576 Forte
997 2542 1188 2577 maledicta.
1218 2560 1260 2567 —
1293 2540 1307 2567 3
1324 2546 1418 2580 Dent.

33 2611 118 2642 xxix,
139 2611 191 2633 21.
209 2617 250 2624 -α
269 2599 285 2630 4
303 2602 393 2633 Rom.
413 2611 445 2641 x,
461 2611 492 2642 7.
515 2617 557 2623 ·-
581 2597 596 2623 5
618 2598 701 2632 Ibid.
723 2598 758 2632 6.
775 2616 816 2622 -
834 2597 949 2633 ‘⁵1bid.
975 2611 1024 2633 10.
