1872 3267
382 316 650 354 Quffis‘noNEs
683 316 726 342 ιΝ
762 315 950 343 οΕΝΕ51Μ
967 331 978 353 ,
1014 317 1095 343 Lus.
1133 318 1162 342 1.
1388 306 1464 343 191

82 397 102 419 »
137 379 263 423 factae
287 388 389 424 sunt
404 382 434 424 ¹.
465 398 485 422 «
510 379 622 433 Quia
641 379 859 439 Propheta
877 379 1138 439 praedixerat
1162 398 1170 423 :
1195 398 1215 421 «
1235 382 1292 424 Et
1313 379 1347 424 si
1369 378 1468 424 fue-

77 468 97 490 »
134 450 188 494 rit
206 466 414 495 numerus
437 450 627 495 filiorum
651 449 782 495 Israel
811 450 922 495 sicut
945 466 1074 495 arena
1096 450 1248 506 maris,
1272 451 1468 512 reliquiae

77 539 98 561 »
133 521 262 566 salvae
281 522 426 566 fient2.
465 540 484 562 n
506 521 576 567 Ad
597 522 680 566 1100
703 521 819 565 enim
849 523 1013 567 occisus
1037 530 1100 566 est
1121 522 1317 566 Christus
1339 539 1362 566 a
1384 525 1468 567 Ju-

69 591 204 646 dreis,
245 601 288 636 et
321 592 504 637 traditus
539 592 742 651 gentibus
776 601 985 653 tanquam
1018 592 1181 651 Joseph
1203 592 1420 652 AEgyptiis
1443 608 1469 637 a

75 661 283 707 fratribus
299 699 309 718 7
336 673 385 708 ut
409 673 452 708 et
481 663 676 724 reliquiae
700 663 831 708 Israel
864 662 991 709 salvae
1017 664 1187 708 fierent.
1215 662 1341 707 Unde
1362 662 1469 707 dicit

73 733 331 792 Apostolus:
361 753 382 776 «
409 737 518 780 Nam
544 744 588 778 et
611 750 690 793 ego
716 734 908 779 Israelita
932 750 1028 778 sum
1055 753 1063 778 :
1089 743 1132 778 et
1153 742 1204 777 ut
1235 731 1468 793 plenitudo

76 824 97 848 »
133 808 329 866 gentium
354 809 547 863 intraret,
569 818 613 853 et
630 808 689 853 sic
707 808 846 853 omnis
872 806 1002 853 lsrael
1025 807 1166 852 salvus
1188 807 1355 862 fieret³‚
1379 824 1399 848 »
1421 806 1468 851 id

74 886 157 933 est,
189 894 240 922 ex
263 878 454 939 reliquiis
480 879 610 923 Isra'e'l
632 879 875 924 secundum
898 894 1100 934 carnem,
1125 886 1169 922 et
1190 876 1466 937 plenitudine

73 950 268 1006 gentium
305 965 404 1009 quae
440 949 485 993 in
528 950 615 993 fide
652 950 813 995 Christi
853 949 1095 994 secundum
1134 948 1333 1008 spiritum
1363 957 1466 992 sunt

74 1019 320 1064 Israel.Aut
342 1021 376 1065 si
394 1030 435 1064 ct
458 1021 576 1079 genti
598 1020 660 1065 illi
680 1021 925 1065 Israeliticae
948 1029 1078 1065 restat
1093 1020 1196 1063 fidei
1214 1018 1461 1079 plenitudo,

73 1106 122 1134 ex
145 1107 231 1151 qua
254 1101 377 1135 crant
399 1090 593 1151 reliquiae
610 1127 620 1147 ,
656 1092 701 1135 in
724 1092 886 1152 quibus
909 1091 1100 1151 reliquiis
1123 1100 1226 1134 tunc
1256 1099 1300 1133 et
1322 1094 1464 1149 Apos«

73 1160 148 1205 toli
172 1161 276 1206 salvi
299 1161 401 1206 facti
424 1171 525 1206 sunt
542 1197 552 1217 ‚
577 1163 661 1206 hoc
683 1163 951 1222 significatur
975 1177 1022 1205 ea
1050 1161 1329 1221 plenitudine
1349 1160 1465 1204 libe-

72 1231 248 1277 rationis
271 1232 403 1277 Israel
418 1268 428 1288 ,
450 1249 537 1294 qua
555 1248 633 1292 per
657 1236 841 1291 Moysen
863 1248 914 1276 ex
935 1235 1129 1292 AEgypto
1151 1231 1324 1276 liberati
1342 1241 1460 1276 sunt.

544 1345 781 1395 Qui-Esne
814 1346 981 1386 cxtlx.

136 1465 155 1487 «
182 1449 435 1491 lix-mmmm
465 1446 511 1490 in
533 1449 777 1506 AEgyptum
801 1447 938 1491 Jacob
967 1456 1010 1491 et
1029 1462 1159 1491 omne
1177 1462 1322 1491 semen
1347 1448 1460 1508 ejus,

77 1533 96 1556 »
132 1515 209 1560 filii
232 1528 271 1560 et
293 1516 371 1560 filii
391 1516 582 1561 filiorum
605 1518 712 1577 ejus,
737 1518 838 1561 filiae
860 1527 903 1561 et
919 1516 1019 1561 filiae
1042 1517 1230 1562 filiarum
1247 1520 1340 1579 ejus
1360 1534 1462 1563 cum

74 1605 94 1627 »
130 1603 180 1631 eo
197 1588 228 1631 ⁴.
251 1606 271 1628 »
289 1588 585 1641 Quaerendum
601 1588 825 1649 quomodo
844 1588 959 1632 dicat
979 1589 1140 1634 «Filias
1158 1599 1202 1633 et
1222 1590 1332 1634 filias
1350 1589 1461 1634 filia-

77 1675 97 1698 »
134 1673 232 1701 rum
258 1659 349 1717 ejus
369 1674 470 1702 cum
492 1674 560 1713 eo,
583 1675 717 1703 »cum
737 1658 869 1703 filiam
892 1675 1026 1703 unam
1048 1659 1217 1718 legatur
1236 1660 1456 1705 habuisse.

73 1729 278 1788 Superius
301 1738 447 1773 autem
478 1728 586 1773 filias
614 1731 706 1790 ejus
727 1729 971 1774 dixeramus
991 1730 1128 1791 accipi
1155 1747 1281 1791 posse
1310 1741 1461 1792 neptes

51 1799 161 1859 ⁴ejus
179 1835 189 1854 ,
216 1799 327 1844 sicut
348 1799 425 1843 filii
444 1800 575 1844 Isra‘e'l
593 1816 742 1845 omnes
763 1800 973 1845 dicuntur
994 1801 1125 1846 etiam
1146 1803 1373 1847 universus
1386 1819 1463 1863 po-

70 1869 198 1929 pulus
228 1870 282 1914 al)
318 1870 393 1915 illo
423 1881 701 1931 propagatus.
737 1871 821 1916 Sed
852 1887 971 1916 nunc
999 1888 1100 1917 cum
1137 1873 1267 1929 dicit,
1307 1893 1326 1916 «
1351 1872 1464 1918 filias

14 1949 17 1955 ‘
73 1957 94 1980 »
128 1939 341 1997 filiarum,
375 1960 391 1983 r)
412 1951 590 2003 propter
607 1957 741 1986 unam
759 1943 932 1999 Binan),
957 1943 1135 2003 pluralis
1152 1960 1362 1989 numerus
1379 1960 1460 2004 pro

71 2010 277 2070 singulari
311 2012 477 2072 positus
507 2022 595 2069 est,
634 2013 745 2058 sicut
773 2013 903 2058 etiam
937 2029 1017 2074 pro
1053 2015 1212 2074 plurali
1233 2015 1461 2074 singularis

72 2081 206 2127 solet:
231 2083 313 2128 nisi
341 2100 477 2129 nurus
505 2085 597 2145 ejus
615 2085 802 2146 quisque
833 2094 993 2130 asserat
1019 2084 1128 2131 filias
1154 2087 1246 2147 ejus
1268 2086 1461 2147 potuisse

74 2153 294 2213 appellari.
705 2166 708 2170 “

601 2263 838 2312 QUAEsrlo
869 2264 946 2305 CL.

130 2367 254 2418 QUOD
277 2364 384 2409 dicit
419 2365 640 2424 Scriptura
663 2374 728 2410 tot
750 2366 913 2410 animas
937 2367 1151 2426 peperisse
1181 2367 1303 2412 Liam
1319 2370 1358 2423 ⁵,
1390 2367 1461 2413 vel

73 2443 138 2479 tot
159 2445 233 2480 aut
260 2445 326 2480 tot
348 2436 510 2480 animas
529 2437 678 2480 exiisse
700 2435 754 2480 de
776 2437 1015 2482 femoribus
1037 2438 1195 2494 Jacob,
1219 2437 1460 2484 videndum

73 2514 135 2549 est
151 2506 258 2566 quid
273 2507 376 2551 hinc
398 2505 713 2566 respondeatur
735 2507 794 2551 eis
810 2542 821 2563 ,
842 2508 918 2568 qui
934 2508 1017 2553 hoc
1034 2509 1283 2554 testimonio
1300 2510 1462 2554 confir-

121 2609 129 2625 ¹
148 2606 237 2636 Rom.
257 2615 304 2645 xr,
325 2604 356 2636 5.
381 2622 423 2627 —
446 2611 458 2627 ²
478 2606 550 2637 lsai.
583 2616 602 2637 x
618 2630 626 2646 ,
655 2613 710 2637 22.
733 2621 775 2628 —·
792 2603 805 2628 ³
823 2607 914 2638 Rom.
934 2616 977 2649 xi,
1001 2618 1030 2648 ι,
1051 2611 1083 2639 et
1097 2618 1182 2649 xxv,
1204 2599 1263 2640 26.'
1283 2605 1356 2637 -4
1370 2610 1448 2642 Gen.

20 2695 22 2700 ,
76 2659 207 2699 ,κω-1,(ὶ.
235 2676 276 2682 —
295 2657 310 2682 5
328 2659 410 2692 lbid.
431 2660 480 2692 15.
