1872 3267
356 278 622 315 QUAESTmNEs
654 279 699 305 nv
732 278 942 315 EXODUM,
977 278 1058 304 Lux.
1096 277 1143 303 11.
1358 262 1442 303 243

559 393 796 443 QUAESTIO
826 394 961 434 Lv111.

122 514 142 537 «
168 498 298 539 Dum·
319 504 465 539 autem
497 494 706 539 Dominus
728 495 784 539 ad
805 498 987 553 Moysen
1015 513 1024 539 :
1049 496 1161 539 Ecce
1181 508 1263 551 ego
1296 492 1446 552 pluam

60 583 81 606 »
115 565 238 610 vobis
257 581 388 625 panes
400 564 456 609 de
477 564 590 610 coelo
611 584 619 609 :
645 574 690 609 et
709 565 824 610 exiet
843 564 1035 626 populus
1056 573 1101 608 et
1115 562 1290 621 colliget
1310 564 1439 607 unius

60 654 80 677 »
116 635 200 679 diei
231 636 276 679 in
302 636 442 692 diem⁷
482 645 533 680 ut
568 645 734 680 tentem
761 635 858 681 illos
890 636 925 681 si
953 635 1246 681 ambulabunt
1276 635 1322 679 in
1342 634 1440 694 lege

61 725 82 748 »
116 722 234 762 mea,
260 723 407 752 annon
421 710 451 751 ¹.
476 725 496 748 »
521 707 719 752 Tentatio
739 707 819 752 ista
835 707 1036 768 probatio
1054 716 1134 763 est,
1154 722 1245 751 non
1266 706 1322 750 ad
1339 721 1443 766 pec-

58 786 205 822 catum
233 777 429 822 seductio
450 797 459 822 z
484 793 565 822 nec
586 777 685 823 ideo
706 779 906 838 probatio
928 787 979 822 ut
999 781 1113 823 Deus
1135 776 1326 832 noverit,
1368 776 1445 821 sed

59 857 108 892 ut
141 847 253 907 ipsos
284 848 386 908 ipsis
418 848 671 893 hominibus
700 849 927 904 ostendat,
953 864 1042 909 quo
1063 846 1315 893 humiliores
1337 847 1445 892 fiant

57 920 112 964 ad
134 920 371 980 petendum
395 919 659 981 adjutorium
683 930 726 964 et
747 920 1066 979 agnoscendam
1088 920 1166 965 Dei
1186 920 1383 979 gratiam.

566 1031 802 1080 QUAESTIO
834 1032 932 1072 LIX.

131 1134 302 1177 MOYsEs
340 1141 383 1176 et
409 1136 557 1177 Aaron
594 1132 748 1177 dicunt
779 1131 835 1177 ad
870 1131 1085 1192 populum
1120 1131 1234 1176 inte‘r
1255 1140 1411 1176 caetera
1431 1151 1440 1176 :

62 1222 81 1245 «
117 1208 299 1263 Propter
323 1204 444 1265 quod
461 1204 682 1248 exaudivit
703 1203 913 1248 Dominus
935 1204 1327 1248 murmurationem
1344 1219 1442 1248 ves-

60 1293 79 1315 »
114 1283 241 1330 tram,
267 1291 401 1335 quam
417 1291 493 1320 vos
515 1275 794 1319 murmuratis
815 1273 1043 1319 adversum
1065 1291 1159 1319 nos.
1184 1278 1273 1321 Nos
1296 1284 1444 1319 autem

61 1365 78 1386 »
114 1345 223 1406 quid
251 1348 427 1390 sumus?
461 1349 558 1391 Nou
591 1346 706 1389 enim
734 1345 963 1391 adversum
995 1362 1074 1391 nos
1111 1362 1312 1391 murmur
1343 1362 1441 1392 ves-

4 1415 5 1418 ’
59 1434 79 1458 »
114 1426 232 1460 trum
253 1427 331 1473 est,
350 1416 425 1461 sed
447 1416 650 1462 adversus
672 1420 855 1462 Deum2.
879 1437 898 1459 n
920 1421 1017 1463 Non
1034 1434 1085 1462 ex
1106 1419 1190 1463 hoc
1216 1427 1387 1463 tantum
1401 1434 1445 1463 se

55 1487 197 1532 valere
224 1488 460 1533 voluerunt
482 1498 699 1548 quantum
721 1492 835 1533 Deus
855 1509 862 1532 :
890 1488 1094 1533 dixerunt
1115 1490 1253 1545 enim,
1280 1509 1301 1532 «
1326 1489 1444 1543 Quid

6 1616 7 1620 Ἰ
58 1577 78 1600 »
112 1575 260 1603 sumus
283 1561 388 1602 nos?
409 1578 428 1600 )›
457 1561 512 1603 Ut
534 1558 597 1602 illi
621 1558 827 1604 adversus
848 1559 974 1603 illum
997 1576 1041 1604 se
1058 1561 1216 1605 seirent
1237 1576 1440 1605 murmu-

0 1630 7 1690 ξ
54 1645 189 1683 rasse⁷
215 1631 289 1689 qui
311 1630 414 1674 istos
436 1630 631 1684 miserat,
665 1639 708 1673 et
730 1631 806 1690 qui
828 1645 905 1689 per
928 1631 1029 1675 istos
1052 1632 1326 1691 operabatur.
1354 1635 1442 1677 Nec

0 1679 7 1759 i
55 1700 147 1745 talis
169 1700 243 1744 illa
266 1710 330 1744 est
350 1703 563 1745 sententia
577 1736 588 1756 ‚
613 1701 691 1744 ubi
714 1704 866 1745 Petrus
889 1701 993 1746 dicit
1015 1702 1196 1746 Ananiae
1218 1722 1226 1746 :
1257 1722 1275 1743 «
1297 1706 1439 1748 Ausus

0 1763 7 1816 ἰι
56 1789 76 1813 »
110 1787 154 1815 es
172 1771 345 1815 mentiri
364 1772 541 1830 Spiritui
563 1773 738 1816 sancto?
760 1774 858 1817 Non
880 1773 1130 1817 hominibus
1148 1774 1359 1818 mentitus
1376 1790 1436 1830 es,

0 1863 7 1876 ν
56 1860 76 1883 »
109 1841 185 1886 sed
210 1845 297 1885 Deo
313 1843 343 1884 ³.
376 1860 394 1883 υ
418 1845 516 1887 Non
537 1843 652 1885 enim
690 1842 780 1887 ait:
819 1862 839 1885 «
864 1846 1005 1888 Ausus
1039 1860 1082 1888 es
1104 1844 1278 1889 mentiri
1301 1846 1439 1889 mihi?

0 1913 9 1950 'r
53 1915 148 1957 Non
180 1913 285 1956 mihi
304 1913 512 1956 mentitus
546 1928 615 1968 es,
653 1913 729 1956 sed
752 1917 867 1968 Deo,
902 1932 922 1955 ³>
949 1913 1071 1974 quod
1101 1915 1134 1959 si
1157 1914 1355 1971 dixisset,
1380 1917 1440 1960 si—

0 1997 9 2027 r
50 1983 151 2026 mile
173 1982 338 2027 fuisset.
365 1986 515 2043 Neque
537 1983 596 2026 ita
617 1982 725 2027 dixit
752 2003 760 2027 ;
791 2002 812 2025 «
836 1987 979 2028 Ausus
1003 2000 1046 2028 es
1064 1986 1241 2029 mentiri
1260 1987 1438 2046 Spiritui

58 2073 76 2095 »
110 2056 283 2098 sancto?
304 2056 401 2098 Non
421 2053 601 2113 Spiritui
618 2063 767 2098 sancto
788 2055 997 2099 mentitus
1014 2071 1057 2099 es
1071 2090 1082 2110 ‚
1107 2055 1183 2100 sed
1205 2060 1294 2101 Deo
1316 2076 1359 2101 z»
1378 2058 1438 2102 ita

52 2125 168 2168 enim
188 2124 388 2185 loquens⁷
402 2134 581 2184 negaret
593 2129 732 2169 Deum
748 2141 838 2169 esse
858 2126 1066 2185 Spiritum
1084 2137 1296 2172 sanctum.
1313 2131 1439 2174 Nune

0 2230 2 2236 .
52 2210 152 2240 vero
174 2211 276 2240 cum
297 2195 472 2239 dixisset
497 2216 503 2239 z
535 2215 554 2237 «
579 2200 721 2240 Ausus
744 2206 807 2240 est
828 2196 1004 2241 mentiri
1028 2199 1205 2257 Spiritui
1227 2209 1391 2254 sancto,
1413 2218 1433 2242 »

0 2318 4 2321 k
53 2281 152 2310 cum
169 2266 241 2311 ille
268 2283 312 2311 se
330 2276 503 2326 putaret
523 2267 775 2311 hominibus
800 2265 928 2311 fuisse
950 2269 1184 2313 mentitum
1199 2305 1210 2325 ⁷
1235 2271 1324 2330 ipse
1344 2271 1436 2330 Spi-

51 2336 184 2381 ritum
204 2348 402 2382 sanctum
420 2342 556 2382 Deum
574 2353 663 2382 esse
685 2338 957 2395 monstravit,
977 2340 1246 2401 subjungens
1267 2360 1276 2385 z
1302 2361 1322 2384 «
1338 2343 1436 2388 Non

57 2424 78 2448 »
110 2408 360 2453 hominibus
381 2408 591 2452 mentitus
609 2424 652 2452 es
669 2444 680 2463 ,
705 2408 782 2453 sed
798 2412 904 2454 Deo.
932 2427 952 2451 »

102 2506 214 2537 'Ezod
227 2517 295 2548 xw,
314 2505 367 2546 24.
391 2524 431 2528 —-
452 2514 464 2528 ²
489 2506 569 2538 Ibid.
593 2507 624 2538 S.
643 2524 683 2528 —
705 2505 718 2529 3
735 2509 808 2539 Act.
829 2518 861 2548 v,
883 2508 912 2539 3.

1187 2676 1245 2712 115.
