1872 3267
401 211 486 251 604
839 221 872 250 s.
909 222 1139 252 Ausus'mm
1173 223 1355 251 EPISCOPI

398 309 418 331 »
453 290 661 333 irascatur
682 287 925 347 indignatio
946 299 1020 334 tua
1041 291 1087 334 in
1107 305 1201 346 me,
1223 299 1266 334 et
1281 290 1438 351 loquar
1463 287 1607 334 adhuc
1630 289 1784 346 semel,

396 377 418 400 n
454 368 497 403 et
518 359 699 404 tentabo
723 359 866 404 adhuc
888 359 1019 404 semel
1041 361 1087 404 in
1110 360 1290 415 vellere,
1316 369 1359 405 et
1381 369 1535 405 caetera
1549 363 1563 386 ²
1577 396 1587 405 .
1619 377 1640 402 »
1673 363 1788 404 Iram

394 430 557 490 quippe
579 430 657 473 Dei
679 429 923 486 metuebat,
949 431 1052 492 quia
1085 441 1266 477 noverat
1286 431 1498 477 tentando
1516 447 1560 476 se
1579 446 1759 491 peccare
1774 466 1785 486 ,

393 499 514 560 quod
539 504 653 546 Deus
683 502 729 544 in
751 504 866 561 Lege
889 517 965 546 sua
987 502 1334 547 manifestissime
1356 502 1578 562 prohibet.
1610 503 1704 546 Hoc
1727 510 1790 546 ta-

393 587 496 616 men
518 581 745 632 peccatum
768 575 860 634 ejus
892 583 934 618 et
960 573 1170 618 mirabilis
1196 575 1305 634 signi
1328 574 1546 619 evidentia
1568 582 1611 618 et
1631 589 1789 633 magna

393 642 586 687 victoriae
608 644 868 704 prosperitas
886 643 1245 704 liberationisque
1267 644 1420 705 populi
1442 653 1676 689 consecuta
1708 653 1786 688 est.

391 716 416 757 J
420 729 489 757 am
506 715 622 758 enim
645 718 758 759 Deus
775 724 987 759 statuerat
1006 714 1170 760 afflicto
1186 715 1350 775 populo
1368 715 1601 761 subvenire
1615 752 1625 771 ,
1659 725 1790 775 atque

390 783 521 844 hujus
553 783 696 840 ducis,
738 800 869 846 quem
918 784 973 829 ad
1002 785 1085 830 hoc
1108 801 1217 845 opus
1251 795 1558 846 assumpserat,
1585 785 1792 829 utebatur

390 855 535 900 animo
558 871 648 900 non
670 854 812 900 solum
836 854 953 899 fideli
974 865 1017 900 ct
1039 856 1137 916 pio,
1165 857 1452 902 verumetiam
1477 855 1790 901 subdeficiente
1853 882 1855 884 -

390 934 433 970 et
477 925 785 987 delinquente,
831 936 874 971 et
906 926 962 971 ad
997 922 1336 987 praenuntianda
1373 943 1473 988 quae
1514 926 1710 983 volebat,
1748 936 1791 973 et
1854 978 1855 984 χ

389 997 650 1057 complenda
665 1014 763 1059 quae
785 998 966 1043 dixerat.

446 1071 527 1112 XI.
554 1072 652 1114 Non
677 1069 793 1114 enim
815 1085 893 1129 per
918 1070 1018 1115 istos
1041 1079 1236 1127 tantum,
1270 1071 1347 1132 qui
1384 1071 1548 1116 etiamsi
1576 1085 1787 1131 peccave-

388 1148 516 1194 runt,
540 1139 653 1183 inter
663 1141 803 1199 justos
827 1149 973 1185 tamen
996 1151 1253 1197 narrantur,
1278 1141 1354 1186 sed
1383 1141 1513 1186 etiam
1545 1157 1619 1202 per
1643 1141 1788 1201 ipsum

391 1209 565 1255 Saiilem
587 1212 706 1255 omni
725 1210 858 1256 modo
880 1213 1159 1272 reprobatum
1174 1249 1184 1268 ,
1221 1214 1359 1258 multa
1385 1216 1499 1258 Deus
1523 1211 1686 1273 populo
1709 1228 1787 1256 suo

387 1281 587 1340 praestitit
602 1316 612 1336 ,
636 1281 682 1324 in
706 1297 838 1340 quem
854 1282 1031 1327 insilivit
1053 1284 1182 1327 etiam
1209 1284 1391 1342 Spiritus
1415 1284 1518 1338 Dei,
1536 1284 1787 1343 etprophe-

388 1351 523 1396 tavit2
543 1372 553 1410 3
578 1367 668 1396 non
690 1367 791 1395 cum
803 1352 918 1412 juste
936 1361 1104 1410 ageret,
1131 1353 1207 1397 sed
1226 1368 1327 1396 cum
1342 1354 1387 1396 in
1419 1354 1564 1398 virum
1587 1363 1787 1397 sanctum

386 1423 526 1467 David
551 1423 919 1483 innocentemque
935 1423 1118 1468 saeviret.
1147 1424 1247 1481 Agit
1265 1424 1381 1467 enim
1399 1424 1582 1483 Spiritus
1615 1423 1789 1468 Domini

387 1503 431 1538 et
454 1509 530 1553 per
562 1494 700 1539 bonos
713 1503 755 1538 et
778 1510 855 1554 per
877 1494 1036 1550 malos,
1062 1503 1106 1538 et
1128 1510 1204 1554 per
1228 1495 1409 1538 scientes
1432 1503 1476 1538 et
1491 1510 1570 1554 per
1592 1494 1787 1538 nescien-

387 1574 450 1609 tes
465 1601 475 1620 ,
507 1565 629 1626 quod
653 1566 873 1625 agendum
896 1567 1040 1621 novit,
1061 1576 1103 1610 et
1127 1566 1303 1611 statuit:
1335 1567 1412 1627 qui
1437 1566 1567 1610 etiam
1590 1582 1668 1625 per
1685 1568 1787 1611 Ca'i'-

386 1637 520 1695 pham
545 1637 805 1680 acerrimum
827 1637 1001 1681 Domini
1023 1647 1368 1697 persecutorem,
1390 1638 1657 1681 nescientem
1679 1637 1787 1696 quid

387 1706 569 1760 dixerit,
614 1706 825 1764 insignem
868 1707 1053 1766 protulit
1078 1708 1381 1767 prophetiam,
1425 1707 1546 1768 quod
1567 1715 1787 1767 oporteret

387 1777 610 1822 Christum
644 1778 755 1823 mori
785 1794 865 1838 pro
896 1781 1070 1837 gentess.
1107 1779 1210 1831 Quis
1237 1778 1353 1822 enim
1378 1779 1465 1837 egit
1491 1779 1571 1822 nisi
1603 1778 1786 1836 Spiritus

387 1849 586 1904 Domini,
613 1864 769 1893 curans
793 1849 1086 1908 praenuntiaro
1114 1859 1322 1903 ventura,
1358 1859 1408 1893 ut
1435 1848 1573 1908 judici
1605 1846 1785 1892 Gedcon

386 1928 555 1963 tentare
571 1920 737 1964 volenti
761 1920 995 1964 Dominum
1009 1955 1019 1975 ,
1048 1929 1090 1963 et
1113 1936 1202 1963 non
1225 1918 1420 1962 credenti
1445 1917 1566 1978 quod
1584 1918 1621 1960 ei
1640 1917 1785 1963 suerat

386 2005 462 2050 per
486 2005 662 2034 manum
687 1992 777 2050 ejus
796 1990 850 2034 de
873 1989 1011 2034 salute
1038 1988 1294 2048 populijam
1316 1988 1511 2043 loeutus,
1537 1989 1621 2033 boc
1650 1990 1783 2048 potis-

386 2061 545 2105 simum
569 2060 623 2105 de
655 2060 815 2105 vellere
844 2061 962 2119 prius
992 2059 1239 2119 compluto,
1276 2058 1558 2118 postmodum
1581 2059 1715 2114 sicco,
1742 2069 1785 2103 et

386 2131 441 2176 de
464 2148 559 2177 area
573 2133 764 2192 primum
786 2133 919 2176 sicca4
933 2167 943 2185 ,
973 2141 1117 2190 postca
1141 2131 1274 2188 rigata
1306 2132 1474 2175 veniret
1492 2130 1535 2174 in
1557 2140 1748 2175 mentem
1766 2133 1784 2174 P

388 2202 581 2263 thuod
597 2203 844 2247 subdefecit
866 2218 888 2245 a
920 2201 1028 2257 fide,
1053 2201 1294 2245 infirmitati
1310 2203 1401 2261 ejus
1425 2201 1673 2261 delictoque
1703 2201 1781 2246 de-

386 2283 591 2333 putetur3
622 2274 743 2334 quod
775 2288 877 2317 vero
900 2273 1027 2316 etiam
1065 2271 1138 2315 tali
1168 2274 1258 2332 ejus
1282 2273 1424 2316 animo
1447 2271 1502 2315 ad
1534 2272 1639 2327 hoc,
1663 2273 1783 2332 quod

388 2345 535 2402 generi
558 2345 751 2388 humano
766 2343 994 2403 significari
1013 2342 1257 2402 oportebat,
1275 2359 1376 2387 usus
1398 2351 1461 2386 est
1487 2345 1601 2387 Deus
1620 2342 1675 2386 ad
1692 2344 1783 2402 ejus

386 2414 655 2474 intelligatur
693 2413 1030 2459 misericordiam
1082 2422 1125 2457 et
1167 2412 1410 2457 mirabilem
1459 2413 1777 2473 providentiam

388 2496 620 2546 pertinere.

438 2580 444 2595 ¹
466 2574 760 2617 Judic.v1,39.—-
780 2579 793 2596 ²
815 2584 826 2604 1
849 2574 926 2613 neg.
950 2569 1331 2615 x1x‚o.3.—3J0an.x=‚
1353 2569 1462 2612 [1—-4
1482 2570 1770 2613 Judic.v1‚37-39.
