1872 3267
394 297 479 339 284
833 307 867 337 s.
903 307 1133 340 Avensa-ml
1164 312 1346 340 museom

392 375 479 420 suis
496 394 506 432 3
531 382 574 418 et
590 387 680 418 non
701 382 949 419 sanctorum
967 376 1195 422 hominum
1215 375 1531 436 intelligamus,
1557 376 1634 422 sed
1651 391 1776 423 sanc-

392 455 540 491 torum
561 445 615 489 ab
629 460 680 490 eo
697 445 818 506 quod
835 456 937 491 sunt
960 457 1122 505 saneta,
1143 463 1243 509 quae
1260 447 1507 493 offeruntur
1525 462 1605 508 pro
1621 463 1777 508 pecca-

392 518 459 562 tis.
476 519 589 563 Cum
610 532 710 576 ergo
728 517 781 561 de
803 517 967 564 lamina
988 518 1176 576 dixisset,
1198 519 1395 580 adjunxit
1416 527 1546 579 atque
1560 519 1619 564 ait
1638 538 1647 564 :
1676 539 1697 562 «
1720 522 1777 564 Et

398 610 414 632 »
451 587 617 633 auferet
639 591 785 634 Aaron
808 599 983 649 peecata
1002 600 1276 647 sanctorum,
1304 606 1593 651 quaecumque
1617 592 1778 637 sancti-

395 678 415 702 »
450 659 646 704 ficabunt
667 659 744 704 filii
767 660 900 705 Israel
921 662 1059 707 omnis
1081 663 1171 708 dati
1199 671 1449 707 sanctorum
1469 677 1622 707 eorum
1647 682 1656 708 ε
1686 681 1706 704 »
1732 661 1778 706 id

391 741 481 788 est,
519 732 715 777 sacerdos
749 733 917 777 auferet
947 749 1238 795 quaecumque
1268 734 1463 779 offerunt
1487 749 1568 794 pro
1589 734 1778 794 peccatis

391 804 496 858 suis,
523 819 622 864 quae
647 802 854 848 dicuntur
871 813 914 849 et
930 814 1077 850 sancta
1091 840 1102 861 ,
1126 806 1228 866 quia
1247 805 1588 860 sanctificantur,
1615 813 1658 849 et
1676 820 1780 865 pec-

390 882 500 928 cata,
526 874 628 934 quia
649 889 728 934 pro
750 876 937 934 peccatis
961 876 1208 920 offeruntur
1226 896 1234 921 :
1260 876 1373 921 sicut
1393 874 1544 920 multis
1566 875 1672 920 loeis
1693 876 1777 920 hoe

333 944 337 948 “
388 945 533 1004 ipsum
552 944 774 989 evidenter
798 946 1022 1006 Scriptura
1040 955 1364 991 commemorat.
1392 944 1521 999 Quod
1539 955 1685 991 autem
1700 946 1778 991 ad-

382 1014 530 1074 jungit
553 1024 596 1059 et
617 1015 744 1071 dicit,
774 1035 795 1058 «
821 1019 877 1060 Et
894 1017 977 1061 erit
991 1032 1121 1077 super
1134 1016 1326 1062 frontem
1348 1019 1495 1061 Aaron
1517 1031 1684 1076 semper
1704 1032 1778 1060 ae-

394 1105 412 1126 »
448 1094 622 1145 eeptum
641 1084 723 1130 illis
745 1086 791 1130 in
808 1096 1046 1146 conspectu
1066 1087 1240 1132 Domini
1266 1107 1274 1132 :
1303 1105 1323 1129 »
1351 1086 1406 1131 ad
1426 1086 1634 1131 laminam
1659 1085 1776 1130 illam

390 1157 635 1212 revertitur,
655 1157 700 1200 in
717 1173 804 1217 qua
819 1157 1077 1218 intelligitur
1093 1158 1249 1203 frontis
1274 1167 1597 1214 ornamentum,
1615 1157 1775 1203 fiducia

394 1228 518 1271 bonae
535 1228 651 1284 vitae,
671 1245 803 1289 quam
818 1230 1004 1290 quivere
1021 1229 1318 1291 perfecteque,
1339 1246 1429 1276 non
1445 1229 1772 1288 significatione,

389 1300 464 1343 sed
486 1300 664 1344 veritate
684 1301 881 1345 sacerdos
902 1301 1057 1356 habet,
1083 1301 1199 1346 solus
1214 1311 1356 1362 potest
1377 1300 1548 1347 auferre
1569 1310 1745 1362 peccata
1759 1335 1770 1356 ,

387 1385 468 1417 nee
491 1371 623 1417 habet
638 1372 939 1419 necessitatem
961 1372 1118 1416 offerre
1140 1388 1220 1433 pro
1242 1373 1345 1418 suis.

879 1481 1114 1531 QUAEsrlo
1146 1481 1280 1522 cxxi.

424 1597 510 1639 xDE
534 1597 680 1640 Aaron
710 1604 753 1640 et
771 1594 869 1639 filiis
891 1597 1037 1640 Aaron
1070 1610 1171 1640 eum
1195 1594 1471 1655 praeciperet,
1506 1593 1690 1654 loquens
1720 1593 1775 1639 ad

386 1668 590 1725 Moysen,
614 1665 836 1727 quomodo
852 1667 1135 1722 vestirentur,
1163 1676 1206 1711 et
1226 1674 1528 1724 tinguerentur
1545 1701 1555 1721 ,
1576 1665 1685 1725 quid
1705 1674 1769 1710 est

386 1737 508 1798 quod
524 1738 608 1792 ait,
638 1757 658 1780 «
676 1740 732 1781 Et
754 1737 953 1797 implebis
970 1752 1123 1782 manus
1147 1752 1320 1791 eorum,
1346 1746 1395 1781 ut
1416 1735 1656 1782 sacerdotio
1673 1736 1774 1780 fun-

392 1828 412 1850 »
449 1818 605 1867 gantur
630 1808 739 1853 mihi
757 1810 798 1854 Ῥ
823 1828 842 1851 n
870 1812 938 1854 An
966 1807 1078 1854 forte
1105 1807 1359 1854 muneribus
1375 1843 1386 1864 ,
1423 1823 1522 1868 quae
1552 1806 1775 1853 offerenda

390 1889 491 1925 sunt
512 1880 636 1925 Deo?

873 1975 1109 2025 QUAESTIO
1142 1975 1295 2016 CXXII.

453 2098 473 2121 «
507 2081 582 2123 ET*
603 2077 733 2122 facies
764 2077 822 2121 eis
852 2075 1075 2121 femoralia
1104 2075 1239 2133 linea,
1274 2087 1416 2136 tegere
1459 2062 1773 2137 turpitiulinem

392 2171 412 2195 »
448 2151 637 2211 corporis
670 2164 842 2204 eorum,
869 2164 893 2193 a
914 2149 1074 2193 lumbis
1106 2164 1244 2208 usque
1266 2148 1319 2192 ad
1342 2148 1507 2194 femora
1541 2152 1714 2192 erunt&
1750 2166 1771 2188 »

391 2225 502 2268 Gum
525 2221 652 2266 vestis
675 2229 795 2265 tanta
818 2220 1036 2279 cooperiat
1054 2228 1196 2264 totum
1216 2235 1394 2279 corpus,
1432 2219 1538 2279 quid
1563 2229 1626 2264 est
1654 2217 1773 2279 quod

387 2295 460 2349 ait,
500 2313 520 2336 (ι
539 2292 780 2337 Femoralia
798 2291 927 2336 facies
949 2291 1063 2336 linea
1080 2301 1226 2350 tegere
1243 2290 1559 2352 turpitudinem
1580 2291 1774 2350 corporis
1804 2341 1806 2348 Ι

391 2385 410 2407 »
446 2380 595 2409 eorum
612 2400 622 2419 ,
647 2382 667 2405 »
690 2363 811 2424 quasi
831 2378 1036 2422 apparere
1054 2372 1194 2422 posset
1215 2372 1331 2407 tanta
1353 2362 1539 2422 desuper
1556 2372 1673 2407 veste
1691 2361 1771 2406 ad-

385 2436 555 2480 hibita?
578 2434 666 2480 Nisi
694 2434 794 2494 quia
817 2435 987 2491 signum
1011 2449 1100 2477 esse
1124 2432 1263 2477 voluit
1287 2433 1330 2476 in
1350 2433 1433 2477 hoe
1462 2433 1668 2477 castitatis
1701 2431 1772 2476 vel

387 2505 668 2550 continentiae
696 2524 704 2549 ε
730 2520 829 2565 quae
858 2503 953 2548 ideo
979 2519 1052 2563 per
1074 2503 1383 2547 indumentum
1406 2503 1700 2562 significatur,
1725 2510 1774 2546 ut

392 2592 480 2620 non
503 2592 525 2620 a
543 2590 587 2619 se
605 2576 695 2635 ipso
718 2574 890 2629 habita,
915 2573 991 2618 secl
1012 2573 1111 2619 data
1134 2572 1418 2632 intelligatur.

441 2678 449 2696 ¹
478 2671 576 2705 Exod.
603 2682 715 2714 xxvln,
733 2670 787 2713 41.
809 2687 850 2694 ·-
871 2669 982 2703 ²1bid.

1858 588 1865 607 i)

1857 659 1864 680 n

1857 726 1872 756 11(

1856 798 1872 843 Pl

1856 935 1870 971 [a
