1872 3267
421 184 505 222 122
848 190 882 220 s.
916 189 1146 221 AUGUSTINI
1176 193 1362 222 Emscol’l

418 278 438 301 »
474 273 611 316 num3
645 258 747 319 quia
776 258 970 318 apposita
1001 267 1065 303 est
1092 273 1212 304 mens
1248 258 1438 304 hominis
1468 257 1525 302 ad
1555 257 1747 318 maligna
1773 274 1798 303 a

419 349 438 371 »
469 330 727 389 juventute?
748 330 846 374 Non
869 328 1067 389 adjiciam
1084 344 1186 388 ergo
1204 329 1346 374 adhuc
1373 338 1601 389 percutere
1623 344 1798 373 omnem

418 419 438 441 >›
474 415 647 444 carnem
667 400 809 444 vivam
825 435 836 455 ,
861 401 1233 460 quemadmodum
1260 400 1366 445 feei1
1392 420 1402 446 ι
1423 419 1443 442 n
1468 409 1513 444 et
1534 399 1696 445 deinde
1717 399 1798 445 ad-

410 470 558 531 jungit
579 486 678 530 quae
704 468 944 514 secundum
964 469 1207 529 largitatem
1228 471 1434 516 bonitatis
1455 486 1544 515 suae
1566 469 1701 515 donat
1717 471 1800 515 ho-

415 540 607 585 minibus
645 539 867 600 indignis?
903 543 1058 585 Utrum
1091 542 1162 586 hic
1198 541 1459 587 Testamenti
1496 540 1607 586 Novi
1650 539 1798 586 indul-

418 611 562 670 gentia
584 611 769 670 figurata
796 611 851 655 sit
866 646 876 666 ,
901 619 945 655 et
965 612 1182 671 praeterita
1203 611 1314 657 ultio
1339 610 1395 656 ad
1415 613 1550 656 Vetus
1585 610 1800 670 pertineat

419 684 742 726 Testamentum
773 701 782 727 2
815 682 899 727 hoc
920 691 1009 739 est,
1039 682 1150 728 illud
1171 683 1227 729 ad
1248 684 1372 743 Legis
1398 681 1690 738 severitatem,
1713 682 1800 728 hoc

419 752 474 797 ad
495 754 644 812 gratiae
667 753 923 798 bonitatem.

917 872 1154 925 QUAEsrio
1184 876 1287 916 xvi.

477 976 593 1028 Qum
623 983 701 1030 est,
731 977 823 1019 «Et
851 974 906 1020 de
928 991 1061 1020 manu
1082 976 1268 1021 hominis
1289 976 1432 1021 fratr-is
1459 975 1682 1035 exquiram
1703 976 1799 1019 ani-
1840 1018 1843 1034 ¹

421 1064 440 1086 »
476 1061 590 1090 mam
616 1046 802 1090 hominis
817 1048 865 1090 ²?
886 1066 905 1087 η
932 1049 1001 1091 An
1023 1062 1197 1091 omnem
1217 1047 1440 1091 hominem
1462 1044 1640 1089 fratrem
1661 1046 1800 1089 omnis

418 1117 604 1160 hominis
631 1117 815 1177 intelligi
845 1117 1008 1173 voluit,
1041 1118 1282 1163 secundum
1311 1117 1616 1177 cognationem
1637 1132 1690 1161 ex
1711 1132 1800 1161 uno

418 1186 594 1231 ductam
608 1189 627 1231 P

915 1295 1152 1345 QUAESTIO
1184 1297 1305 1336 xvii.

476 1398 628 1449 QUARE
649 1411 833 1457 peccans
856 1397 996 1442 Cham
1016 1397 1063 1441 in
1085 1397 1219 1457 patris
1234 1397 1399 1442 offensa
1415 1431 1426 1452 ‚
1446 1411 1538 1441 non
1557 1395 1605 1440 in
1626 1395 1797 1455 seipso,
1836 1421 1839 1431 ν

417 1466 494 1512 sed
521 1468 567 1511 in
583 1467 673 1512 filio
693 1484 770 1513 suo
789 1469 999 1513 Chanaan
1015 1468 1289 1514 maledicitur
1307 1470 1322 1495 3
1340 1489 1349 1514 2
1374 1468 1454 1513 nisi
1475 1468 1578 1529 quia
1608 1468 1800 1527 prophe-

417 1549 559 1584 tatum
588 1549 651 1584 est
678 1539 871 1600 quodam
904 1539 1036 1585 modo
1072 1550 1231 1585 terram
1262 1541 1490 1596 Chanaan,
1526 1539 1673 1600 ejectis
1699 1538 1802 1583 inde

418 1611 675 1656 Chananaeis
712 1621 755 1656 et
776 1611 1027 1668 debellatis,
1066 1621 1317 1672 accepturos
1339 1610 1469 1656 fuisse
1495 1610 1606 1656 filios
1641 1609 1797 1665 lsrael,

418 1682 495 1742 qui
511 1682 710 1726 venirent
730 1681 785 1726 de
806 1683 968 1726 semine
994 1684 1118 1727 Sem?

842 1840 858 1854 l
901 1790 1136 1841 QUAESTIO
1167 1791 1303 1831 xvlu.

1833 1670 1836 1704 Ι

1832 1720 1840 1762 1.

1830 1781 1838 1884 ,ἒ

478 1897 715 1948 QUAEmTtm
751 1893 975 1954 quomodo
1008 1893 1171 1937 dietum
1205 1894 1258 1937 sit
1294 1892 1349 1937 de
1375 1893 1638 1948 Nembroth‚
1674 1911 1695 1935 «
1719 1893 1800 1938 Hic

422 1984 442 2008 »
478 1966 614 2025 eoepit
631 1980 720 2009 esse
743 1966 860 2024 gigas
880 1980 1009 2025 super
1041 1974 1200 2009 terram
1214 1966 1256 2021 ⁴,
1277 1984 1297 2007 »
1331 1981 1430 2010 cum
1452 1965 1644 2025 gigantes
1659 1973 1701 2008 et
1724 1981 1802 2009 an-

420 2047 487 2082 tea
529 2046 667 2105 natos¹
695 2037 915 2096 Scriptura
947 2046 1272 2082 commemoret.
1313 2040 1381 2082 An
1413 2036 1525 2082 forte
1566 2037 1666 2098 quia
1703 2046 1801 2097 post
1828 2025 1833 2105 l

420 2107 633 2152 diluvium
657 2108 823 2152 novitas
858 2108 1023 2166 generis
1058 2109 1240 2152 humani
1264 2108 1489 2167 reparandi
1515 2107 1662 2153 denuo
1681 2123 1803 2152 com-
1828 2135 1831 2155 ι

419 2187 710 2233 memoratur,
747 2179 792 2222 in
829 2194 915 2239 qua
945 2179 1135 2224 novitate
1166 2179 1236 2223 hie
1265 2179 1399 2238 coepit
1419 2194 1508 2223 esse
1535 2179 1650 2238 gigas
1672 2193 1801 2238 super

425 2252 604 2293 terram?

469 2351 478 2367 ¹
495 2347 574 2376 Gen.
601 2356 668 2386 vni,
694 2353 748 2378 21.
769 2360 810 2367 —
829 2344 971 2385 21d.1x‚
993 2344 1023 2376 5.
1048 2342 1218 2377 —21bid.
1234 2343 1287 2377 25.
1307 2360 1348 2366 -
1366 2343 1382 2369 A
1399 2344 1445 2377 Id.
1466 2355 1499 2386 x,
1521 2344 1552 2376 8.
