1872 3267
427 167 508 207 484
853 184 884 208 s.
922 181 1146 211 Auousnm
1179 186 1358 212 EPlsCOPI

421 245 495 289 vDei
507 245 754 305 ¹.lniquitas
770 255 1017 293 autemnon
1030 259 1094 294 est
1108 249 1226 309 apud
1242 251 1422 294 Deum2.
1443 252 1551 294 Sane
1563 249 1802 294 notandum
1838 300 1839 304 Ἰ

418 324 483 360 est
512 313 807 361 confortatum
827 332 902 362 cor
922 333 1044 378 posse
1066 320 1151 365 dici
1169 320 1300 365 etiam
1317 320 1363 363 in
1382 318 1511 364 malo.

949 440 1184 489 QUAEs'rio
1215 443 1283 481 111.

477 569 498 592 «
524 551 836 595 VERUM-maim
857 552 923 610 Og
943 566 1016 595 rex
1038 553 1178 596 Basan
1199 552 1390 613 reliquus
1417 552 1558 597 factus
1586 561 1649 597 est
1672 568 1695 597 a
1716 558 1800 598 Ra-

417 637 438 661 »
464 621 641 680 pha'ins‘.
665 639 685 662 »
712 623 805 665 Hoc
823 621 1014 678 nomine,
1038 622 1159 682 quod
1171 632 1235 667 est
1254 624 1476 683 RaphaIn,
1504 622 1696 683 gigantes
1718 623 1799 683 sig-

413 691 579 736 nificari
600 691 646 735 in
663 691 839 736 hebraea
855 691 1005 752 lingua
1028 692 1197 748 dieunt,
1210 694 1286 754 qui
1309 709 1403 738 eam
1416 703 1646 738 noverunt.
1674 693 1800 738 Unde

411 761 534 822 quod
544 763 710 807 habent
723 763 919 824 plerique
933 763 1117 820 codices,
1143 783 1160 805 «
1182 765 1422 810 Derelictus
1436 774 1498 809 est
1509 782 1532 809 a
1544 766 1792 826 RapliaIn‚»

410 831 583 892 planius
604 833 759 894 utique
776 833 963 890 dicitur,
994 854 1013 876 «
1038 834 1250 896 Reliquus
1263 834 1401 880 factus
1415 846 1493 893 est,
1522 855 1541 877 >›
1568 845 1619 880 ut
1634 836 1724 896 ipse
1745 852 1797 880 ex
1862 886 1867 896 Α

409 903 492 948 illis
524 904 774 948 remansisse
809 904 1079 964 intelligatur
1121 925 1129 950 :
1171 907 1292 967 cujus
1321 907 1450 951 etiam
1481 915 1796 967 consequenter

409 973 641 1034 longitudo
664 985 707 1020 et
728 974 915 1021 latitudo
938 976 1063 1020 ferrei
1084 976 1186 1021 lecti
1207 987 1570 1022 commemoratur
1585 1013 1596 1032 ,
1623 977 1678 1022 ad
1705 978 1796 1037 ejus
1836 999 1837 1002 =
1862 980 1872 1038 :¹

407 1045 757 1105 magnitudinem
774 1046 1183 1092 commendandam.

940 1169 1176 1219 QUAESTIO
1208 1170 1275 1209 iv.

469 1301 490 1324 ‹<
514 1284 577 1327 NF.
596 1280 782 1326 feceritis
802 1281 1102 1342 iniquitatem,
1124 1291 1167 1326 et
1182 1282 1348 1327 faciatis
1378 1282 1500 1327 vobis
1523 1283 1622 1343 ipsis
1645 1282 1792 1343 sculp-
1834 1292 1835 1296 ’

408 1371 429 1393 n
455 1351 577 1395 tilem
599 1351 949 1407 similitudinem,
976 1365 1149 1396 omnem
1172 1353 1428 1410 maginem&
1453 1371 1472 1393 »
1494 1352 1793 1406 Quidintcrsit
1838 1382 1841 1389 f
1867 1355 1868 1359 ’

405 1424 519 1467 inter
541 1421 866 1467 similitudinem
890 1432 932 1467 et
953 1423 1187 1482 imaginem
1210 1423 1347 1483 quaeri
1369 1423 1491 1467 solet.
1520 1423 1604 1468 Sed
1617 1424 1685 1468 hic
1703 1440 1791 1468 non
1870 1480 1872 1484 v

409 1494 538 1538 video
560 1493 668 1553 quid
693 1494 898 1537 interesse
917 1492 1128 1548 voluerit,
1155 1493 1235 1537 nisi
1263 1502 1337 1537 aut
1359 1493 1532 1537 duobus
1555 1493 1646 1538 istis
1661 1510 1790 1539 voca·
1862 1516 1870 1554 j

406 1564 520 1609 bulis
543 1579 675 1608 unam
694 1579 785 1607 rem
803 1563 1133 1622 significaverit=
1161 1573 1236 1607 aut
1263 1564 1588 1608 similitudinem
1611 1564 1787 1620 dixerit,
1832 1556 1835 1595 Ῑ
1863 1564 1866 1567 ’

405 1636 440 1680 si
453 1671 463 1690 ,
482 1635 605 1679 verbi
621 1635 771 1692 gratia,
790 1635 864 1678 fiat
883 1644 1022 1678 statua
1039 1634 1108 1678 vel
1125 1634 1402 1679 simulacrum
1420 1635 1586 1678 habens
1603 1635 1790 1694 effigiem

404 1707 665 1760 humanam,
693 1720 783 1749 non
808 1714 950 1749 tamen
974 1705 1153 1764 alicujus
1186 1705 1371 1748 hominis
1405 1705 1703 1764 exprimantur
1734 1705 1789 1749 li-

403 1786 654 1830 neamenta‚
681 1776 791 1820 sicut
819 1775 1004 1836 pictores
1032 1775 1101 1819 vel
1122 1775 1313 1819 statuarii
1345 1774 1538 1830 faciunt,
1573 1776 1790 1819 intuentes
1832 1820 1836 1834 ξ
1863 1775 1866 1780 ’

404 1863 476 1891 eos
493 1862 602 1906 quos
623 1846 810 1905 pingunt
831 1862 906 1889 seu
937 1846 1124 1904 fingunt.
1156 1848 1277 1889 Hane
1304 1845 1419 1888 enim
1446 1845 1679 1903 imaginem
1703 1845 1788 1889 dici
1832 1855 1837 1865 ⁷

402 1933 530 1962 nemo
553 1916 819 1960 dubitaverit
844 1935 852 1960 ;
878 1914 1118 1960 secundum
1147 1931 1279 1975 quam
1303 1914 1624 1959 distinctionem
1648 1915 1787 1959 omnis
1829 1940 1833 1952 =·

402 1989 544 2046 imago
577 1988 705 2032 etiam
735 1986 972 2031 similitudo
1000 1996 1084 2042 est,
1109 2003 1197 2030 non
1221 1986 1359 2030 omnis
1389 1985 1624 2030 similitudo
1657 1987 1786 2030 ctiam
1829 2002 1834 2018 ἰ

402 2061 544 2119 imago
567 2068 644 2103 est.
673 2058 797 2102 Unde
820 2059 853 2102 si
868 2058 1026 2117 gemini
1047 2059 1159 2101 inter
1179 2074 1222 2102 se
1244 2056 1403 2102 similes
1421 2057 1528 2111 sint,
1548 2057 1785 2102 similitudo

402 2130 490 2175 dici
506 2139 649 2191 potest
671 2129 845 2174 alterius
863 2129 1096 2189 cujuslibet
1113 2130 1158 2173 in
1180 2129 1336 2184 altero,
1357 2128 1615 2187 nonimago.
1648 2128 1689 2173 Si
1704 2145 1784 2172 au-
1828 2147 1839 2152 ··

403 2211 491 2246 tem
515 2201 625 2261 patri
653 2200 766 2244 filius
788 2199 933 2244 similis
951 2199 1028 2255 sit,
1055 2199 1183 2243 etiam
1207 2200 1349 2258 imago
1381 2208 1495 2243 recte
1525 2198 1707 2254 dicitur,
1735 2208 1784 2243 ut

404 2282 453 2316 ut
473 2272 527 2317 sit
539 2281 660 2332 pater
672 2279 950 2332 prototypus,
974 2269 1091 2314 unde
1108 2269 1180 2314 illa
1192 2270 1332 2328 imago
1346 2284 1537 2329 expressa
1555 2268 1753 2313 videatur
1770 2288 1780 2315 ε

403 2358 590 2403 quarum
621 2342 716 2386 aliae
743 2350 845 2386 sunt
876 2341 1067 2401 ejusdem
1089 2340 1363 2395 substantiae⁷
1389 2340 1500 2384 sicut
1521 2339 1658 2384 filius:
1687 2338 1781 2383 aliie

405 2430 494 2459 non
522 2412 736 2474 ejusdem,
777 2413 887 2456 sicut
914 2412 1096 2471 pictura.
1133 2410 1257 2456 *Unde
1286 2410 1396 2454 illud
1417 2410 1536 2470 quod
1557 2411 1602 2454 in
1627 2410 1781 2454 Genesi

452 2528 460 2545 ¹
484 2524 574 2555 Rom.
591 2533 635 2562 xi,
651 2520 702 2554 33.
723 2537 764 2544 ——
780 2521 858 2553 21d.
879 2532 921 2562 rx,
946 2519 992 2562 if..
1014 2537 1055 2543 —
1075 2518 1087 2543 3
1109 2523 1201 2553 Dent.
1222 2530 1269 2561 ιη,
1289 2530 1337 2552 11.
1356 2517 1425 2549 -so
1442 2519 1485 2552 ld.
1505 2530 1548 2561 iv,
1578 2519 1626 2551 16.
