1872 3267
392 328 476 367 202
825 333 859 363 s.
895 334 1125 366 Avensa-im
1156 337 1338 366 mnscom

389 402 668 456 nescientem,
692 400 752 444 ita
773 400 1031 460 respondet:
1060 421 1080 444 «
1107 402 1219 456 Scio,
1245 400 1324 455 fili,
1350 400 1455 456 seio,
1474 409 1518 446 et
1533 400 1605 445 hie
1627 401 1707 445 erit
1720 401 1767 446 in

391 491 412 514 »
446 471 662 531 populum
679 506 689 526 ‚
710 478 753 514 et
769 469 840 514 hic
857 469 1131 527 exaltabitur,
1156 471 1232 515 sed
1252 471 1386 515 frater
1403 471 1493 531 ejus
1510 471 1660 531 junior
1673 486 1768 515 ma-

391 561 411 583 »
440 543 511 602 jor
532 540 608 585 illo
635 541 737 595 erit,
765 549 809 584 et
830 555 975 584 semen
1003 542 1092 601 ejus
1122 542 1203 585 erit
1233 541 1279 584 in
1309 540 1636 585 multitudinem
1659 556 1766 600 gen-

390 631 411 654 »
446 612 556 656 tium
573 613 615 656 1:
643 629 664 652 »
690 611 900 655 hactenus
922 611 977 654 de
1007 611 1178 656 Christo
1207 610 1507 671 accipiendum
1539 621 1628 667 est,
1658 627 1768 672 qua-

387 691 513 726 tenus
533 682 663 726 etiam
687 682 741 725 de
758 681 849 740 ipso
867 680 1003 725 Jacob
1025 690 1068 725 et
1090 680 1221 726 fratre
1238 683 1326 742 ejus
1340 682 1506 726 dictum
1523 691 1607 726 est:
1625 682 1767 735 «Quia

389 770 411 793 »
445 753 583 812 major
605 751 759 796 serviet
780 751 938 795 minori
951 754 983 794 2.
1004 769 1025 791 »
1049 751 1297 796 Secundum
1319 752 1402 796 hoe
1420 752 1535 795 enim
1553 751 1768 809 significa-

385 822 449 866 vit
471 821 635 881 aliquid
662 821 915 881 prophetice
936 821 1019 865 hoc
1036 820 1238 866 faciendo
1259 821 1388 866 Israel
1402 857 1412 876 ‚
1439 820 1558 882 quod
1581 821 1768 881 populus

386 892 597 953 posterior
617 906 695 951 per
719 891 942 936 Christum
970 890 1144 936 futurus
1168 893 1443 952 generatione
1463 892 1671 951 spiritali,
1696 908 1769 937 su-

385 972 614 1023 peraturus
635 972 726 1006 erat
743 961 956 1022 populum
973 963 1163 1022 priorem
1185 964 1239 1008 de
1255 963 1417 1008 carnali
1440 967 1617 1009 Patrum
1636 979 1767 1023 gene-

386 1034 554 1079 ratione
576 1032 850 1093 gloriantem.

856 1152 1093 1203 QUAEsrio
1125 1153 1308 1194 chvu.

446 1269 572 1321 Quoi)
589 1266 695 1311 dicit
711 1265 847 1313 Jacob
869 1265 1102 1311 Siehimam
1119 1280 1163 1310 se
1179 1266 1443 1325 praeeipuam
1462 1265 1565 1310 dare
1582 1264 1672 1310 filio
1693 1281 1770 1312 suo

386 1337 571 1397 Joseph,
606 1345 649 1380 et
687 1335 809 1380 addit
836 1334 957 1395 quod
985 1350 1079 1378 eam
1110 1334 1346 1395 possederit
1375 1334 1421 1380 in
1449 1335 1595 1394 gladio
1624 1352 1702 1380 suo
1729 1345 1772 1381 et

386 1409 530 1462 areu3‚
555 1407 692 1468 quaeri
725 1415 895 1466 potest,
931 1404 1302 1465 quemadmodum
1329 1405 1470 1450 valeat
1496 1405 1551 1450 ad
1582 1405 1770 1450 litteram

385 1477 633 1523 convenire.
669 1476 788 1520 Emit
810 1476 925 1520 enim
942 1484 1119 1519 centum
1137 1476 1256 1533 agnis
1274 1476 1585 1536 possessionem
1602 1475 1721 1520 illam
1734 1478 1767 1532 4,

386 1566 476 1594 non
497 1550 631 1608 coepit
643 1550 741 1608 jure
758 1548 949 1593 victoriae
971 1546 1154 1591 bellicae.
1174 1550 1242 1591 An
1264 1548 1366 1607 quia
1391 1546 1531 1592 Salem
1555 1548 1771 1593 civitatem

388 1621 678 1666 Sichimorum
692 1618 767 1662 filii
783 1621 872 1679 ejus
895 1621 1295 1678 expugnaverunt⁵‚
1320 1627 1363 1662 et
1386 1620 1484 1679 jure
1507 1618 1612 1662 belli
1629 1619 1771 1678 potuit

385 1692 476 1751 ejus
513 1690 626 1745 fieri,
663 1698 713 1733 ut
741 1690 910 1749 justum
942 1687 1109 1732 bellum
1131 1703 1232 1732 cum
1254 1688 1313 1731 eis
1351 1698 1520 1747 gestum
1547 1687 1766 1744 videatur,

385 1761 462 1821 qui
501 1769 666 1804 tantam
694 1760 855 1818 priores
887 1758 1089 1819 injuriam
1111 1757 1308 1802 fecerunt
1335 1758 1380 1802 in
1403 1760 1494 1819 ejus
1516 1758 1604 1802 filia
1625 1768 1771 1804 conta-
1834 1791 1836 1819 ἒ

385 1831 621 1876 minanda?
644 1833 733 1876 Cur
755 1846 843 1874 non
863 1844 964 1887 ergo
994 1828 1075 1873 illis
1102 1829 1221 1873 illam
1245 1838 1400 1872 terram
1418 1828 1538 1873 dedit
1553 1865 1563 1884 ,
1590 1829 1665 1890 qui
1687 1830 1769 1874 hoc
1832 1847 1835 1890 s

385 1910 746 1964 perpetraverunt
762 1936 773 1956 ,
807 1902 891 1945 hoc
913 1909 998 1955 est,
1025 1899 1260 1960 majoribus
1284 1899 1380 1943 filiis
1415 1899 1530 1944 suis?
1552 1899 1715 1944 Deinde
1736 1901 1769 1944 si
1831 1895 1833 1920 ³

384 1974 518 2018 modo
540 1989 591 2017 ex
624 1972 697 2017 illa
725 1972 903 2017 victoria
937 1970 1123 2029 glorians
1138 2005 1149 2025 ,
1180 1971 1255 2015 dat
1277 1986 1372 2014 eam
1399 1980 1558 2015 terram
1580 1970 1670 2015 filio
1692 1987 1768 2016 suo
1829 2010 1831 2023 ,

386 2046 573 2104 Joseph,
599 2060 677 2089 eur
698 2043 736 2087 ei
767 2041 1080 2102 displicuerunt
1111 2051 1216 2086 tunc
1240 2041 1317 2099 filii
1339 2041 1415 2102 qui
1436 2042 1520 2086 hoe
1542 2042 1769 2086 commise-
1828 2030 1831 2073 3³

386 2117 518 2160 runt?
555 2117 644 2160 Cur
668 2114 857 2173 denique
879 2113 1006 2156 etiam
1034 2128 1180 2168 nunc,
1213 2128 1314 2156 cum
1344 2127 1415 2156 eos
1443 2111 1765 2170 benediceret‘ss
1825 2159 1827 2170 Δ

386 2183 688 2244 exprobrando
711 2183 758 2227 id
790 2183 1145 2227 commemoravit
1166 2182 1212 2225 in
1240 2181 1362 2226 factis
1399 2184 1580 2226 eorum?
1611 2182 1768 2227 Procul
1824 2199 1826 2239 1

387 2258 522 2302 dubio
545 2273 647 2315 ergo
670 2255 847 2315 aliquod
878 2255 949 2298 hic
971 2254 1075 2298 latet
1098 2254 1401 2314 propheticum
1419 2263 1734 2298 sacramentum
1755 2273 1764 2298 ε

386 2328 487 2388 quia
515 2336 558 2370 et
586 2330 607 2369 J
614 2326 745 2385 oseph
766 2324 955 2385 quadam
974 2324 1193 2384 praecipua
1217 2324 1532 2382 significatione
1549 2324 1767 2368 Christum

385 2397 679 2458 praefiguravit
694 2431 704 2451 ,
740 2405 782 2439 et
819 2397 855 2438 ci
894 2394 1021 2439 datur
1055 2394 1128 2440 illa
1164 2404 1277 2439 terra
1295 2430 1306 2450 ‚
1342 2394 1420 2438 ubi
1454 2394 1766 2454 disperdiderat
1818 2410 1820 2460 ᾗ

386 2468 614 2514 obruendo
634 2469 737 2512 deos
755 2466 915 2511 alienos
932 2466 1085 2522 Jacob,
1102 2475 1151 2511 ut
1168 2466 1364 2511 Christus
1382 2466 1651 2525 intelligatur
1666 2481 1766 2525 pos-
1817 2461 1819 2474 '

434 2574 442 2590 ¹
464 2569 542 2599 Gen.
566 2576 676 2606 xnvm,
697 2575 748 2606 19·
762 2581 803 2586 -—
821 2570 833 2586 ²
853 2564 900 2595 m.
915 2574 991 2604 xxv,
1011 2563 1064 2596 23.
1082 2581 1121 2587 —
1136 2561 1149 2587 3
1168 2564 1214 2596 ld.
1230 2574 1339 2604 xtvm,
1353 2572 1407 2596 22.
1428 2561 1497 2592 -4
1514 2564 1561 2595 Id.
1580 2574 1690 2604 xxxin,
1710 2573 1759 2604 ¹9-

387 2639 427 2645 --
453 2620 660 2661 51d.xxx1v‚
678 2619 731 2652 25.
754 2636 795 2642 --
814 2617 829 2641 (3
848 2619 893 2650 Id.
917 2630 1002 2659 xiix,
1024 2618 1055 2649 5.

1814 2511 1817 2551 t
1871 2538 1872 2541 ,
