1872 3267
327 233 582 264 Locum-mnus
612 231 667 260 nr.
699 232 796 260 ιιι-ευ
828 229 969 269 ΝΑνι-ῑ,
1004 233 1087 259 un.
1123 233 1182 260 vr.
1370 220 1451 260 103

74 318 95 342 υ
128 298 456 344 circumciderat
475 293 585 343 filios
603 297 790 342 1sra'e‘112
814 316 834 338 »
860 312 950 342 non
972 298 1104 343 dixit:
1130 316 1150 340 «
1175 296 1345 351 Quibus
1366 297 1453 342 cir-

72 386 94 412 »
127 370 416 425 cumciderat,
444 388 464 411 u
492 368 590 424 sed,
616 387 635 410 «
662 371 714 412 In
735 368 910 430 quibus.
939 387 960 410 »

127 445 298 487 XXIII.
328 461 349 484 «
372 444 430 486 Et
454 440 533 486 ubi
562 439 726 485 dimisit
751 455 823 485 eos
852 443 977 485 Jesus
1003 438 1049 484 in
1074 439 1227 484 domos
1258 451 1380 496 suas,
1411 449 1456 486 et

72 532 93 555 n
128 513 350 558 benedixit
383 528 455 558 eos
485 512 690 557 dieens22
719 529 738 552 »
774 510 873 571 plus
903 510 1076 556 videtur
1112 510 1184 555 hic
1211 500 1457 571 copulati'va

71 584 340 645 conjunctio,
367 583 412 628 id
436 593 525 639 est,
556 603 575 625 «
596 592 661 640 et,
688 602 708 624 »
743 596 845 627 nam
866 583 927 627 ita
948 581 1033 626 dici
1053 591 1224 642 posset:
1254 600 1274 624 α
1299 585 1355 626 Et
1377 582 1455 626 ubi

72 672 92 697 n
128 654 288 699 dimisit
305 670 376 699 eos
398 655 443 698 in
457 653 609 699 domos
632 669 728 698 suas
744 689 754 709 ,
781 653 1005 697 benedixit
1025 666 1098 697 eos
1115 650 1278 697 dicens.
1301 671 1322 693 »

127 720 290 770 XXIV.
310 729 419 770 Item
435 725 516 770 alia
532 725 696 771 locutio
713 724 904 770 notanda
923 734 1001 780 est,
1019 723 1141 786 quod
1160 736 1262 769 cum
1284 723 1458 769 dixisset

0 790 7 811 ²
71 798 316 857 Scriptura:
358 816 376 839 «
400 800 457 841 Et
483 796 707 841 benedixit
729 813 800 842 eos
823 800 946 841 Jesus
978 795 1126 841 dicens
1141 831 1152 852 ‚
1181 812 1201 838 »
1217 852 1222 853 ⁷
1238 804 1369 856 atque
1391 796 1458 841 his

67 867 209 914 verbis
244 868 434 913 intentos
467 867 639 912 fecisset
678 867 828 912 audire
868 866 976 929 quid
1012 865 1312 911 benedicendo
1347 866 1459 913 dixit

5 967 11 981 1
68 941 215 994 Jesus,
231 939 316 984 hoc
337 939 479 983 solum
498 939 708 1000 subjecit:
734 958 754 980 «
776 942 827 983 In
849 938 1009 982 divitiis
1025 936 1174 981 multis
1195 937 1396 982 abierunt
1416 939 1462 983 in

71 1029 90 1053 »
126 1009 278 1054 domos
308 1022 431 1065 suas,
465 1019 508 1054 et
539 1025 697 1070 pecora
725 1009 863 1054 multa
894 1008 1049 1064 valde,
1080 1018 1124 1053 et
1155 1018 1385 1068 argentum
1415 1018 1459 1054 et

70 1100 90 1124 »
125 1097 281 1126 aurum
316 1091 360 1126 et
391 1090 555 1126 vestem
590 1081 775 1126 multam
801 1079 952 1135 valde,
988 1079 1231 1130 diviserunt
1262 1081 1457 1140 praedam

69 1171 89 1193 »
123 1153 400 1197 inimicorum
422 1168 601 1197 suorum
625 1151 950 1197 cumfratribus
975 1151 1085 1195 suis³
1106 1171 1114 1196 :
1135 1170 1155 1192 »
1179 1151 1302 1212 quod
1322 1152 1457 1210 magis

66 1238 154 1267 esse
170 1224 382 1267 narrantis
404 1239 538 1284 quam
560 1221 858 1267 benedicentis
881 1231 1074 1282 apparet.

123 1297 261 1339 XXV.
307 1314 326 1337 α
361 1295 709 1339 AEdificaverunt
746 1294 809 1338 ibi
849 1309 969 1338 aram
1015 1309 1146 1354 super
1188 1296 1213 1338 J
1217 1292 1425 1338 ordanem
1443 1330 1454 1348 ,

68 1385 88 1407 »
124 1381 242 1410 aram
262 1381 465 1424 magnam
486 1366 634 1411 videre
649 1367 687 1410 4;
712 1386 731 1407 »
758 1366 838 1410 ista
858 1365 1022 1411 locutio
1043 1365 1173 1410 etiam
1190 1365 1236 1410 in
1257 1381 1458 1411 sermone

64 1435 199 1480 latino
220 1445 323 1481 nota
345 1446 421 1481 est.

120 1509 283 1551 XXVI.
321 1526 341 1548 α
365 1509 423 1550 Et
450 1505 685 1551 audie-runt
712 1506 789 1550 filii
817 1506 950 1551 Israel
987 1505 1255 1551 dicentium⁵
1280 1526 1288 1551 z
1312 1525 1332 1548 »
1365 1523 1456 1552 non

64 1577 149 1634 ait,
179 1596 198 1618 «
224 1576 463 1632 dicentem,
485 1577 580 1632 vel,
606 1576 813 1621 dicentes.
842 1596 862 1618 »

121 1651 307 1693 XXVII.
338 1669 358 1690 «
386 1649 553 1693 Servire
584 1650 837 1693 servitutem
865 1649 1102 1695 Domini62
1130 1668 1150 1690 »
1184 1650 1228 1693 in
1263 1666 1350 1710 qua
1384 1650 1454 1694 lo-

63 1720 238 1764 cutione
260 1720 349 1764 duo
366 1719 558 1764 notanda
580 1729 702 1775 sunt,
724 1729 767 1764 et
790 1740 809 1762 α
832 1720 999 1765 Servire
1014 1720 1289 1776 servitutem,
1310 1740 1330 1762 n
1353 1738 1454 1782 quae

63 1791 193 1835 etiam
214 1791 347 1835 latina
369 1791 532 1836 locutio
555 1792 768 1851 reperitur
786 1813 796 1849 3
822 1811 841 1833 «
861 1795 919 1836 Et
939 1792 1194 1836 servitutem
1216 1793 1412 1848 Domini,
1431 1812 1451 1833 )›

62 1862 109 1907 id
131 1871 207 1916 est,
233 1879 330 1922 quae
353 1861 536 1906 debetur
552 1862 622 1907 vel
645 1863 877 1908 exhibetur
893 1864 1095 1908 Domino.

115 1935 323 1977 XXVIII.
368 1953 386 1974 «
421 1936 478 1977 Et
511 1934 736 1978 audientes
767 1934 950 1978 Phinees
995 1935 1192 1979 sacerdos
1225 1944 1269 1978 et
1303 1951 1456 1980 omnes

66 2023 85 2045 »
121 2004 334 2064 principes
362 2020 591 2063 synagogae
613 2006 687 2066 qui
717 2015 841 2050 erant
861 2022 966 2050 cum
984 2005 1060 2050 illo
1077 2043 1087 2060 ‚
1109 2007 1242 2050 verba
1264 2023 1364 2067 quae
1382 2006 1452 2052 lo-

66 2094 85 2116 »
120 2076 208 2119 cuti
237 2085 339 2119 sunt
369 2075 445 2119 filii
476 2076 635 2120 Ruben
669 2087 712 2121 et
742 2076 820 2120 filii
855 2078 950 2122 Gad
979 2087 1023 2122 et
1051 2077 1283 2122 dimidium
1312 2079 1453 2123 tribus

65 2164 84 2188 >)
119 2149 355 2202 Manasses,
377 2157 420 2190 et
436 2146 697 2207 placuerunt
717 2148 825 2193 inis⁷
845 2168 853 2193 :
875 2148 1127 2205 audientes,
1150 2169 1169 2190 υ
1188 2165 1284 2210 pro,
1307 2150 1456 2194 audie-

62 2228 179 2273 runt,
200 2219 389 2277 positum
404 2228 492 2277 est,
513 2229 588 2263 aut
608 2219 707 2279 plus
724 2229 787 2264 est
804 2220 876 2264 hic
889 2256 899 2275 ,
925 2240 944 2261 «
963 2229 1028 2278 et,
1047 2240 1066 2260 »
1089 2237 1191 2264 nam
1208 2220 1365 2281 plenus
1388 2232 1455 2267 est

63 2305 236 2335 sensus:
265 2310 284 2331 «
304 2291 542 2335 Audientes
570 2291 704 2335 verba
736 2292 856 2344 haec,
892 2291 1156 2352 placuerunt
1182 2291 1295 2338 illis:
1325 2312 1345 2335 >›
1372 2309 1452 2338 nec

62 2369 207 2405 tamen
218 2362 305 2405 sine
317 2362 675 2424 inconsequentia
688 2384 699 2421 3
713 2365 831 2423 quia,
850 2379 951 2408 cum
967 2363 1202 2420 audissent,
1216 2364 1454 2409 dicendum

64 2431 162 2476 fuit.

111 2535 119 2549 ¹
136 2530 202 2560 ΙΙος.
229 2539 295 2570 xxi,
315 2527 474 2571 40,juxta
488 2541 560 2563 Lxx.
581 2547 623 2552 ——-
646 2537 660 2553 2
678 2531 725 2562 Id.
747 2541 827 2572 xxn,
845 2542 877 2573 7.
898 2549 940 2554 —-
957 2529 969 2554 3
989 2531 1072 2564 Ibid.
1095 2531 1127 2570 8,
1147 2543 1180 2574 9.
1203 2548 1245 2553 -—
1265 2529 1377 2563 41bid.
1401 2542 1451 2566 10.

63 2600 105 2605 ·—
119 2581 134 2605 5
152 2583 232 2615 Ibid.
254 2595 302 2615 11.
321 2602 362 2606 —
377 2583 392 2604 (ἶ
409 2585 491 2616 Ibid.
516 2596 570 2627 27.
594 2603 635 2608 ——-
652 2594 664 2618 T
685 2586 766 2617 Ibid.
790 2587 840 2618 530.
