1872 3267
407 196 490 237 554
833 209 867 235 s.
902 204 1131 235 Aucus-mm
1162 207 1344 236 zmscom

401 276 478 337 qui
499 273 596 318 finis
617 282 681 318 est
702 272 1004 318 disterminans
1021 289 1204 333 regnum
1233 273 1364 318 Israe'l
1385 273 1441 318 ab
1462 277 1676 335 AEgypto,
1695 291 1786 322 non
1828 295 1829 298 ¹

403 357 468 392 est
496 345 639 401 Nilus,
659 345 735 389 sed
759 344 867 389 alius
895 354 958 390 est
978 361 1068 390 non
1089 361 1273 405 magnus
1296 346 1472 404 fluvius,
1492 347 1569 408 qui
1590 347 1689 392 fluit
1709 363 1787 408 per

404 418 753 464 Rhinocoruram
778 416 1019 472 civitatem,
1044 417 1162 461 unde
1191 418 1281 477 jam
1312 416 1367 462 ad
1388 418 1611 462 Orientem
1639 434 1787 464 versus

404 489 557 550 incipit
592 498 707 532 terra
737 488 1046 548 promissionis.
1086 488 1153 533 Sic
1187 504 1289 548 ergo
1320 490 1466 534 fuerat
1501 490 1785 535 constitutum

402 559 499 604 filiis
523 558 670 612 lsrael,
688 568 738 603 ut
758 567 923 618 septem
940 558 1135 617 gentium
1150 567 1297 615 terras,
1319 560 1610 604 exterminatis
1628 570 1671 604 et
1686 575 1786 620 per-

402 629 503 675 ditis
529 629 592 673 illi
620 629 841 688 gentibus,
866 629 946 689 ipsi
968 629 1264 674 inhabitarent
1287 650 1296 676 ;
1320 631 1413 675 aliis
1444 639 1591 675 autem
1623 647 1782 690 regna-

403 710 501 745 rent
521 700 706 745 subditis
729 710 860 760 atque
887 699 1123 743 tributariis
1148 716 1288 760 usque
1315 700 1371 745 ad
1392 701 1556 745 flumen
1587 703 1789 761 Euphra-

402 781 507 816 tem.
533 775 590 816 Et
612 771 809 832 quamvis
841 771 886 814 in
916 771 999 815 hoc
1028 774 1117 815 Deo
1145 786 1235 815 non
1258 772 1653 831 obtemperassent3
1687 773 1804 833 quia,

404 851 447 887 et
467 858 518 886 ex
541 841 642 898 illis,
667 857 775 902 quas
797 841 1080 885 exterminare
1101 841 1328 897 deberent,
1350 842 1602 887 obedientes
1624 842 1790 903 aliquos
1830 889 1832 892 ,
1870 896 1872 905 Ι

405 911 599 958 fecerant
622 932 632 958 ε
660 916 774 957 Deus
803 922 947 957 tamen
977 912 1248 972 temporibus
1279 912 1518 958 Salomonis
1549 912 1683 957 fidem
1703 929 1792 958 suae
1831 967 1833 971 ¹
1856 911 1872 961 ‚'

405 983 700 1044 promissionis
717 982 928 1043 implevit.
1832 1031 1833 1035 Ἰ
1866 1040 1872 1048 „

464 1056 540 1098 IV.
563 1057 688 1099 Nunc
709 1053 857 1113 itaque
880 1054 926 1096 in
946 1052 1060 1097 libro
1088 1055 1192 1097 Jesu
1222 1055 1341 1099 Nave
1371 1053 1493 1113 quod
1521 1052 1794 1098 considerare
1866 1048 1872 1067 '¹

405 1125 690 1185 suscepimus,
711 1124 934 1185 quomodo
957 1124 1202 1169 eritverum
1224 1144 1233 1169 z
1253 1127 1346 1169 «Et
1368 1124 1489 1169 dedit
1509 1128 1624 1170 Deus
1647 1124 1793 1169 Israeli
1832 1183 1833 1186 Ἰ

407 1215 429 1238 »
466 1210 640 1240 omnem
668 1210 845 1250 terram,
866 1211 998 1255 quam
1014 1196 1236 1255 juraverat
1263 1194 1367 1239 dare
1392 1195 1590 1255 patribus
1617 1210 1791 1251 eorum,
1832 1187 1833 1230 ἶ

409 1285 430 1310 »
465 1275 510 1310 et
521 1264 891 1312 haereditaverunt
903 1267 1044 1308 eam1?
1060 1283 1080 1306 »
1099 1265 1331 1317 Quomodo
1347 1265 1490 1310 adhuc
1504 1266 1677 1310 vivente
1690 1268 1794 1310 Jesu
1871 1306 1872 1326 3

407 1352 583 1384 omnem
611 1345 772 1380 terram
805 1333 948 1389 dedit,
972 1350 1074 1379 cum
1107 1335 1237 1378 etiam
1266 1335 1469 1395 reliquias
1500 1334 1673 1380 illarum
1695 1351 1794 1396 sep·
1832 1335 1833 1390 J

405 1419 493 1454 tem
518 1408 714 1467 gentium
736 1405 934 1450 nondum
955 1405 1299 1465 superavissent?
1317 1409 1426 1452 Nam
1443 1407 1563 1467 quod
1579 1407 1792 1467 sequitur,
1832 1403 1835 1438 '3

409 1499 430 1523 «
463 1481 522 1524 Et
551 1478 919 1523 haereditaverunt
951 1491 1069 1531 eam,
1096 1493 1116 1517 >›
1144 1491 1297 1520 verum
1320 1485 1410 1533 est,
1434 1478 1536 1537 quia
1564 1477 1627 1520 ibi
1654 1487 1792 1533 erant,

405 1550 555 1610 ibique
572 1548 872 1594 consederant.
890 1546 1056 1591 Deinde
1080 1546 1201 1606 quod
1225 1546 1422 1606 adjungit
1444 1566 1452 1591 :
1475 1566 1496 1590 «
1520 1550 1577 1591 Et
1600 1548 1795 1608 requiem

411 1639 431 1662 »
466 1619 587 1664 dedit
607 1619 692 1663 illis
714 1618 919 1663 Dominus
942 1618 986 1660 in
1008 1616 1210 1672 circuitu,
1231 1617 1341 1661 sicut
1357 1619 1578 1677 juraverat
1599 1619 1796 1677 patribus
1834 1619 1835 1628 ¹

411 1709 432 1733 >›
468 1692 670 1744 eorum2,
699 1707 720 1731 n
756 1704 907 1733 verum
937 1697 1021 1743 est,
1051 1689 1153 1749 quia
1184 1688 1285 1733 vivo
1318 1688 1461 1733 adhuc
1490 1692 1591 1733 Jesu
1625 1705 1714 1734 non
1737 1690 1795 1734 eis
1834 1738 1835 1744 ¹

408 1763 587 1824 quidem
626 1761 839 1806 cedebant
873 1759 1067 1820 reliquiae
1102 1759 1275 1803 illarum
1314 1760 1531 1816 gentium,
1567 1759 1642 1804 sed
1675 1759 1795 1804 nulla
1834 1750 1835 1766 ³

407 1849 557 1878 earum
576 1848 647 1877 eos
664 1833 711 1876 in
738 1831 861 1876 terris
890 1831 966 1874 ubi
990 1829 1274 1874 consederant
1297 1829 1411 1874 bello
1436 1830 1639 1874 lacessere
1662 1831 1793 1875 aude-
1834 1849 1835 1854 ¹

408 1906 499 1950 bat.
527 1904 632 1949 ldeo
654 1904 821 1948 dictum
847 1911 910 1946 est
933 1910 976 1944 et
1004 1899 1124 1960 quod
1148 1899 1305 1944 deinde
1332 1899 1584 1961 adjungitur
1607 1920 1616 1945 ι
1649 1921 1669 1943 «
1694 1905 1790 1946 Non
1833 1935 1835 1958 4

415 1997 434 2019 »
469 1976 625 2019 restitit
645 1975 874 2035 quisquam
898 1982 997 2017 ante
1020 1970 1173 2015 faciem
1204 1971 1378 2016 illorum
1403 1972 1458 2015 ab
1481 1972 1685 2016 omnibus
1706 1972 1790 2016 ini-

411 2063 432 2089 »
467 2045 589 2090 micis
612 2060 778 2089 eorum.
808 2063 826 2085 >›
856 2042 986 2097 Quod
1011 2058 1110 2087 vero
1132 2042 1324 2102 sequitur
1346 2061 1355 2086 :
1385 2061 1404 2083 «
1431 2041 1514 2086 Sed
1537 2058 1685 2086 omnes
1707 2042 1792 2086 ini-
1833 2045 1835 2072 ³

413 2135 434 2159 »
468 2116 602 2160 micos
622 2130 772 2159 eorum
786 2114 1185 2158 tradiditDominus
1198 2112 1281 2157 illis
1297 2113 1341 2156 in
1360 2128 1514 2156 manus
1536 2113 1713 2157 eorum³
1733 2133 1742 2157 2
1765 2130 1785 2153 »

409 2188 488 2232 hos
521 2185 704 2245 intelligi
729 2185 868 2230 voluit
901 2185 1118 2239 inimicos,
1145 2184 1221 2244 qui
1255 2183 1423 2228 obviam
1457 2184 1519 2227 ire
1551 2184 1596 2227 in
1626 2183 1792 2227 bellum

410 2259 501 2302 ausi
523 2266 639 2301 sunt.
666 2256 831 2301 Deinde
863 2256 982 2315 quod
1015 2254 1120 2299 dicit
1147 2274 1155 2299 :
1183 2257 1279 2299 Non
1307 2253 1470 2298 decidit
1503 2269 1552 2297 ex
1584 2253 1790 2298 omnibus

414 2348 434 2371 »
469 2328 608 2373 verbis
647 2328 790 2381 bonis,
824 2343 922 2386 quae
954 2325 1125 2370 locutus
1161 2335 1222 2369 est
1258 2325 1465 2369 Dominus
1499 2323 1598 2368 filiis
1632 2323 1787 2378 Israel,

413 2417 433 2441 »
468 2400 613 2443 onmia
637 2397 952 2451 advenerunt4,
977 2415 996 2438 »
1027 2397 1085 2440 ita
1105 2395 1200 2440 vult
1230 2394 1433 2453 intelligi,
1455 2395 1556 2454 quia
1578 2410 1678 2439 cum
1699 2395 1789 2454 jam
1811 2394 1814 2396 ’
1834 2455 1839 2458 ·
1871 2407 1872 2441 j

411 2468 472 2512 illi
498 2477 647 2512 contra
672 2476 939 2527 preeceptum
963 2466 1134 2510 Domini
1156 2464 1376 2519 iecissent,
1401 2464 1665 2524 quibusdam
1687 2479 1788 2523 par-
1830 2472 1834 2487 ¹

456 2553 463 2569 ¹
489 2553 584 2583 Josnii
601 2562 666 2592 xxi,
691 2549 743 2591 fit.
762 2568 803 2574 --
825 2558 837 2573 ²
854 2550 934 2582 lbid.
951 2549 1004 2591 42.
1028 2566 1068 2571 -
1090 2546 1197 2580 ³1bid.
1213 2564 1254 2572 -·
1273 2547 1286 2578 4
1302 2548 1382 2580 lbid.
1406 2546 1458 2589 43.
