1872 3267
391 269 473 308 406
836 282 868 309 s.
908 283 1132 313 AUGUSTINI
1166 287 1346 314 EPISCOPI

889 401 1121 449 QUAESTJO
1154 404 1286 442 LXVI.

454 522 475 545 «
493 504 557 546 ΕΤ
572 517 594 545 a
610 501 772 546 semine
785 510 861 545 tuo
874 517 963 545 non
977 501 1098 547 dabis
1111 503 1268 547 servire
1283 504 1469 563 principi
1485 507 1515 548 1.
1543 524 1562 545 »
1585 505 1666 550 Hic
1681 522 1770 550 non

390 572 518 617 video
540 571 646 632 quid
667 570 953 629 intelligatur,
979 572 1060 616 nisi
1081 573 1265 633 principi
1287 574 1363 634 qui
1383 589 1463 633 pro
1485 577 1574 619 Deo
1595 574 1767 620 colitur.

391 645 490 688 Non
512 642 628 685 enim
655 642 713 685 ait
735 644 904 697 δουλεύειν,
929 641 1005 686 sed
1028 650 1194 695 λατρεύειν,
1212 643 1258 687 in
1280 658 1442 702 graeco,
1472 643 1592 705 quod
1611 643 1772 690 latinus
1822 687 1823 692 ,
1859 672 1861 683 ι

394 729 483 759 non
504 714 614 758 solet
641 712 937 772 interpretari,
963 713 1044 757 nisi
1075 723 1125 758 ut
1156 714 1272 759 dicat
1297 734 1316 757 «
1352 716 1539 760 servire:
1576 734 1596 758 υ
1632 715 1773 776 pluri-

393 800 516 830 mum
547 794 694 829 autem
719 783 867 843 glistat.
903 786 1013 829 Nam
1044 784 1200 830 servire
1233 786 1484 831 hominibus
1518 786 1630 831 sicut
1663 788 1773 833 servi

394 849 615 911 serviunt}
641 854 762 916 quod
783 871 872 900 non
894 866 958 900 est
979 865 1145 909 λατρεύειν,
1169 856 1243 901 sed
1256 862 1421 909 δουλεύειν,
1448 858 1668 918 Scriptura
1685 874 1775 904 non

396 927 620 988 prohibet3
639 926 796 971 servire
813 936 959 971 autem
972 927 1210 971 secundum
1228 926 1409 988 id-quod
1426 937 1488 972 est
1503 938 1669 982 λατρεὺειν,
1686 944 1776 974 non

389 999 573 1063 jubetur
594 998 861 1051 hominibus,
881 998 962 1042 nisi
979 999 1056 1042 uni
1076 1015 1180 1044 vero
1198 1002 1303 1055 Deo,
1325 1000 1435 1044 sieut
1456 1000 1665 1060 scriptum
1686 1009 1773 1046 est:
1822 995 1823 1000 ¹

398 1092 419 1115 «
452 1070 688 1116 Dominum
708 1072 847 1113 Deum
870 1078 995 1112 tuum
1018 1069 1232 1124 adorabis,
1259 1079 1302 1114 et
1322 1069 1385 1114 illi
1403 1070 1482 1115 soli
1509 1071 1665 1116 servies
1682 1074 1714 1115 ².
1753 1089 1774 1112 »
1822 1090 1830 1123 ι
1867 1118 1868 1122 ¹

396 1145 495 1188 Non
521 1141 662 1186 solum
684 1149 829 1184 autem
851 1140 935 1184 hoc
956 1139 1112 1195 verbo⁷
1128 1141 1248 1200 quod
1267 1141 1325 1184 ait
1338 1149 1504 1195 impetam,
1527 1142 1626 1186 satis
1647 1142 1779 1199 signi-
1822 1155 1830 1201 ’,Ι

398 1214 499 1258 ficat
515 1227 646 1272 quem
662 1210 902 1270 principem
919 1209 1049 1265 dieat,
1066 1210 1113 1254 id
1126 1220 1203 1266 est,
1220 1211 1287 1254 cui
1304 1210 1447 1256 cultus
1464 1221 1671 1272 tanquam
1688 1215 1779 1256 Deo
1822 1255 1825 1272 ἒ

399 1284 651 1337 exhibetur,
675 1281 960 1327 verumetiam
983 1296 1033 1326 eo
1057 1280 1179 1342 quod
1200 1282 1417 1342 adjungit,
1439 1300 1456 1322 «
1490 1284 1547 1326 Et
1568 1298 1658 1327 non
1679 1298 1788 1346 pro<
1803 1316 1825 1346 ‚¹

398 1353 565 1399 sanabis
583 1368 743 1397 nomen
764 1361 962 1396 sanctum
976 1388 986 1407 ‚
1015 1370 1035 1393 »
1062 1352 1150 1396 sive
1167 1353 1266 1408 Dei,
1292 1352 1347 1396 de
1370 1354 1492 1413 cujus
1513 1353 1678 1413 populo
1700 1352 1780 1398 da-
1822 1388 1826 1401 .

399 1438 471 1471 tur
491 1425 566 1469 illo
588 1424 721 1468 modo
743 1423 900 1469 servire
920 1423 1128 1483 principi3
1153 1424 1240 1468 sive
1256 1439 1416 1468 nomen
1433 1434 1632 1469 sanctum
1649 1424 1782 1485 ipsius
1822 1423 1829 1462 ‘¹

400 1496 554 1558 populi
590 1493 720 1539 Israel
735 1530 745 1549 ,
782 1503 960 1554 propter
993 1493 1113 1555 quod
1149 1494 1308 1539 dicitur
1334 1513 1342 1540 :
1382 1514 1402 1537 «
1439 1495 1584 1540 Sancti
1619 1505 1753 1541 estote
1768 1532 1780 1551 ,
1828 1541 1829 1546 ,

404 1586 425 1610 »
447 1566 653 1627 quoniam
671 1580 749 1623 ego
770 1573 941 1609 sanctus
958 1579 1053 1609 sum
1069 1565 1099 1608 ³.
1121 1583 1141 1606 n
1163 1565 1540 1624 Opportunissime
1561 1566 1690 1610 etiam
1712 1566 1784 1610 hie
1822 1603 1829 1612 .
1864 1562 1865 1571 ’

404 1637 618 1698 adjungit,
646 1655 667 1678 «
700 1638 794 1694 Ego
811 1635 1050 1680 Dominus:
1087 1653 1108 1676 »
1132 1636 1216 1679 hoc
1236 1637 1387 1696 utique
1409 1634 1661 1692 admonens,
1681 1637 1783 1697 quia
1822 1655 1830 1688 ,ἧ
1862 1633 1872 1648 ”

406 1708 467 1754 illi
488 1708 567 1754 soli
582 1707 768 1752 debetur
780 1715 925 1763 λατρεία,
944 1707 991 1752 id
1003 1716 1081 1763 est,
1100 1722 1149 1751 ea
1166 1707 1363 1762 servitus,
1379 1723 1465 1767 qua
1477 1707 1661 1753 servitur
1679 1711 1785 1752 Deo.

907 1814 1144 1864 QUAEsrlo
1175 1815 1327 1854 van.

465 1923 592 1973 Quon
609 1918 728 1962 dicit.
752 1937 773 1960 «
807 1919 863 1961 Et
883 1917 1103 1962 exhorruit
1122 1926 1233 1961 terra
1250 1932 1337 1973 eos,
1358 1917 1434 1978 qui
1451 1916 1641 1962 insident
1661 1933 1790 1978 super
1828 1935 1830 1938 ’
1866 1915 1867 1920 ’

411 2010 432 2033 »
452 2005 545 2035 eam
566 1990 598 2044 ⁴,
620 2008 639 2031 >›
665 1996 842 2048 propter
864 1987 974 2031 mala
994 1986 1106 2032 facta
1129 2003 1276 2032 eorum
1293 2024 1303 2042 ‚
1329 2003 1429 2049 quae
1451 1989 1646 2048 superius
1667 2005 1789 2034 com-

410 2059 679 2115 memoravit,
700 2075 789 2103 non
806 2058 903 2102 ideo
925 2057 1091 2103 dictum
1112 2057 1359 2118 putandum
1382 2067 1468 2114 est,
1495 2058 1615 2119 quod
1634 2059 1791 2104 habeat

411 2141 523 2176 terra
547 2145 746 2185 sensum,
773 2145 860 2189 quo
888 2129 967 2173 ista
994 2130 1150 2173 sentiat
1177 2138 1220 2173 et
1238 2130 1462 2174 exhorreat
1489 2149 1498 2174 :
1524 2129 1599 2174 sed
1616 2131 1792 2175 nomine
1823 2177 1824 2183 ¹
1867 2129 1868 2139 ³

412 2212 536 2246 terrae
559 2200 754 2244 homines
776 2200 1009 2258 significat,
1035 2201 1111 2261 qui
1129 2210 1231 2244 sunt
1254 2216 1382 2261 super
1403 2210 1577 2245 terram.
1605 2200 1792 2245 Proinde

411 2288 511 2321 cum
533 2273 626 2315 haec
650 2270 761 2314 mala
788 2269 955 2314 facitmt
978 2271 1195 2326 homines‚
1223 2271 1455 2331 inquinant
1482 2281 1638 2316 terram
1654 2308 1664 2326 ‚
1691 2273 1791 2331 quia

413 2343 697 2403 inquinantur
739 2341 935 2385 homines
973 2342 1048 2401 qui
1082 2342 1175 2385 haee
1212 2342 1437 2385 imitantur
1475 2362 1483 2386 ι
1520 2351 1562 2385 et
1594 2342 1793 2386 exhorret

413 2424 546 2469 terra,
575 2413 677 2474 quia
702 2413 933 2457 exhorrent
955 2414 1170 2469 homines⁷
1197 2413 1272 2474 qni
1301 2429 1380 2457 nec
1406 2412 1574 2457 faciunt
1596 2428 1675 2457 nec
1696 2414 1793 2457 imi-

416 2494 578 2528 tantur.

462 2586 468 2601 ¹
495 2579 595 2609 Lex-it,
624 2589 718 2618 Διινιιι,
738 2586 792 2608 ¹21.
815 2594 855 2598 ——
877 2584 887 2598 ²
916 2579 1005 2607 noui.
1025 2588 1076 2617 vi,
1111 2577 1158 2607 13.
1180 2594 1222 2599 ——
1240 2576 1257 2608 3
1277 2576 1379 2608 Lovir.
1407 2588 1456 2618 xl,
1478 2575 1534 2618 44,
1556 2581 1588 2608 et
1606 2587 1674 2617 xlx,
1695 2585 1736 2615 ’2,-
1757 2581 1788 2608 et

423 2647 430 2665 1
457 2637 541 2674 Pvlr,
559 2646 581 2671 ι,
608 2635 706 2664 10.
736 2631 1051 2671 4vait.xv111‚2:‘›.
