1872 3267
397 291 653 318 LOCUTIONEs
687 291 740 317 nn
772 291 949 327 Gssnsssl,
988 291 1069 317 Lm.
1109 291 1137 316 ι.
1401 277 1455 315 25

130 358 282 401 CLXI.
314 375 333 398 «
362 357 505 400 Pacati
525 371 688 411 sumus,
727 371 813 399 non
842 365 942 400 sunt
969 355 1091 416 pueri
1113 354 1175 398 tui
1213 353 1458 414 explorato-

78 444 98 467 »
125 428 212 470 res¹
241 447 249 471 :
280 446 299 467 »
325 426 446 487 quasi
486 425 540 469 de
573 425 664 470 aliis
697 424 884 470 dixerint
909 442 916 465 :
945 445 964 467 «
990 427 1086 469 Non
1124 433 1226 468 sunt
1247 424 1371 484 pueri
1395 425 1458 468 tui

73 512 95 536 n
118 493 430 554 exploratores,
460 514 480 536 η
518 511 618 540 cum
645 504 823 555 possent
848 494 1017 550 dicere,
1051 514 1071 536 «
1099 496 1197 538 Non
1222 509 1371 538 sumus
1398 514 1406 539 2
1437 513 1456 536 ι)

73 565 417 612 honorificentiae
440 576 583 612 autem
608 583 727 611 more
747 567 929 611 maxime
948 567 1005 611 ita
1026 565 1340 626 loquebantur.

130 639 305 683 CLXII.
332 657 351 680 «
381 636 621 682 Duodecim
658 653 806 682 sumus
839 637 962 697 pueri
984 637 1048 680 tui
1078 636 1231 680 fratres
1267 636 1313 680 in
1346 645 1460 681 terra

76 727 96 750 »
131 709 365 754 Chanaan²
392 729 400 754 ε
428 728 446 751 »
472 724 573 753 cum
595 709 809 769 posterius
829 708 999 764 dicant,
1025 706 1146 768 quod
1172 722 1285 751 unus
1308 722 1461 752 eorum

72 795 162 824 non
183 781 260 836 sit,
296 781 438 841 ipsum
459 780 622 826 scilicet
651 781 812 841 Joseph
836 796 925 825 non
958 795 1046 824 esse
1078 779 1391 834 existimantes,
1415 779 1462 823 id

74 861 159 906 est,
180 852 367 911 periisse.
395 854 486 897 Hac
503 852 726 897 locutione
755 852 921 897 dictum
956 861 1019 896 est
1042 852 1172 896 etiam
1198 849 1331 906 illud,
1361 869 1381 892 «
1406 850 1462 894 Hi

76 939 96 962 n
123 920 200 965 filii
231 922 367 967 Jacob
401 923 476 983 qui
503 922 606 967 facti
639 932 741 967 sunt
766 923 804 966 ei
840 923 885 965 in
908 921 1280 982 Mesopotamiass,
1315 940 1334 961 »
1362 936 1462 964 cum

73 991 132 1035 ibi
165 1007 254 1036 non
295 992 427 1037 fuerit
450 1002 577 1037 natus
610 993 850 1054 Benjamin.
889 991 1020 1046 Quod
1056 1000 1201 1036 autem
1230 990 1460 1046 dixerunt,

75 1079 96 1103 »
124 1064 282 1107 Sumus
300 1063 345 1107 in
367 1073 481 1109 terra
501 1064 726 1119 Chanaan,
747 1082 766 1105 »
784 1079 885 1108 cum
908 1078 960 1107 co
981 1072 1178 1122 tempore
1199 1078 1288 1123 quo
1308 1061 1464 1122 loque·-

73 1131 257 1187 bantur,
283 1133 329 1176 in
351 1136 545 1194 AEgypto
563 1143 730 1188 essent,
751 1149 935 1178 «sumus
961 1152 980 1175 »
1003 1131 1171 1177 dictum
1186 1141 1250 1177 est
1262 1148 1358 1193 pro,
1383 1132 1464 1176 ha-

73 1202 262 1248 bitamus
289 1224 298 1249 :
326 1205 428 1249 inde
450 1206 565 1250 enirn
587 1215 797 1250 venerant
818 1205 936 1251 illico
955 1204 1164 1261 redituri,
1191 1204 1253 1250 ibi
1271 1219 1465 1250 comme-

73 1284 306 1319 morantes.

133 1346 332 1390 CLXIII.
362 1365 382 1388 «
405 1349 498 1392 Hoc
516 1356 581 1391 est
602 1346 722 1407 quod
740 1346 826 1391 dixi
842 1346 984 1402 vobis,
1009 1346 1158 1392 dicens
1173 1346 1294 1407 quod
1311 1344 1466 1406 explo-

75 1431 98 1455 )›
132 1424 294 1460 ratores
321 1416 449 1461 estis4
474 1437 483 1462 :
511 1436 532 1458 »
574 1418 682 1478 quid
711 1417 898 1475 deesset,
940 1417 1107 1462 etiamsi
1136 1433 1226 1462 non
1260 1415 1463 1471 adderet,

78 1503 99 1526 «
133 1484 350 1530 dicens?»

135 1557 330 1600 CLXIV.
362 1575 382 1598 «
402 1556 488 1615 Ipsi
501 1571 605 1601 vero
619 1557 679 1601 ite
701 1566 745 1601 et
765 1556 913 1602 ducite
935 1559 1202 1618 emptionem
1227 1557 1357 1601 tritici
1371 1572 1469 1601 ves-

78 1643 100 1666 »
135 1626 213 1669 tri⁵
238 1645 246 1670 ;
272 1624 435 1681 ducite,
465 1645 485 1668 »
507 1642 585 1686 pro
614 1642 665 1671 eo
693 1627 816 1688 quod
845 1637 923 1683 est,
950 1627 1086 1686 ferte,
1122 1629 1223 1688 quia
1245 1629 1362 1672 enim
1385 1627 1470 1672 du-

76 1704 238 1740 cuntur
246 1697 448 1756 jumenta
475 1697 521 1742 in
543 1698 704 1759 quibus
728 1698 885 1754 fertur,
911 1699 1043 1743 etiam
1066 1699 1150 1744 hoc
1172 1699 1276 1744 duci
1299 1698 1469 1744 dictum

76 1776 154 1811 est.
517 1822 520 1825 Α

135 1839 306 1882 CLXV.
336 1857 356 1881 «
378 1841 534 1884 Nonne
547 1838 722 1885 locutus
745 1856 842 1885 sum
863 1841 1004 1897 vobis,
1025 1841 1173 1887 dicens
1191 1862 1199 1887 :
1225 1845 1289 1889 Ne
1309 1858 1470 1888 nocea-

79 1925 101 1949 »
136 1908 187 1952 tis
205 1923 358 1967 puero,
375 1917 418 1953 et
432 1924 523 1953 non
542 1910 780 1955 exaudistis
798 1913 920 1956 me⁶P
945 1912 1199 1957 Notandum
1222 1913 1470 1958 exauditio-

78 1993 178 2022 nem
198 1994 286 2022 non
305 1994 398 2022 eam
421 1977 556 2023 solam
575 1978 681 2035 dici,
703 1997 789 2042 qua
814 1981 992 2027 exaudit
1010 1986 1140 2027 Deus.

136 2049 329 2093 CLXVI.
359 2068 379 2115 ς(
401 2049 487 2109 Ipsi
502 2058 650 2094 autem
671 2051 950 2110 ignorabant,
976 2054 1078 2114 quia
1101 2053 1228 2098 audit
1244 2056 1405 2115 Joseph
1421 2058 1436 2082 ⁷
1459 2076 1468 2102 :

80 2137 102 2161 »
123 2119 288 2175 auditp)
301 2135 396 2180 pro,
416 2120 618 2179 intelligit
631 2142 642 2180 3
656 2138 758 2166 nam
771 2139 899 2168 voces
913 2124 1036 2169 audit
1049 2126 1203 2186 utique
1217 2141 1321 2170 aure
1339 2127 1471 2171 etiam

78 2190 153 2250 qui
176 2206 264 2234 non
285 2189 492 2250 intelligit
510 2190 720 2249 linguam.
749 2194 982 2253 Repetitur
1006 2195 1079 2240 illa
1102 2195 1267 2241 locutio
1291 2196 1471 2258 quando

77 2271 253 2305 narrant
273 2262 385 2322 patri.
411 2279 489 2307 suo
517 2264 626 2324 quid
653 2264 712 2309 cis
735 2266 939 2312 acciderit
963 2267 1008 2311 in
1032 2270 1226 2329 AEgypto
1242 2304 1253 2324 ,
1287 2278 1330 2314 et
1362 2269 1471 2330 quid

80 2331 264 2377 dixerint
287 2332 343 2377 ad
360 2335 385 2377 J
389 2334 537 2393 oseph.

137 2404 353 2447 CLXVII.
393 2405 672 2450 «Duodecim
698 2421 846 2452 sumus
870 2406 1023 2453 fratres
1046 2408 1123 2453 filii
1150 2410 1283 2469 patris
1305 2411 1468 2467 nostri,

84 2490 104 2514 »
124 2489 237 2516 unus
257 2490 348 2519 non
365 2484 449 2530 est,
475 2475 657 2535 pusillus
677 2486 823 2521 autem
846 2494 948 2523 cum
964 2489 1088 2539 patre
1104 2490 1254 2525 nostro
1275 2480 1408 2525 hodie
1425 2483 1471 2526 in

129 2575 138 2591 ¹
159 2570 238 2601 Gen.
256 2582 336 2612 xm,
360 2583 411 2603 11.
428 2588 472 2595 —
494 2579 508 2596 ²
526 2573 607 2605 Ibid.
632 2574 683 2608 13.
705 2591 749 2597 —
772 2573 784 2597 3
806 2576 853 2609 Id.
876 2587 977 2617 xxxv,
996 2576 1051 2610 26.
1079 2594 1121 2601 -·
1140 2576 1159 2608 4
1174 2578 1220 2611 Id.
1243 2588 1321 2620 un,
1349 2576 1399 2620 14.
1428 2594 1473 2611 -·,

82 2623 96 2648 5
110 2625 191 2658 Ibid.
217 2638 266 2668 ¹9-
295 2645 334 2650 --
352 2626 367 2650 6
382 2628 462 2661 Ibid.
482 2638 535 2662 22.
556 2647 597 2653 —-
613 2631 800 2664 71bi.l.¹2'=.
