1872 3267
380 174 464 212 590
803 181 836 209 s.
872 182 1102 210 Aueoszruu
1136 183 1316 209 EpisCOPI

436 251 516 292 ΙΙΙ.
533 251 794 308 Quanquam
810 262 887 306 per
899 247 1060 306 Ephud
1077 246 1146 290 vel
1157 245 1330 306 Ephod,
1348 260 1396 289 ea
1409 246 1644 301 locutione,
1659 228 1761 306 iluae

375 319 622 377 significata
644 327 765 377 parte
788 326 944 371 totum,
967 317 1113 361 omnia
1135 317 1301 376 possint
1322 316 1523 375 intelligi,
1547 333 1645 377 quae
1661 332 1763 361 con-

375 389 516 433 stituit
537 387 716 432 Gedeon
737 388 783 431 in
804 404 879 431 sua
902 387 1074 432 civitate
1089 423 1100 443 ,
1126 387 1261 432 veluti
1283 387 1338 431 ad
1365 385 1600 432 colendum
1624 390 1764 432 Deum

377 459 530 504 similia
557 457 839 502 tabernaculo
866 458 966 514 Dei,
990 467 1033 501 et
1066 467 1293 518 propterea
1322 472 1398 516 per
1421 457 1527 512 hoc,
1552 457 1654 517 quia
1679 458 1765 501 hoc

378 540 442 575 est
463 529 738 575 sacerdotalis
752 530 928 574 honoris
949 529 1132 587 insigne,
1149 529 1268 590 quod
1285 544 1397 588 saepe
1418 528 1636 588 Scriptura
1650 543 1767 572 com-

379 611 591 646 memorat
606 637 617 656 ,
651 610 702 645 ut
724 602 808 645 hoc
831 600 884 644 sit
908 608 1137 660 peccatum
1163 599 1365 655 Gedeon,
1399 598 1518 659 quod
1541 609 1660 643 extra
1688 597 1767 642 Dei

379 671 711 717 tabernaculum
733 671 887 716 fecerit
908 670 1073 731 aliquid
1094 669 1252 726 simile,
1276 671 1354 714 ubi
1377 669 1591 714 coleretur
1615 673 1729 714 Deus
1754 688 1764 714 :

380 760 470 788 non
482 743 602 803 quod
614 742 752 787 solido
767 758 872 786 auro
884 741 1005 787 velut
1023 740 1294 785 adorandum
1307 739 1767 800 constitueritEphud3

382 813 458 858 sed
479 813 600 873 quod
622 830 674 857 ex
705 829 809 857 auro
831 812 924 872 ipso
938 848 948 868 ,
973 810 1095 872 quod
1115 821 1225 856 esset
1247 811 1302 856 de
1323 812 1493 872 praeda,
1520 810 1669 855 fecerit
1694 826 1765 866 ea,

382 901 482 945 quae
510 885 778 945 pertinerent
805 883 860 928 ad
891 892 1145 928 ornamenta
1166 883 1236 929 vel
1264 884 1551 928 instrumenta
1573 883 1766 938 sacrarii,

382 973 482 1017 quae
504 957 647 1001 omnia
666 972 743 1016 per
759 956 922 1015 Ephud
943 955 1182 1014 significata
1205 965 1330 1012 sunt,
1355 965 1532 1016 propter
1553 954 1770 1001 excellen-

384 1027 515 1083 tiam,
547 1037 598 1071 ut
625 1026 739 1083 dixi,
763 1030 892 1073 vestis
922 1026 1213 1071 sacerdotalis.
1240 1030 1349 1072 Nam
1382 1037 1425 1071 et
1445 1027 1587 1087 ipsum
1608 1025 1772 1086 Ephud

384 1114 474 1143 non
497 1097 677 1158 quidem
700 1114 753 1141 ex
774 1113 880 1142 auro
902 1097 993 1141 solo
1016 1098 1107 1141 fieri
1133 1108 1399 1157 proeceptum
1427 1107 1491 1142 est
1506 1133 1516 1153 ‚
1548 1099 1581 1142 si
1603 1098 1686 1141 hoc
1709 1105 1773 1141 est

384 1168 739 1229 superhumerale
761 1167 1035 1212 sacerdotalis
1056 1169 1208 1213 vestis:
1234 1180 1536 1214 verumtamen
1553 1169 1683 1213 etiam
1700 1167 1775 1212 ali·
1824 1170 1832 1182 ⁰

385 1238 493 1300 quid
516 1239 609 1283 auri
632 1238 779 1282 habet.
808 1242 917 1283 Nam
939 1255 989 1282 ex
1006 1255 1111 1283 auro
1128 1275 1139 1295 ,
1160 1249 1203 1283 et
1224 1241 1483 1297 hyacintho,
1504 1249 1543 1283 et
1558 1255 1768 1300 purpura,

387 1320 430 1354 et
455 1310 656 1365 coccino,
681 1319 725 1353 et
747 1310 876 1367 bysso
895 1320 947 1353 ut
968 1311 1111 1364 fieret,
1142 1310 1349 1354 divinitus
1371 1312 1632 1371 imperatum
1652 1313 1736 1355 est¹
1761 1330 1769 1354 :

386 1380 462 1425 sed
484 1381 587 1441 quia
607 1381 691 1424 hoc
725 1381 784 1424 ita
817 1389 1058 1439 posuerunt
1095 1381 1377 1439 Septuaginta
1412 1382 1666 1441 interpretes
1680 1417 1690 1437 ,
1725 1390 1776 1425 ut

388 1451 736 1497 commemoratis
758 1451 961 1494 omnibus
979 1466 1078 1510 quae
1095 1450 1150 1494 de
1165 1451 1310 1510 spoliis
1328 1462 1553 1512 acceperat
1575 1453 1771 1506 Gentem,

387 1522 623 1567 inferrent:
651 1540 671 1563 «
695 1524 751 1565 Et
772 1519 874 1565 fecit
892 1520 1003 1565 illud
1016 1520 1196 1565 Gedeon
1213 1522 1257 1565 in
1276 1521 1461 1582 Ephud}
1485 1541 1504 1564 »
1527 1522 1700 1568 videtur
1716 1523 1776 1567 ita

389 1593 556 1638 dictum
577 1627 587 1648 ,
616 1602 824 1653 tanquam
852 1608 902 1636 ex
925 1601 1018 1636 toto
1040 1591 1115 1636 illo
1138 1593 1258 1653 quod
1276 1603 1666 1638 commemoratum
1688 1603 1771 1649 est,

388 1664 473 1708 hoc
496 1663 661 1707 facturn
690 1678 778 1706 esse
801 1662 1004 1706 credatur
1023 1682 1031 1706 :
1053 1679 1154 1706 cum
1175 1655 1308 1722 possit
1331 1664 1461 1707 etiam
1484 1663 1570 1708 illic
1592 1663 1776 1722 intelligi

388 1734 553 1779 locutio
570 1750 669 1795 quae
692 1734 905 1793 significat
927 1750 951 1777 a
975 1743 1066 1778 toto
1089 1743 1273 1794 partem,
1299 1743 1349 1778 ut
1366 1735 1487 1794 quod
1509 1734 1676 1779 dictum
1694 1744 1772 1789 est,

394 1826 414 1848 «
450 1806 571 1850 Fecit
590 1805 702 1849 illud
723 1807 768 1848 in
785 1804 946 1864 Ephud
963 1840 973 1857 ,
1002 1823 1021 1845 »
1042 1804 1324 1864 intelligatur,
1347 1804 1448 1850 fecit
1470 1805 1572 1849 inde
1594 1806 1773 1866 Ephud‚

390 1876 475 1929 vel,
494 1875 596 1920 fecit
612 1892 662 1919 ex
685 1892 736 1920 eo
751 1876 935 1935 Ephud3
956 1891 1044 1919 non
1066 1874 1348 1919 scilicetillud
1362 1885 1502 1920 totum
1517 1892 1776 1920 consumens

390 1948 437 1990 in
460 1947 645 2006 Ephud,
681 1948 757 1991 sed
790 1964 841 1991 ex
873 1947 948 1991 illo
976 1956 1192 2007 quantum
1228 1947 1470 1991 sufficiebat
1499 1947 1772 2008 impendens.

390 2020 500 2063 Nam
522 2019 567 2061 in
587 2017 660 2061 illa
682 2017 1039 2076 interpretatione
1060 2033 1159 2077 quze
1190 2033 1242 2060 ex
1272 2018 1446 2061 hebraeo
1471 2027 1534 2062 est
1550 2054 1560 2074 ,
1585 2019 1643 2062 sic
1666 2018 1776 2077 legi-

393 2098 489 2133 tur:
512 2108 531 2131 «
550 2092 582 2133 F
589 2089 761 2149 ecitque
783 2104 832 2132 ex
850 2105 900 2133 eo
922 2089 1100 2132 Gedeon
1122 2089 1319 2147 Ephoffl.
1339 2107 1359 2130 »
1378 2089 1507 2142 Quod
1529 2090 1644 2133 enim
1662 2088 1778 2149 apud

396 2160 677 2219 Septuaginta
700 2160 908 2219 scriptum
930 2169 994 2203 est
1021 2178 1039 2200 α
1055 2158 1239 2218 Ephud,
1259 2177 1278 2200 »
1309 2160 1390 2203 hoc
1412 2159 1457 2202 in
1478 2160 1654 2204 hebraeo
1676 2176 1778 2219 per—

390 2231 570 2275 hibetur
592 2230 676 2275 dici
703 2250 722 2272 «
741 2230 915 2290 Ephod.
941 2249 959 2271 n
986 2233 1083 2276 Non
1106 2239 1249 2274 antem
1273 2245 1420 2274 omnes
1442 2230 1684 2275 sacerdotes
1702 2229 1778 2274 tali

393 2301 634 2345 utebantur
653 2300 1010 2360 superhumerali,
1033 2300 1152 2360 quod
1176 2310 1285 2344 esset
1306 2317 1357 2344 ex
1380 2317 1506 2355 auro,
1532 2310 1575 2344 et
1594 2300 1777 2358 hyacin-

393 2371 492 2426 tho,
519 2381 562 2416 et
576 2387 768 2432 purpura
784 2407 794 2427 ,
821 2381 864 2415 et
885 2372 1084 2425 coccino,
1110 2380 1153 2414 et
1177 2372 1326 2428 bysso,
1352 2372 1427 2416 sed
1446 2372 1561 2416 solus
1582 2387 1777 2416 summus

391 2441 604 2487 sacerdos.
629 2442 751 2486 Unde
770 2441 881 2486 illud
902 2442 1022 2502 quod
1044 2442 1098 2485 de
1125 2442 1323 2486 Samuele
1340 2442 1776 2488 commemoravimus

440 2533 449 2550 ¹
471 2527 568 2559 Exul.
592 2538 704 2571 xxxm,
720 2537 752 2559 2.
770 2544 809 2550 —
831 2533 843 2549 2
863 2526 995 2568 Vulgata
1015 2531 1119 2559 nostra
1141 2526 1187 2558 sie
1209 2526 1318 2559 habet.
