1872 3267
379 314 464 354 350
762 327 796 353 s.
843 322 1073 354 Aucus'nm
1104 326 1285 355 El’lscorl

377 401 497 436 recto
518 390 671 436 ordine
701 390 959 436 dicebatur?
985 394 1096 438 Nam
1129 407 1229 438 cum
1263 391 1367 436 alibi
1396 392 1523 437 toties
1551 393 1758 452 scriptum

378 462 457 517 sit,
486 463 569 507 «Et
590 460 824 521 deliquerit
856 470 900 504 et
931 462 1158 521 cognitum
1189 462 1322 506 fuerit
1355 462 1415 520 ei3
1442 479 1462 503 »
1487 462 1558 506 hic
1588 471 1760 506 tantum

377 547 602 587 converso,
617 540 668 575 ut
687 530 790 586 dixi,
806 529 976 587 ordine,
991 532 1109 591 prius
1130 531 1298 577 dictum
1319 541 1384 576 est
1403 551 1425 575 «
1448 533 1712 590 cognoverit,
1733 549 1755 572 »

377 601 537 646 deinde
565 620 586 644 «
609 610 652 645 et
674 600 920 661 deliquerit.
948 618 969 643 »
995 601 1158 646 Ordine
1181 612 1326 647 autem
1347 618 1448 657 suo,
1472 602 1531 646 ita
1552 601 1636 646 dici
1656 616 1759 661 pos-

378 681 464 727 set,
489 691 510 714 ‹<
536 672 693 717 Anima
714 687 1005 732 quaecumque
1027 673 1216 732 tetigerit
1248 688 1424 717 omnem
1452 687 1543 717 rem
1565 673 1760 717 immun·

380 761 401 784 »
437 743 539 786 dam
555 751 631 787 aut
649 741 882 797 morticini,
899 751 975 786 aut
993 758 1017 786 a
1034 741 1125 787 fera
1140 745 1255 803 capti
1271 744 1501 798 immundi,
1517 752 1594 788 aut
1609 758 1761 787 eorum

380 832 402 855 η
437 829 538 875 quae
576 822 678 858 sunt
718 813 947 858 morticina
991 814 1365 860 abominationum
1408 812 1757 867 immundarum,

380 903 401 927 »
435 885 718 932 morticinum
752 885 1052 944 jumentorum
1083 884 1434 940 immundorum,
1468 894 1543 929 aut
1574 885 1761 943 tetigerit

380 973 400 998 »
436 955 491 999 ab
509 955 784 999 immunditia
800 955 1003 1011 hominis,
1021 955 1076 1000 ab
1095 957 1214 1000 omni
1230 955 1506 1000 immunditia
1522 957 1613 1016 ejus
1630 969 1761 1015 quam

381 1043 402 1066 »
437 1025 471 1070 si
492 1025 680 1083 tetigerit
701 1025 969 1085 inquinetur,
995 1034 1040 1069 et
1060 1025 1094 1070 si
1114 1025 1288 1071 latuerit
1309 1042 1426 1083 eum,
1447 1035 1490 1070 et
1510 1024 1757 1086 deliquerit,

378 1113 400 1136 »
436 1104 534 1155 post
554 1095 638 1141 hoc
660 1104 809 1140 autem
831 1095 1123 1155 cognoverit¹.
1151 1114 1172 1138 n

906 1205 1142 1254 QUAESTIO
1174 1206 1241 1245 IV.

440 1323 460 1347 »
497 1307 542 1351 S1
578 1314 725 1350 autem
760 1320 851 1349 non
880 1305 997 1350 valet
1027 1320 1181 1350 manus
1214 1307 1305 1366 ejus
1338 1305 1459 1366 quod
1491 1305 1590 1350 satis
1622 1313 1687 1350 est
1717 1305 1762 1349 in

381 1395 400 1418 »
435 1390 583 1431 ovem,
602 1376 757 1420 offeret
778 1391 856 1435 pro
878 1385 1055 1435 peccato
1069 1392 1146 1421 suo
1168 1375 1287 1437 quod
1309 1376 1521 1436 peccavit,
1541 1375 1651 1421 duos
1667 1385 1761 1420 tur-

381 1464 402 1488 »
439 1454 556 1491 tures
580 1456 656 1491 aut
675 1446 786 1491 duos
810 1445 953 1506 pullos
981 1446 1254 1491 columbinos
1283 1446 1491 1500 Domino,
1516 1462 1656 1490 unum
1681 1461 1761 1505 pro

381 1535 402 1560 »
436 1526 634 1576 peccato,
655 1526 698 1561 et
718 1532 859 1562 unum
879 1517 926 1561 in
944 1516 1313 1562 holocaustoma2.
1339 1535 1359 1558 »
1393 1519 1522 1562 Certe
1536 1516 1608 1561 hic
1622 1516 1762 1577 ‘aperit

376 1587 679 1649 quaestionem,
704 1587 759 1632 de
781 1603 867 1648 qua
889 1588 1085 1648 superius
1107 1603 1209 1632 cum
1231 1587 1485 1648 loqueretur
1507 1586 1760 1645 ambigeba-

376 1673 490 1704 mus.
520 1658 625 1704 Ideo
657 1659 820 1718 quippe
843 1657 1016 1703 videtur
1038 1657 1204 1713 dicere,
1239 1677 1259 1700 «
1285 1659 1431 1702 Unum
1462 1672 1541 1716 pro
1562 1667 1758 1716 peccato,

379 1747 402 1771 »
437 1729 624 1774 alterum
646 1729 693 1773 in
714 1727 1066 1784 holocaustoma,
1093 1746 1113 1770 »
1139 1729 1346 1788 quoniam
1378 1742 1468 1772 non
1495 1727 1763 1772 offerebatur

377 1800 637 1845 sacrificium
670 1815 749 1859 pro
789 1808 967 1860 peccato
1008 1799 1089 1843 nisi
1127 1814 1229 1843 cum
1260 1799 1529 1843 holocausto.
1565 1799 1762 1858 Denique

377 1886 477 1916 cum
501 1871 619 1930 prius
636 1885 829 1915 seorsum
850 1869 905 1914 de
928 1869 1190 1914 holocaustis
1207 1869 1476 1929 loqueretur,
1497 1884 1762 1914 commemo-

378 1941 489 1985 ravit
515 1942 779 1995 turture1n3,
805 1949 848 1984 et
873 1955 962 1984 non
983 1939 1090 1983 dixit
1114 1939 1250 1984 duos:
1273 1955 1391 1984 nunc
1412 1955 1515 1985 vero
1534 1939 1632 1983 ideo
1654 1939 1763 1984 duos

376 2010 496 2067 dicit,
522 2011 625 2071 quia
657 2010 914 2055 sacrificium
945 2025 1025 2069 pro
1056 2019 1235 2069 peccato
1266 2010 1357 2053 sine
1390 2009 1762 2054 holocaustomate

377 2096 466 2126 non
483 2081 764 2125 offerebatur.
791 2081 921 2133 Quod
937 2094 1040 2138 ergo
1059 2079 1255 2139 superius
1278 2079 1476 2124 dicebat:
1501 2098 1522 2122 «
1547 2082 1604 2124 Et
1620 2080 1761 2139 impo-

380 2170 401 2194 »
436 2161 511 2196 net
531 2167 659 2211 super
679 2151 1030 2196 holocaustoma⁴
1044 2185 1054 2205 ,
1082 2166 1205 2195 »non
1219 2159 1283 2195 est
1304 2149 1491 2194 dubium
1505 2149 1626 2211 quod
1642 2151 1760 2210 prius

377 2222 721 2277 holocaustoma,
761 2221 918 2267 deinde
968 2220 1079 2265 illud
1125 2221 1566 2281 superimponebatur
1585 2240 1594 2266 ε
1641 2236 1759 2264 nunc

377 2309 480 2339 vero
501 2294 556 2338 de
577 2293 727 2338 avibus
745 2292 868 2336 aliter
889 2291 1015 2346 dicit,
1038 2300 1088 2335 ut
1107 2291 1228 2350 prius
1247 2291 1459 2336 offeratur
1484 2306 1564 2352 pro
1580 2299 1759 2351 peccato

378 2379 466 2408 una
488 2363 597 2419 avis,
618 2362 775 2407 deinde
799 2361 932 2406 altera
955 2361 1002 2406 in
1022 2360 1366 2406 holocaustoma.

427 2467 435 2483 ¹
458 2463 535 2494 Lev.
557 2470 589 2503 ν,
616 2460 679 2493 3-6.
702 2476 743 2482 -
759 2458 872 2492 ²1bid.
899 2468 930 2500 7.
945 2474 986 2481 --
1003 2456 1081 2490 ³1d.
1108 2469 1132 2500 ι,
1158 2456 1209 2500 14.
1226 2456 1356 2491 ——lold.
1377 2467 1421 2500 iv,
1442 2456 1494 2490 35.
