1872 3267
57 277 59 290 <
414 236 681 271 QUAESTIONES
713 236 759 262 IN
791 233 991 273 sumens,
1024 236 1105 262 Lm.
1141 234 1219 263 vn.
1435 224 1518 264 603

58 310 60 314 “
123 309 193 345 tus
207 308 271 344 est
284 335 294 355 ‚
312 301 496 346 tentavit
509 302 552 344 in
568 300 727 345 vellere
744 302 780 355 ¹,
799 299 943 344 nescio
958 309 1106 344 utrum
1122 316 1207 345 non
1229 300 1359 345 suerit
1377 310 1519 345 trans-

0 383 29 420 ’,
56 412 57 425 ἢ
120 385 286 429 gressus
313 382 580 431 praeceptum
598 408 609 427 ,
646 370 768 432 quod
803 371 1012 431 scriptum
1044 381 1106 416 cst
1130 392 1138 416 :
1171 392 1190 414 α
1212 375 1308 417 Non
1332 372 1520 417 tentabis

125 460 142 483 >›
182 442 413 487 Dominum
444 447 584 487 Deum
619 446 800 487 tuum‘2:
825 461 843 482 »
871 452 1174 486 verumtamen
1196 443 1328 486 etiam
1351 443 1396 486 in
1427 444 1519 503 ejus

17 555 27 563 ,
56 507 57 538 ³
119 514 360 558 tentatione
383 515 592 559 Dominus
625 514 745 575 quod
777 515 1072 574 praenuntiare
1094 514 1271 559 volebat
1299 515 1518 572 ostendit3

0 615 6 620 -
118 585 164 628 in
177 585 401 645 compluto
419 586 581 631 scilicet
594 586 753 630 vellere
771 596 813 630 et
828 602 924 630 area
945 597 1031 631 tota
1049 587 1391 647 circumquaque
1409 587 1520 631 sicca

54 662 55 671 ¹
118 656 304 715 figurare
332 658 520 715 primum
558 657 771 717 populum
800 657 956 712 Isra'e'l,
986 659 1062 702 ubi
1094 667 1218 702 erant
1251 658 1389 702 sancti
1418 673 1519 701 cum

54 730 55 771 l
120 728 255 787 gratia
277 728 469 784 coelesti,
504 738 712 790 tanquam
743 729 890 789 pluvia
921 729 1099 789 spiritali
1124 752 1134 787 3
1160 739 1203 774 et
1225 739 1373 790 postea
1397 744 1520 774 com-

119 799 243 860 pluta
285 816 381 844 area
423 801 535 845 sicco
571 801 754 855 vellere,
792 803 977 859 figurare
1012 801 1251 846 Ecclesiam
1286 810 1380 846 toto
1413 801 1520 845 orbe

52 870 54 936 J
119 871 348 927 diffusam,
365 872 599 916 habentem
614 889 702 917 non
726 873 769 916 in
792 873 952 918 vellere
975 882 1186 933 tanquam
1209 874 1254 917 in
1276 872 1517 928 velamine,

52 938 53 948 ¹
119 942 195 987 sed
215 943 261 987 in
283 953 433 1002 aperto
456 943 679 988 coelestem
703 944 883 1004 gratiam
902 980 912 1000 ,
939 944 1015 989 illo
1038 945 1181 1003 priore
1213 943 1378 1004 populo
1395 978 1405 998 ,
1442 959 1519 988 ve-

117 1012 186 1058 lut
203 1014 258 1057 ab
276 1013 470 1074 ejusdem
491 1015 640 1073 gratiae
665 1032 760 1059 rore
783 1015 971 1059 alienato
994 1025 1125 1076 atque
1147 1016 1321 1060 siccato.
1349 1018 1436 1060 Nec
1460 1024 1522 1058 ta-

118 1100 217 1130 men
253 1083 411 1130 frustra
446 1086 561 1130 iuter
593 1087 742 1131 fideles
765 1096 808 1131 et
835 1098 1064 1146 operantes
1082 1088 1317 1148 justitiam,
1342 1096 1521 1146 propter

117 1156 279 1200 bonam
300 1156 563 1217 fidelemque
585 1158 720 1202 vitam
737 1194 747 1212 ‚
773 1158 818 1201 in
838 1175 923 1217 qua
939 1174 1038 1202 eum
1063 1158 1332 1202 credendum
1352 1167 1415 1202 est
1431 1173 1521 1203 esse

118 1226 402 1284 defunctum,
431 1228 516 1273 tale
540 1229 586 1272 in
617 1229 810 1289 Epistola
836 1229 891 1274 ad
911 1230 1117 1274 Hebraeos
1140 1231 1299 1274 meruit
1322 1230 1520 1274 testimo-

118 1314 257 1343 nlum.

176 1372 232 1414 X.
261 1372 417 1415 Utrum
440 1381 587 1415 autem
610 1370 711 1430 quia
734 1378 1021 1429 posteaquam
1046 1369 1212 1414 dictum
1231 1379 1319 1424 est,
1357 1389 1377 1412 «
1411 1373 1521 1415 Fac-

123 1460 140 1482 »
176 1449 246 1484 tus
264 1450 327 1484 est
348 1456 477 1499 super
499 1442 657 1499 Jephte
675 1440 858 1500 Spiritus
876 1440 1074 1494 Domini,
1104 1459 1123 1481 υ
1148 1456 1196 1484 ea
1220 1451 1366 1485 secuta
1385 1451 1516 1496 sunt,

117 1521 168 1556 ut
193 1521 344 1555 votum
370 1510 478 1555 illud
507 1521 705 1562 voveret,
739 1521 870 1571 atque
898 1512 1043 1556 hostes
1074 1513 1293 1566 vinceret,
1326 1523 1368 1557 et
1398 1512 1521 1574 quod

116 1591 294 1628 voverat
316 1581 541 1638 redderet,
570 1582 749 1642 Spiritui
771 1583 940 1627 Domini
957 1584 1100 1627 omnia
1125 1583 1376 1643 deputanda
1402 1585 1488 1629 sint
1505 1620 1517 1640 ‚

118 1665 168 1699 ut
184 1654 365 1714 perinde
388 1655 601 1698 habeatur
633 1663 675 1698 et
697 1655 781 1698 hoc
805 1656 1062 1699 sacrificium
1078 1691 1088 1709 ‚
1115 1665 1325 1715 tanquam
1350 1655 1395 1699 id
1430 1660 1520 1700 Do-

117 1728 262 1770 minus
280 1726 391 1770 sicut
406 1726 594 1770 Abrahae
608 1726 699 1770 fieri
709 1727 883 1786 jusserit
899 1762 909 1778 ‚
934 1743 1020 1770 non
1043 1726 1167 1771 facile
1182 1726 1365 1770 dixerim
1385 1748 1395 1783 3
1416 1743 1519 1771 cum

117 1797 271 1857 utique
293 1796 348 1841 de
371 1796 549 1841 Gedeon
572 1797 813 1856 possithaec
832 1797 977 1841 afferri
997 1797 1245 1841 differentia
1265 1833 1275 1849 ,
1304 1797 1405 1858 quia
1424 1807 1522 1858 post

117 1877 345 1928 peccatum
362 1868 483 1927 quod
508 1868 611 1912 fecit
625 1904 636 1923 ‚
662 1868 840 1929 quando
859 1868 961 1913 fecit
981 1869 1141 1928 prud
1165 1878 1262 1928 post
1279 1869 1400 1929 quod
1421 1870 1522 1913 uni-

116 1954 263 1984 versus
276 1937 466 1997 populus
478 1937 716 1983 fornicatus
731 1949 820 1995 est,
842 1940 963 1984 nulla
983 1950 1046 1984 est
1064 1942 1154 2001 ejus
1179 1950 1519 1985 commemorata

117 2010 374 2070 prosperitas
396 2028 404 2053 :
430 2018 577 2067 postea
605 2025 708 2054 vero
741 2026 874 2070 quam
909 2013 1067 2070 Jepbte
1102 2020 1253 2056 votum
1277 2011 1420 2065 vovit,
1447 2011 1521 2056 illa

118 2090 183 2125 est
212 2079 391 2138 insignis
420 2080 512 2139 ejus
540 2079 721 2124 victoria
743 2091 978 2125 consecuta
1004 2092 1180 2141 propter
1202 2097 1333 2141 quam
1358 2081 1520 2140 adipis-

119 2150 302 2194 cendam
344 2159 522 2194 voverat
546 2185 556 2204 ‚
589 2159 632 2193 et
671 2166 756 2210 qua
800 2150 955 2211 adepta
989 2151 1110 2212 quod
1156 2162 1335 2197 voverat
1371 2151 1514 2196 solvit.

120 2226 286 2267 Rursus
308 2223 425 2266 enim
445 2222 811 2266 considerandum
833 2233 896 2267 est
911 2260 921 2279 ‚
947 2225 1049 2285 quia
1072 2226 1248 2268 Gedeon
1264 2260 1274 2279 ,
1307 2234 1350 2268 et
1372 2225 1405 2268 si
1430 2240 1520 2268 non

120 2302 405 2353 posteaquam
435 2292 536 2337 fecit
558 2293 739 2352 Eplmd,
764 2302 911 2337 tamen
926 2305 1209 2355 posteaquam
1237 2295 1519 2339 tentavitDo-

121 2363 290 2407 minum
308 2398 318 2417 ‚
345 2362 466 2424 quod
496 2363 648 2422 utique
671 2374 897 2423 peccatum
933 2375 1027 2420 est,
1055 2382 1211 2424 magna
1242 2375 1381 2423 strage
1415 2366 1516 2409 hos-

120 2435 236 2478 tibus
254 2433 372 2478 caesis
393 2444 523 2494 atque
546 2435 756 2493 superatis
774 2435 938 2495 populo
961 2436 1188 2496 acquisivit
1209 2435 1409 2480 salutem.
1449 2436 1516 2480 Sic

121 2505 236 2548 enim
259 2505 545 2564 scriptumest
569 2523 577 2548 ;
606 2523 625 2545 t<
642 2507 698 2547 Et
715 2504 823 2550 dixit
844 2504 1023 2551 Gedeon
1046 2505 1100 2550 ad
1124 2507 1359 2551 Dominum
1383 2526 1391 2551 :
1418 2509 1514 2552 Non

170 2596 177 2611 ¹
196 2590 299 2621 Judic.
322 2602 365 2629 vi,
385 2589 437 2632 39.
460 2607 502 2612 --
519 2597 531 2612 ²
550 2592 640 2621 Deut.
659 2600 700 2631 vi,
721 2595 771 2621 16.
