1872 3267
354 302 620 342 QUAESTIONES
651 305 697 332 nv
729 301 941 341 GENESIM‚
977 303 1060 344 ma,
1094 302 1125 329 1.
1354 288 1437 327 199

3 366 23 414 :-'
53 386 204 416 eorum
218 370 605 415 contrectationem
620 404 630 423 ‚
657 370 744 413 sive
766 368 1133 429 qualemcumque
1155 373 1407 410 contactum
1422 399 1434 420 ‚

0 428 22 482 ι’
52 451 263 501 tanquam
285 441 340 485 ab
372 438 647 484 immunditia
675 439 909 498 purificari.
936 441 992 483 Et
1013 439 1114 482 hinc
1138 434 1210 479 illa
1225 435 1440 479 sententia

0 532 2 552 ᾗ
52 512 183 557 ducta
205 521 269 556 est
296 532 304 556 :
334 531 354 553 «
379 511 463 565 Qui
487 511 731 570 baptizatur
752 525 775 553 a
802 519 998 565 mortuo,
1031 517 1075 552 et
1104 507 1265 551 iterum
1298 506 1438 564 tangit

54 601 77 626 ³)
111 582 237 626 illurn
251 618 262 637 ‚
283 582 391 642 quid
415 582 587 642 proficit
612 581 770 626 lavatio
792 582 914 641 ejus?
939 582 1006 626 Sic
1028 589 1071 624 et
1092 579 1165 640 qui
1185 579 1354 638 jejunat
1370 593 1439 622 su-

54 672 75 696 »
109 669 187 712 per
199 663 373 712 peccata
386 669 477 707 sua,
494 653 708 696 etiterum
731 651 960 696 ambulans
974 652 1069 695 haec
1086 648 1238 693 eadem
1256 647 1434 693 facist.»

54 723 285 783 Sepultura
311 739 414 783 ergo
439 732 715 767 mortuorum
744 722 1038 766 remissionem
1053 720 1265 779 significat
1280 734 1437 780 pecca-

50 803 220 847 torum,
262 810 313 839 eo
346 794 568 854 pertinens
598 794 719 854 quod
759 793 925 838 dictum
957 802 1020 837 est
1047 811 1093 837 z«
1107 792 1227 836 Beati
1247 806 1437 852 quorum

52 883 74 908 »
108 866 294 910 remissae
325 875 427 910 sunt
455 865 705 926 iniquitates
723 901 733 920 ‚
774 874 818 909 et
853 879 1044 926 quorum
1076 872 1189 907 tecta
1210 872 1313 907 sunt
1333 877 1438 922 pec-

51 953 74 978 »
108 940 244 981 cata'2.
285 954 305 977 »
343 936 428 981 Ubi
456 952 559 994 ergo
595 935 842 996 sepelienda
877 944 1000 979 erant
1036 935 1121 979 hoc
1149 933 1436 992 significantia

48 1006 256 1052 cadavera
279 1007 626 1051 Patriareharum
644 1043 655 1062 ⁷
692 1007 773 1051 nisi
804 1007 849 1050 in
884 1022 932 1050 ea
955 1015 1068 1050 terra
1089 1005 1168 1049 ubi
1188 1003 1260 1048 ille
1292 1005 1437 1049 cruci-

48 1078 156 1122 fixus
184 1087 246 1122 est
264 1114 275 1133 ,
301 1079 424 1138 cujus
451 1079 662 1137 sanguine
689 1077 804 1123 sacta
827 1086 889 1120 est
912 1076 1104 1120 remissio
1130 1076 1437 1134 peccatorum?

48 1148 262 1193 Mortibus
285 1149 402 1193 enim
426 1149 775 1193 Patriarcharum
797 1156 969 1207 peccata
996 1146 1227 1190 hominum
1251 1145 1436 1205 figurata

47 1228 162 1264 sunt.
189 1220 356 1264 Dicitur
377 1229 523 1263 autem
541 1219 597 1263 ab
615 1235 666 1263 eo
684 1218 782 1263 loco
798 1253 808 1273 ‚
829 1217 950 1278 quod
971 1217 1288 1261 Abrahamium
1304 1231 1437 1261 voca-

47 1298 134 1344 tur,
158 1290 236 1333 ubi
257 1299 357 1334 sunt
374 1291 454 1334 ista
472 1305 652 1349 corpora
666 1325 677 1344 ‚
699 1290 846 1333 abesse
863 1288 1010 1333 locum
1025 1288 1103 1332 ubi
1121 1287 1351 1332 crucifixus
1372 1297 1436 1332 est

47 1361 255 1405 Dominus
290 1360 380 1404 fere
409 1361 587 1419 triginta
619 1360 834 1416 millibus,
871 1370 921 1405 ut
949 1361 1077 1404 etiam
1102 1360 1192 1420 ipse
1227 1375 1435 1404 numerus

12 1466 15 1491 ἶ
45 1445 145 1475 eum
164 1431 404 1490 significare
426 1430 709 1490 intelligatur,
736 1432 812 1491 qui
834 1431 879 1474 in
897 1431 1111 1490 baptismo
1127 1430 1327 1490 apparuit
1344 1428 1434 1474 fere

46 1501 222 1560 triginta
256 1517 471 1545 annorum
504 1521 512 1545 ;
543 1510 586 1544 et
607 1501 640 1544 si
661 1501 770 1561 quid
791 1501 910 1544 aliud
932 1500 986 1544 de
1014 1516 1060 1544 re
1087 1509 1232 1556 tanta,
1256 1499 1327 1545 vel
1348 1500 1433 1544 hoc

43 1571 177 1616 modo
194 1571 264 1615 vel
286 1571 515 1615 sublimius
530 1571 714 1630 intelligi
737 1581 895 1631 potest,
920 1571 1027 1615 dum
1051 1581 1197 1615 tamen
1219 1586 1309 1615 non
1323 1569 1434 1615 frus-

45 1651 109 1687 tra
127 1641 392 1685 arbitremur
408 1642 514 1686 tales
532 1657 580 1686 ac
598 1651 740 1686 tantos
759 1642 955 1686 homines
973 1642 1050 1686 Dei
1074 1651 1239 1686 tantam
1262 1642 1436 1700 gessisse

43 1728 193 1757 curam
211 1728 290 1771 pro
311 1711 568 1772 sepeliendis
589 1713 846 1772 corporibus
867 1713 969 1769 suis,
995 1729 1096 1757 cum
1119 1713 1173 1757 sit
1193 1722 1324 1773 atque
1344 1728 1433 1757 esse

44 1783 202 1827 debeat
224 1782 421 1826 fidelium
443 1783 525 1827 ista
557 1784 762 1828 securitas
778 1819 788 1839 ,
814 1783 936 1843 quod
957 1783 1228 1844 ubicumque
1249 1799 1431 1844 corpora

10 1845 11 1858 ἶ
45 1869 195 1898 eorum
223 1853 513 1913 sepeliantur‚
546 1854 616 1899 vel
648 1855 863 1915 insepulta
894 1857 1025 1899 etiam
1046 1872 1123 1915 per
1156 1857 1432 1901 inimicorum

9 1944 11 1990 3
45 1925 205 1968 rabiem
223 1925 510 1986 relinquatur,
537 1935 613 1971 aut
632 1942 712 1986 pro
729 1942 881 1971 eorum
897 1926 1079 1971 libidine
1102 1927 1335 1971 dilacerata
1353 1927 1432 1971 ab-

44 2005 291 2051 sumantur,
317 2012 402 2041 non
433 1996 531 2041 ideo
552 1996 622 2041 vel
644 1997 787 2042 minus
820 1999 1055 2055 integram,
1080 1998 1149 2043 vel
1172 1999 1315 2043 minus
1334 1998 1430 2058 glo-

44 2067 198 2112 riosam
212 2082 364 2112 eorum
381 2068 743 2112 resurrectionem
764 2067 977 2113 futuram.

526 2165 763 2215 QUAESTIO
795 2166 944 2207 CLXII.

101 2269 225 2320 Quoi>
245 2268 411 2312 habent
433 2267 557 2312 latini
580 2267 748 2313 codices
771 2287 779 2313 :
809 2288 830 2311 «
858 2272 914 2313 Et
936 2268 1131 2314 adoravit
1147 2285 1276 2330 super
1297 2280 1429 2331 caput

47 2355 67 2378 »
99 2337 232 2396 virgae
255 2340 375 2398 ejus3
407 2358 414 2382 :
445 2357 464 2379 »
497 2338 700 2382 nonnulli
731 2339 901 2384 codices
930 2340 1200 2385 emendatius
1229 2341 1424 2386 habeut:

48 2427 68 2449 «
101 2407 309 2453 Adoravit
328 2425 457 2468 super
476 2418 609 2469 caput
629 2410 762 2468 virgae
779 2426 889 2465 suae,
924 2430 942 2451 »
968 2410 1053 2466 vel,
1074 2430 1094 2453 «
1112 2415 1164 2456 In
1186 2413 1326 2472 capite
1338 2413 1428 2456 vir-

47 2495 68 2518 »
102 2492 165 2535 gae
186 2494 296 2534 suae,
319 2497 339 2519 η
365 2480 453 2523 sive
479 2498 499 2521 «
519 2481 564 2523 in
586 2481 809 2524 cacumine
823 2516 834 2536 ‚
850 2480 950 2526 »vel
972 2501 991 2524 «
1015 2497 1144 2542 super
1165 2498 1428 2528 cacumen.»

44 2548 174 2593 Fallit
209 2565 280 2594 eos
313 2551 428 2594 enim
461 2551 646 2595 verbum
681 2568 902 2611 graecum,
941 2553 1062 2613 quod
1089 2554 1254 2598 eisdem
1281 2554 1435 2600 litteris

92 2650 100 2665 ¹
120 2644 218 2676 Eccli.
239 2656 348 2685 xxxiv,
370 2645 424 2686 30,
443 2646 495 2677 31.
516 2663 557 2668 —-
577 2653 590 2668 ²
612 2646 690 2678 psal.
712 2658 798 2688 xxxi,
822 2659 851 2679 1.
871 2666 912 2671 —
933 2647 946 2670 3
968 2651 1047 2681 Gen.
1069 2661 1167 2690 xnvn,
1187 2649 1240 2682 31.
