1872 3267
423 228 688 263 QUAESTIONES
722 230 765 255 m
798 230 990 266 JUmCEs,
1029 231 1109 255 mn.
1148 231 1224 256 vii.
1439 221 1522 258 597

137 291 211 336 sed
234 307 332 336 vere
354 292 650 348 haereditavit,
688 313 707 335 «
738 297 773 337 Λ
799 294 908 338 facie
929 304 1066 339 vestra
1086 330 1096 350 ,
1130 314 1149 335 »
1183 295 1387 355 quoniam
1424 297 1523 341 abs-

140 363 238 407 tulit
254 363 370 422 ipsis,
396 372 439 408 et
461 364 526 408 his
548 363 693 408 dedit:
725 384 744 406 «
770 367 889 420 Haec,
915 366 1079 426 iuquit,
1105 365 1476 412 haereditabimus.
1499 387 1519 409 η

629 461 865 512 QUAEsrlo
896 465 1032 504 XLIX.

195 568 230 609 Ι.
252 568 316 609 DE
339 564 427 609 filia
449 565 606 625 Jephte
629 565 748 626 quod
767 582 861 612 eam
878 576 1001 627 pater
1022 568 1067 610 in
1089 566 1417 612 holocaustoma
1439 568 1522 613 ob-

137 636 236 680 tulit
256 639 345 680 Deo
364 638 372 661 ¹
392 657 402 694 3
429 636 635 697 quoniam
655 637 698 680 in
720 636 837 681 bello
859 648 1058 692 voverat,
1085 636 1118 681 si
1136 637 1325 693 vicisset,
1355 653 1456 682 eum
1478 655 1522 683 sc

134 706 460 751 holocaustoma
482 705 733 751 oblaturum
750 743 760 763 ,
782 708 858 768 qui
879 707 959 751 sibi
977 708 1031 752 de
1053 707 1184 752 domo
1207 708 1352 752 exiens
1369 724 1524 753 occur-

134 778 277 836 risset,
304 777 424 838 quod
444 794 545 822 cum
568 779 779 834 vovisset,
805 779 932 835 vicit,
964 787 1006 823 ct
1029 788 1283 824 occurrente
1305 780 1387 824 sihi
1408 779 1520 835 filia,

134 848 256 910 quod
277 858 454 894 voverat
475 849 689 907 reddidit,
709 849 818 893 solet
839 865 927 894 esse
954 866 1112 909 magna
1134 860 1177 894 et
1199 849 1255 895 ad
1277 850 1524 911 dijudican-

135 919 242 964 dum
263 919 518 965 difficillima
545 921 753 980 quaestio,
779 919 1043 981 quibusdam
1065 920 1174 982 quid
1205 921 1285 965 sibi
1311 922 1394 966 hoc
1418 921 1524 967 velit

133 1006 257 1035 nosse
269 991 546 1051 cupientibus
558 1002 601 1037 et
614 993 683 1052 pie
697 991 994 1052 quaerentibus
1013 1013 1024 1049 3
1043 991 1309 1052 quibusdam
1330 1007 1432 1037 vero
1445 993 1523 1053 qui

134 1062 366 1121 Scripturis
390 1063 455 1107 his
478 1063 633 1107 sanctis
649 1063 849 1122 imperita
872 1062 1094 1122 impietate
1117 1061 1416 1119 adversantur,
1437 1064 1523 1109 hoe

131 1132 314 1176 maxime
331 1133 376 1176 in
393 1133 557 1177 crimen
577 1133 846 1188 vocantibus,
865 1131 985 1193 quod
1003 1132 1127 1190 Legis
1145 1141 1188 1176 et
1205 1134 1523 1193 Prophetarum

131 1206 246 1248 Deus
268 1204 399 1247 ctiam
421 1203 623 1248 humanis
644 1203 858 1248 sacrificiis
890 1201 1022 1247 fuerit
1043 1202 1297 1248 delectatus.
1324 1207 1524 1257 Quorum

132 1274 359 1320 calumniis
389 1276 448 1320 sic
482 1275 681 1335 primitus
710 1274 1045 1334 respondemus,
1069 1283 1120 1318 ut
1151 1277 1291 1318 Deum
1325 1276 1451 1334 Legis
1481 1286 1525 1321 et

131 1347 466 1406 Prophetarum,
486 1355 617 1405 atque
635 1354 684 1389 ut
706 1345 946 1404 expressius
964 1344 1122 1399 dicam,
1140 1347 1280 1388 Deum
1304 1346 1524 1391 Abraham

131 1427 174 1462 ct
194 1421 334 1461 Deum
362 1421 480 1461 Isaac
501 1426 543 1460 et
566 1420 705 1460 Deum
728 1416 864 1460 Jacob
892 1432 971 1460 nec
994 1415 1068 1460 illa
1095 1416 1301 1460 sacrificia
1329 1417 1523 1462 delecta-

129 1489 293 1543 verint,
320 1488 397 1532 ubi
424 1503 634 1547 pecorum
661 1486 914 1531 holocausta
944 1487 1271 1545 offerebantur,
1303 1487 1378 1532 sed
1401 1490 1524 1549 quod

131 1559 414 1619 significativa
444 1558 609 1602 fuerint
637 1568 680 1602 et
711 1557 915 1619 quaedam
949 1558 1117 1601 umbrae
1150 1558 1425 1614 futurorum,
1456 1575 1522 1604 res

129 1632 240 1690 ipsas
274 1630 398 1674 nobis
429 1645 528 1690 quse
557 1629 622 1672 his
646 1629 860 1673 sacrificiis
886 1629 1266 1687 significabantur,
1296 1645 1521 1673 commen-

129 1701 233 1745 dare
268 1700 451 1744 voluisse
474 1719 481 1743 :
508 1699 636 1743 fuisse
665 1708 810 1742 autem
842 1699 971 1742 ctiam
1004 1698 1130 1742 istam
1160 1698 1312 1743 utilem
1347 1715 1518 1744 causam

130 1789 207 1816 cur
230 1771 303 1815 illa
321 1780 618 1825 mutarentur,
645 1785 724 1813 nec
743 1769 874 1814 modo
890 1769 1173 1829 juberentur,
1198 1769 1287 1813 imo
1310 1770 1520 1829 prohibe-

130 1852 281 1887 rentur
303 1843 466 1895 oss‘erri,
488 1858 543 1886 ne
566 1857 664 1885 vere
686 1841 929 1885 secundum
951 1840 1169 1884 carnalem
1189 1841 1397 1886 affectum
1418 1841 1519 1886 tali-

129 1915 210 1958 bus
230 1916 366 1956 Deum
389 1912 594 1956 delectari
611 1921 878 1971 putaremus.

189 1988 247 2029 ΙΙ.
276 1983 360 2029 Sed
383 1993 531 2027 utrum
554 1983 683 2027 etiam
708 1983 910 2027 humanis
942 1982 1157 2027 sacrificiis
1190 1983 1420 2042 significari
1448 1983 1520 2028 fu-

130 2066 228 2100 tura
251 2055 671 2116 oportucrit,merito
686 2054 897 2114 quaeritur
915 2074 922 2099 :
944 2070 1034 2099 non
1057 2052 1178 2114 quod
1200 2063 1359 2098 mortes
1376 2055 1521 2099 homi-

131 2143 240 2171 num
269 2126 537 2186 quandoque
565 2125 876 2169 moriturorum
896 2125 942 2169 in
964 2125 1044 2169 hac
1071 2140 1198 2169 causa
1221 2125 1520 2170 exhorrescere

131 2208 175 2243 et
196 2196 431 2242 formidare
454 2196 733 2250 deberemus,
751 2198 784 2240 si
806 2195 867 2240 illi
885 2195 961 2256 qui
984 2196 1078 2239 haec
1101 2195 1155 2240 de
1173 2211 1216 2239 se
1234 2196 1325 2239 fieri
1346 2206 1522 2255 gratan-

135 2279 197 2313 ter
219 2269 485 2328 acciperent,
506 2267 550 2310 in
574 2276 779 2311 aeternam
812 2266 1207 2311 remunerationem
1236 2267 1520 2313 commenda-

132 2349 283 2383 rentur
299 2342 389 2383 Deo
408 2358 416 2382 z
444 2337 519 2382 sed
536 2338 570 2381 si
590 2338 674 2381 hoc
696 2352 850 2382 verum
872 2347 996 2393 esset,
1027 2338 1110 2381 hoc
1133 2352 1268 2396 genus
1290 2337 1522 2382 sacrificio-

133 2425 230 2453 rum
274 2412 363 2453 Deo
402 2424 493 2453 non
526 2406 772 2466 displiceret
799 2427 808 2451 :
845 2406 1070 2466 displicere
1108 2416 1254 2451 autem
1292 2410 1381 2451 Deo
1420 2407 1520 2452 satis

134 2478 358 2524 evidenter
401 2478 554 2523 eadem
592 2478 807 2537 Scriptura
852 2486 1047 2521 testatur.
1086 2479 1195 2522 Nam
1236 2493 1336 2521 cum
1376 2477 1520 2522 omnia

183 2584 189 2599 ¹
213 2577 315 2608 Jiulic.
336 2587 384 2614 xi,
401 2575 454 2617 39.
