1872 3267
372 284 638 322 QuAESTmNES
673 287 713 312 m·
748 283 966 321 οωεὸιλῐ,
1005 288 1084 312 riu.
1125 287 1151 311 ι.
1368 276 1449 313 205

2 402 3 414 ἶ
68 349 254 410 probent
273 351 395 395 nobis
418 351 499 395 hoc
525 351 731 410 scriptum
752 367 841 394 cssc
862 350 983 411 quod
1012 351 1378 410 interpretantur3
1410 361 1453 395 et

2 443 5 486 ³,
66 421 347 480 Septuaginta
367 421 653 482 interpretum
675 421 922 477 auctoritas,
939 438 1038 483 quae
1053 430 1175 466 tanto
1196 423 1324 466 etiam
1342 422 1453 466 divi-

65 490 179 535 nitus
199 490 315 536 facto
338 491 548 537 miraculo
571 492 924 550 commendatur,
940 501 1060 537 tanta
1083 493 1129 537 in
1148 492 1348 538 Ecclesiis
1376 509 1453 538 vc-

4 587 6 609 !
66 570 224 608 tustate
246 563 457 607 firmetur.

555 663 792 710 QUAEs'rto
825 664 972 702 chx.

123 766 249 817 Quon
262 763 486 807 mandavit
501 763 662 823 ,loseph
681 762 734 808 ad
758 772 956 824 potentes
972 764 1170 823 AEgypti,
1185 772 1235 807 ut
1257 762 1456 810 dicerent

66 834 281 879 Pharaoni
296 834 472 879 nomine
488 834 579 894 ejus
598 853 606 878 2
627 853 646 876 «
664 837 790 878 Pater
804 850 927 879 meus
945 833 1160 896 adjuravit
1178 849 1264 890 me,
1282 833 1427 878 dicens
1445 853 1453 878 ;

70 923 90 946 n
117 908 167 949 In
189 915 476 950 monumento
506 904 627 965 quod
656 921 737 964 ego
767 904 856 950 fodi
881 905 987 949 mihi
1009 904 1055 948 in
1076 914 1189 949 terra
1219 905 1426 950 Chanaan
1442 940 1454 960 ,

72 995 90 1017 »
110 975 171 1020 ibi
200 992 269 1020 me
292 975 517 1036 sepelie51,
542 995 560 1017 »
589 977 726 1036 quaeri
749 986 913 1036 potest,
939 975 1162 1037 quomodo
1193 992 1345 1021 verum
1378 976 1454 1030 sit,

68 1062 167 1092 cum
204 1047 298 1092 haec
335 1047 467 1091 verba
504 1047 637 1107 patris
666 1048 783 1108 ejus,
820 1046 999 1108 quando
1032 1046 1086 1090 de
1122 1062 1198 1090 sua
1235 1045 1459 1106 sepultura

68 1118 314 1174 mandavit,
337 1135 426 1163 non
447 1118 661 1177 legantur.
691 1118 775 1163 Sed
797 1118 851 1162 ad
869 1118 1127 1162 sententiam
1142 1118 1276 1163 verba
1297 1117 1458 1162 referre

69 1188 303 1244 debemus,
330 1190 439 1234 sicut
467 1190 509 1232 in
542 1189 632 1233 aliis
659 1204 786 1248 supra
811 1188 1004 1232 similiter
1030 1189 1191 1233 iteratis
1224 1189 1366 1233 verbis
1389 1188 1461 1233 vel

70 1260 389 1305 narrationibus
413 1260 734 1304 admonuimus.
761 1259 989 1304 Voluntati
1012 1260 1127 1304 enim
1151 1259 1455 1315 enuntiandae,

69 1339 111 1374 et
138 1331 180 1374 in
198 1331 396 1375 notitiam
420 1329 714 1390 perferendae,
741 1340 909 1390 oportet
930 1331 1061 1375 verba
1082 1331 1254 1376 servire.
1284 1330 1460 1375 Fodisse

70 1410 212 1445 autem
237 1401 318 1445 sibi
345 1401 479 1445 Jacob
497 1401 744 1460 sepulcrum
760 1437 771 1457 ‚
789 1418 1004 1462 nusquam
1030 1402 1226 1461 superius
1257 1402 1301 1445 in
1323 1402 1461 1462 Serip-

71 1471 174 1515 turis
196 1470 371 1530 legitur.
400 1471 484 1515 Sed
516 1471 597 1515 nisi
619 1472 767 1526 fieret,
794 1487 893 1516 cum
920 1471 965 1515 in
988 1471 1148 1516 eisdem
1181 1473 1301 1516 terris
1326 1481 1457 1527 esset,

71 1540 202 1586 modo
225 1557 315 1586 non
336 1541 568 1585 diceretur.

541 1652 778 1700 Qtiizsrio
811 1653 976 1692 erm.

131 1758 252 1808 Qtrm
291 1754 370 1798 sibi
409 1753 524 1809 vult⁷
550 1753 670 1814 quod
708 1770 806 1798 cum
831 1764 1061 1813 pergerent
1088 1754 1143 1799 ad
1165 1753 1460 1814 sepeliendum

22 1862 23 1865 ,
73 1825 209 1869 Jacob
225 1860 235 1879 ‚
265 1824 484 1883 Scriptura
507 1824 634 1879 dicit,
665 1844 684 1865 «
710 1828 765 1868 Et
787 1825 1059 1869 advenerunt
1081 1825 1135 1869 ad
1159 1841 1301 1869 aream
1320 1825 1433 1870 Atad
1449 1860 1460 1880 ‚

76 1915 96 1937 »
117 1912 216 1957 quae
238 1905 302 1940 est
324 1903 441 1939 trans
463 1895 752 1939 Jordanem2?
772 1914 790 1936 υ
813 1896 1106 1954 Praetergressi
1131 1906 1232 1940 sunt
1257 1897 1372 1940 enim
1395 1896 1463 1940 lo-

24 1981 26 2028 }
74 1983 197 2022 cum,
223 1967 269 2010 in
290 1982 379 2027 quo
400 1976 492 2011 erat
514 1975 711 2010 mortuus
730 1965 1025 2026 sepeliendus7
1046 1966 1178 2010 millia
1194 1969 1210 2024 (
1229 1967 1339 2011 sicut
1361 1983 1462 2027 per-

24 2030 27 2065 3
75 2037 229 2082 hibent
261 2037 337 2098 qui
371 2047 590 2082 noverunt
611 2039 627 2096 )
652 2036 884 2097 plusquam.
913 2038 1231 2098 quinquaginta
1259 2058 1266 2082 :
1294 2048 1465 2082 tantum

77 2108 238 2168 quippe
260 2108 386 2168 spatii
409 2116 494 2163 est,
519 2107 617 2167 plus
643 2108 807 2163 minus,
834 2107 889 2151 ab
912 2124 962 2152 eo
979 2107 1076 2152 loco
1092 2108 1167 2152 ubi
1185 2108 1344 2168 sepulti
1365 2118 1467 2152 sunt

79 2179 361 2234 Patriarchae,
388 2179 432 2223 in
461 2178 621 2239 quibus
652 2188 695 2221 et
718 2179 853 2222 Jacob
871 2215 880 2233 ‚
908 2179 1119 2239 usquead
1142 2180 1259 2223 hunc
1291 2180 1462 2234 locum,

78 2266 165 2310 quo
187 2266 259 2295 eos
286 2250 509 2295 advenisse
538 2259 752 2293 narratur.
784 2252 893 2294 Nam
914 2260 1011 2310 post
1032 2249 1197 2294 factum
1220 2250 1281 2294 ibi
1298 2250 1466 2294 luctum

79 2329 121 2365 et
143 2320 366 2380 planctum
388 2335 593 2378 magnum
628 2319 852 2365 redierunt
875 2321 943 2364 ad·
964 2320 1108 2365 locum
1144 2337 1275 2382 quem
1308 2331 1466 2381 praete-

30 2437 33 2446 ,
81 2390 259 2447 nerant,
287 2407 434 2436 rursus
460 2390 651 2435 Jordane
678 2393 924 2452 transjecto.
958 2392 1047 2437 Nisi
1075 2391 1187 2436 forte
1209 2393 1305 2452 quis
1328 2392 1464 2447 dicat,

82 2460 325 2523 aliquorum
360 2462 552 2507 hostium
586 2461 866 2507 vitandorum
897 2479 1024 2509 causa
1055 2479 1132 2522 per
1167 2479 1358 2507 eremum
1396 2478 1468 2507 cos

32 2565 35 2596 ³.
84 2532 247 2578 venisse
265 2548 366 2578 cum
386 2549 566 2592 corpore
581 2568 592 2588 ⁷
612 2549 700 2593 qua
713 2533 842 2578 etiam
865 2532 1055 2594 populus
1077 2532 1207 2578 lsrael
1223 2532 1381 2578 ductus
1405 2542 1469 2578 est

129 2635 136 2652 ¹
165 2632 242 2663 Gen.
265 2641 295 2671 L,
322 2629 354 2663 5.
374 2647 415 2654 —
439 2630 547 2663 2112id.
576 2641 627 2664 ιο.
