1872 3267
381 192 435 230 32
816 198 849 226 S·
885 198 1116 227 AUGUSTINI.
1148 199 1328 227 El’lscom

438 266 595 311 CCIII.
625 282 644 304 «
681 262 930 323 Loquimini
952 263 997 308 in
1015 278 1138 308 aures
1153 263 1386 309 Pharaonis
1406 265 1416 289 ¹
1442 281 1451 307 :
1472 279 1493 304 »
1515 262 1679 307 locutio
1697 271 1762 307 est

380 335 535 380 usitata
557 334 602 377 in
626 332 870 393 Scripturis.
1813 390 1815 398 .

438 406 589 450 CCIV.
620 422 638 443 «
659 406 716 448 Et
732 402 839 447 dixit
861 402 1026 448 Pharao
1044 403 1097 447 ad
1114 406 1139 447 J
1143 404 1274 463 oseph
1293 422 1302 447 z
1323 401 1544 448 Descende
1566 410 1609 447 et
1629 401 1762 462 sepeli

385 496 402 517 »
438 483 605 534 patrem
632 483 758 518 tuum
789 476 805 499 ²
831 489 843 516 .·
866 490 886 513 »
914 473 1042 517 etiam
1064 473 1097 517 si
1118 489 1196 533 per
1216 482 1413 533 potentes
1435 472 1530 518 illos
1552 488 1630 533 per
1653 488 1761 534 quos
1813 471 1815 480 '

381 545 543 605 Joseph
565 543 862 597 mandaverat,
889 543 1054 588 Pharao
1072 543 1180 588 dixit
1201 542 1321 604 quod
1341 542 1583 604 perferrent
1607 543 1661 587 ad
1683 546 1761 587 ,Ιο-
1814 590 1816 613 3

381 616 503 675 seph,
526 631 615 659 non
637 614 791 674 utique
815 612 923 657 dixit
943 612 1022 656 nisi
1042 613 1122 673 ipsi
1145 615 1321 674 Joseph.
1349 614 1474 658 Unde
1499 612 1612 658 illud
1633 623 1696 657 est
1716 613 1764 659 in

382 683 642 744 Evangelio,
668 682 786 745 quod
806 699 918 727 unus
940 683 1315 742 Evangelistarum
1333 684 1437 729 dicit
1462 685 1764 729 centurionem

381 756 551 802 venisse
582 754 637 800 ad
666 754 900 800 Dominum
933 762 978 797 et
998 753 1150 798 dixisse
1178 754 1241 799 illi
1267 775 1275 799 ι
1313 774 1333 797 «
1357 758 1471 799 Puer
1497 770 1620 798 meus
1648 756 1765 815 jacet
1814 746 1816 792 ἕ

386 845 407 867 »
442 827 487 870 in
509 827 640 871 domo
659 824 921 884 paralyticus
938 825 953 850 ³
983 843 992 868 ε
1025 841 1045 864 >)
1067 825 1173 868 alius
1191 835 1337 869 autem
1353 834 1494 870 totum
1519 824 1766 883 diligentius

384 913 578 952 narrans,
600 897 759 941 amicos
781 911 880 939 eum
899 894 954 939 ad
975 895 1208 940 Dominum
1221 897 1380 941 misisse
1395 898 1733 941 commemorat4
1750 931 1763 952 ,

384 968 460 1029 qui
486 968 570 1012 hoc
593 967 631 1011 ei
659 965 882 1011 dicerent:
910 966 956 1009 in
976 965 1134 1026 quibus
1154 967 1299 1011 amicis
1325 968 1478 1027 utique
1505 966 1596 1026 ipse
1622 966 1764 1022 venit,
1815 962 1817 1027 ξ

384 1039 507 1099 cujus
528 1039 574 1082 in
598 1037 657 1082 eis
678 1036 879 1082 voluntas
904 1052 1089 1096 praesens
1111 1036 1196 1081 fuit
1227 1055 1236 1081 2
1266 1036 1383 1081 unde
1419 1046 1510 1094 est3
1537 1056 1557 1079 «
1583 1037 1669 1091 Qui
1691 1052 1768 1081 vos

387 1127 408 1150 »
445 1109 613 1169 recipit,
642 1124 711 1153 me
737 1108 910 1167 recipit,
935 1116 978 1151 et
999 1106 1076 1167 qui
1103 1122 1172 1151 me
1196 1106 1367 1167 recipit,
1394 1107 1546 1167 recipit
1567 1123 1668 1152 eum
1691 1106 1768 1168 qui
1816 1133 1817 1155 ι

388 1197 409 1220 »
444 1195 513 1224 me
529 1178 645 1224 misit
668 1180 697 1221 ⁵.
727 1196 747 1219 »
1816 1226 1818 1242 μ

445 1251 572 1295 CCV.
609 1267 626 1289 «
662 1247 928 1293 Planxerunt
960 1262 1061 1291 eum
1098 1246 1321 1307 planctum
1363 1262 1569 1305 magnum
1612 1256 1655 1292 et
1694 1262 1771 1293 va-
1816 1247 1818 1301 f

389 1340 409 1362 ³)
444 1320 614 1365 lidum⁶
656 1338 665 1364 :
700 1338 719 1361 ))
760 1318 1021 1379 planxerunt
1055 1316 1280 1378 planctum
1307 1354 1317 1373 ,
1366 1334 1456 1363 non
1506 1318 1771 1379 planxerunt

384 1391 588 1452 planctu,
612 1390 774 1435 locutio
798 1399 861 1433 est
881 1389 926 1433 in
943 1389 1076 1433 latina
1098 1389 1247 1448 lingua
1270 1406 1360 1434 non
1379 1390 1543 1448 ignota,
1569 1390 1681 1434 sicut
1700 1389 1771 1434 di-

387 1462 501 1507 citur
526 1482 534 1507 z
559 1461 818 1507 Servitutem
835 1459 1023 1515 servivit,
1048 1460 1246 1505 militiam
1269 1461 1468 1506 militavit
1492 1470 1552 1515 ,et
1569 1461 1737 1505 similia.

445 1534 596 1577 CCVI.
627 1551 647 1573 «
681 1534 739 1575 Et
760 1530 1003 1574 redditione
1027 1529 1180 1574 reddet
1196 1531 1321 1596 nobis
1344 1531 1488 1575 omnia
1509 1530 1621 1574 mala
1637 1567 1647 1586 ,
1671 1547 1772 1592 quae
1817 1528 1819 1587 J

389 1623 410 1646 »
447 1602 714 1649 ostendimus
736 1603 820 1646 ei⁷.
850 1620 869 1642 »
895 1605 959 1646 Ex
981 1601 1061 1645 hac
1082 1595 1303 1646 locutione
1335 1602 1395 1646 ait
1428 1611 1471 1647 et
1501 1602 1732 1662 Apostolus
1758 1622 1768 1648 :

390 1694 411 1717 «
446 1671 689 1719 Alexander
725 1671 900 1716 aerarius
937 1671 1076 1715 multa
1113 1670 1225 1715 mala
1257 1672 1365 1716 mihi
1397 1673 1585 1717 ostendit
1606 1674 1658 1724 8;
1696 1675 1773 1718 Os·

390 1764 410 1787 »
446 1744 589 1789 dimus
614 1762 634 1784 »
660 1743 776 1787 enim
800 1742 965 1787 dictum
984 1750 1062 1796 est,
1080 1741 1150 1787 vel
1173 1742 1374 1798 ostendit,
1395 1759 1474 1804 pro
1495 1759 1546 1789 eo
1568 1743 1689 1805 quod
1710 1753 1774 1789 est
1817 1741 1819 1771 ⁵

387 1815 585 1869 fecimus,
608 1812 678 1858 vel
700 1811 817 1856 feeit.
1848 1870 1849 1875 Ἰ

446 1886 620 1930 CCVII.
644 1882 833 1941 «Accipe
849 1881 1120 1941 iniquitatem
1139 1896 1361 1926 servorum
1379 1883 1455 1928 Dei
1468 1883 1598 1942 patris
1614 1883 1702 1928 tui⁹
1722 1903 1731 1929 ι
1748 1902 1769 1926 »
1818 1871 1819 1910 3

388 1971 499 2000 nova
527 1952 690 1997 locutio
713 1961 777 1995 est
803 1970 812 1995 ι
842 1970 860 1992 «
896 1951 1054 2010 Accipe
1078 1950 1378 2010 iniquitatem,
1407 1971 1427 1994 »
1458 1969 1537 2013 pro
1570 1954 1767 2012 ignosce,
1818 1955 1819 1961 ’

389 2034 464 2070 aut
500 2023 686 2077 remitte,
722 2030 798 2065 aut
819 2020 1072 2065 obliviscere
1106 2040 1114 2065 :
1139 2020 1214 2064 sed
1239 2031 1347 2081 puto
1373 2021 1475 2067 inde
1496 2039 1583 2068 esse
1605 2023 1772 2069 dictum
1818 2013 1820 2038 ⁵

394 2115 414 2137 «
449 2093 635 2153 Accipe,
670 2110 690 2133 »
713 2107 760 2135 ac
783 2091 817 2135 si
838 2089 1070 2144 diceretur,
1107 2109 1125 2131 «
1150 2093 1296 2151 AEquo
1323 2091 1468 2138 animo
1491 2093 1658 2153 accipe,
1688 2094 1772 2140 hoc
1818 2138 1820 2148 ἱ

392 2186 413 2207 »
448 2174 511 2209 est
527 2200 537 2219 ,
563 2163 652 2207 noli
675 2162 852 2220 indigne
876 2160 1001 2205 ferre.
1031 2180 1048 2201 n

448 2237 645 2281 CCVIII.
673 2253 692 2275 «
719 2235 776 2276 Et
792 2231 1015 2276 venientes
1032 2231 1205 2275 adeum
1223 2231 1469 2276 dixerunt¹⁰
1495 2253 1503 2279 :
1535 2252 1555 2275 υ
1583 2250 1671 2279 non
1688 2235 1773 2280 ite-

390 2322 487 2351 rum
511 2312 750 2358 venerunt,
778 2302 850 2346 sed
874 2300 994 2362 quod
1015 2302 1180 2346 (lictum
1204 2301 1287 2346 fuit
1308 2302 1466 2347 iterum
1487 2303 1653 2349 dictum
1675 2314 1738 2350 est
1758 2325 1768 2351 :
1819 2331 1820 2334 ¹

392 2377 500 2422 solet
523 2374 664 2419 facere
689 2373 922 2432 Scriptura.
1819 2433 1820 2438 Ἰ

441 2471 448 2486 ¹
467 2465 546 2494 Gen.
563 2473 593 2500 1.,
613 2459 644 2502 4.
662 2478 702 2482 -—
722 2467 734 2482 ²
760 2459 840 2490 Ibid.
860 2459 893 2491 6.
913 2475 954 2480 -
972 2455 984 2480 3
1005 2458 1118 2490 Matth.
1138 2459 1307 2499 v111,5.—
1326 2456 1342 2483 4
1357 2461 1434 2492 Luc.
1451 2471 1507 2501 vn,
1525 2461 1555 2492 3.
1576 2478 1617 2484 -
1632 2460 1769 2496 5Matth.

392 2531 424 2559 x,
444 2518 497 2560 4ο.
519 2534 561 2539 —
586 2515 601 2537 ‘3
620 2519 698 2547 Gen.
721 2526 822 2557 ι,-ιο.
836 2531 875 2536 -
902 2513 1013 2547 7Ibi‹l.
1036 2513 1085 2545 15.
1106 2531 1147 2536 —-
1167 2512 1181 2535 8
1199 2513 1338 2549 Timoth.
1357 2525 1401 2557 iv,
1426 2513 1476 2558 ι4.
1491 2523 1560 2549 -9
1579 2519 1657 2550 Gen.
1674 2529 1705 2561 ι,
1720 2529 1769 2560 ι7.

393 2572 585 2605 -101bid.
618 2571 669 2604 13.
