1872 3267
390 269 474 310 334
817 284 850 308 s.
886 280 1112 310 Ao‘unsnm
1143 282 1324 311 Eriscori

388 347 537 393 oculos
571 345 803 400 collocavi,
842 345 1074 393 difficultas
1108 348 1182 393 illa
1215 347 1406 393 solvatur
1445 348 1501 392 de
1541 347 1770 407 capillaciis

388 417 509 462 velis.
535 419 644 471 Quae
672 416 851 461 fortasse
872 417 970 462 ideo
999 429 1091 464 erat
1117 418 1368 474 abstrusior,
1394 419 1496 479 quia
1517 434 1594 478 per
1615 419 1768 464 antici-

386 488 608 548 pationem
629 487 690 532 ibi
723 487 887 548 aliquid
909 487 1075 534 dictum
1097 499 1183 546 est,
1217 488 1338 550 quod
1364 489 1593 548 proficeret
1623 489 1766 549 operi,

386 558 442 603 de
463 573 552 619 quo
573 567 720 617 postea
741 557 884 602 fuerat
905 558 1153 617 locuturus,
1179 577 1279 605 curn
1302 560 1460 604 atrium
1487 558 1770 605 tabernaculo

383 629 806 688 circumponendum
836 629 1113 675 describeret.
1156 634 1282 677 Nunc
1320 631 1466 691 itaque
1506 629 1637 674 verba
1680 630 1771 689 ipsa

385 699 608 744 videamus
624 734 634 754 ,
664 718 685 741 (ι
710 702 767 743 Et
788 714 1020 759 suppones,
1044 701 1202 761 inquit,
1227 699 1348 762 quod
1367 700 1589 760 superabit
1605 700 1650 743 in
1666 698 1771 744 velis

389 788 409 812 »
435 769 735 824 tabernaculi,
771 769 1003 814 dimidium
1032 770 1116 815 veli
1147 771 1269 832 quod
1302 771 1525 832 superabit
1550 770 1768 829 subteges,

387 859 408 882 »
434 839 555 901 quod
573 840 768 884 abundat
793 841 838 884 in
856 840 959 885 velis
975 841 1256 897 tabernaculi,
1282 842 1482 900 subteges
1507 850 1605 901 post
1626 840 1773 885 taber-

388 930 407 952 »
435 911 642 956 naculum
662 914 692 955 1.
722 931 741 953 »
769 914 861 957 Hoc
883 921 1027 957 totum
1047 912 1170 974 quod
1187 914 1430 957 dictumest
1447 927 1585 956 unum
1599 927 1773 956 sensum

386 983 533 1038 habet,
567 983 669 1043 quia
700 982 932 1027 dimidium
962 983 1048 1028 veli
1076 983 1197 1044 quod
1229 983 1497 1044 superaverit
1519 983 1602 1027 hoc
1635 991 1700 1026 est
1728 980 1773 1026 id

383 1053 505 1114 quod
522 1053 811 1098 abundaverit
836 1055 891 1098 de
914 1053 1019 1099 velis
1047 1054 1339 1111 tabernaculi,
1365 1053 1688 1113 subtegendum
1710 1061 1775 1097 est

385 1135 484 1185 post
506 1125 852 1170 tabernaculum.
875 1125 1106 1179 Quomodo
1128 1142 1231 1185 ergo
1249 1119 1437 1186 superet,
1457 1126 1503 1169 id
1525 1135 1604 1181 est,
1629 1125 1774 1169 abun-

385 1197 460 1240 det
481 1206 525 1240 et
547 1205 677 1240 restet
698 1196 928 1240 dimidium
950 1196 1033 1241 veli
1051 1233 1062 1251 ,
1089 1213 1139 1241 ex
1161 1197 1233 1241 illa.
1256 1198 1362 1242 serie
1384 1211 1678 1242 connexorum
1699 1211 1775 1240 ve-

385 1267 528 1312 lorum
551 1277 724 1328 oportet
744 1268 963 1328 inquirere
989 1288 998 1313 2
1025 1269 1233 1329 quoniam
1255 1270 1452 1330 quinque
1471 1270 1517 1312 in
1538 1284 1581 1313 se
1598 1303 1609 1324 ,
1639 1277 1682 1312 et
1703 1283 1775 1312 sex

385 1339 432 1382 in
454 1354 498 1383 se
521 1339 722 1383 connecti
738 1338 892 1394 voluit,
918 1339 1030 1383 sicut
1052 1339 1248 1398 superius
1271 1341 1456 1399 loquens
1478 1338 1661 1394 dixerat,
1686 1354 1776 1382 sex-

385 1419 480 1454 tum
502 1409 650 1454 velum
679 1426 702 1454 a
726 1409 833 1454 faeie
866 1409 1134 1454 tabernaculi
1164 1409 1502 1470 duplicandum,
1528 1408 1574 1454 id
1601 1419 1681 1464 est,
1719 1408 1775 1453 ab

387 1481 580 1525 Oriente.
610 1480 752 1525 Toties
777 1480 892 1524 enim
914 1480 1150 1540 posteriora
1172 1480 1441 1525 tabernaculi
1463 1496 1486 1524 a
1507 1489 1629 1539 parte
1646 1479 1775 1524 Occi—

386 1550 528 1596 dentis
541 1567 631 1596 esse
643 1551 896 1610 significavit
911 1587 921 1606 ,
944 1550 989 1595 id
1011 1560 1089 1606 est,
1115 1550 1171 1595 ad
1192 1566 1326 1595 mare.
1354 1551 1470 1604 Quid
1491 1550 1624 1609 igitur
1644 1549 1774 1595 facies

387 1622 679 1677 tabernaculi,
716 1622 798 1666 nisi
824 1639 923 1682 pars
955 1621 1029 1666 illa
1061 1621 1343 1682 intelligenda
1373 1633 1462 1678 est,
1498 1638 1598 1683 quae
1630 1631 1694 1666 est
1720 1620 1776 1666 ad

389 1695 643 1740 Orientem?
662 1698 764 1739 Pars
778 1709 879 1752 ergo
896 1693 986 1749 illa,
1006 1710 1094 1755 qua
1110 1694 1205 1738 vela
1227 1694 1422 1754 quinque
1444 1709 1637 1738 connexa
1657 1702 1772 1748 sunt,

387 1765 520 1810 habet
539 1765 688 1810 cubita
721 1764 1283 1825 centum-quinquaginta,
1320 1764 1403 1808 hoc
1425 1773 1509 1819 est,
1545 1763 1776 1824 quinquies

388 1835 576 1893 tricena,
596 1835 893 1892 (tricenorum
916 1834 1030 1878 enim
1052 1834 1304 1879 cubitorum
1319 1843 1440 1878 erant
1456 1833 1640 1892 singula,
1664 1833 1776 1879 sicut

388 1922 438 1950 ea
462 1909 574 1951 Deus
592 1907 684 1950 fieri
700 1907 885 1966 jusserat
910 1907 952 1963 z)
976 1905 1049 1949 illa
1070 1920 1173 1950 vero
1207 1920 1304 1964 pars
1320 1940 1330 1960 ,
1361 1904 1407 1949 in
1428 1921 1515 1965 qua
1540 1914 1664 1950 erant
1686 1921 1776 1949 non

388 1976 610 2036 quinque,
639 1975 714 2020 sed
740 1992 812 2020 sex
834 1975 929 2020 vela
958 1975 1129 2019 sibimet
1155 1974 1349 2018 similiter
1375 1990 1593 2030 connexa,
1627 1975 1777 2019 cubita

390 2046 578 2090 habebat
609 2046 1054 2104 eentum-octoginta,
1079 2044 1125 2088 id
1155 2054 1234 2100 est,
1259 2045 1391 2089 sexies
1417 2045 1601 2101 tricena,
1627 2061 1675 2090 ac
1700 2061 1775 2105 per

389 2116 472 2160 hoc
488 2115 710 2176 duplicato
726 2132 776 2161 ex
793 2117 852 2160 eis
870 2132 958 2160 uno
984 2115 1097 2170 velo,
1122 2115 1233 2160 sicut
1249 2116 1416 2175 jussum
1439 2126 1513 2170 est,
1535 2114 1776 2160 secundum

389 2184 545 2230 faciem
566 2186 851 2241 tabernaculi,
884 2186 1194 2230 minuebantur
1222 2185 1268 2228 in
1298 2200 1347 2229 ea
1375 2184 1669 2245 duplicatione
1694 2202 1775 2230 cu—

390 2256 480 2301 bita
496 2257 746 2318 quindecim
769 2277 777 2302 :
794 2258 954 2318 quibus
970 2257 1170 2302 vetractis
1186 2292 1196 2312 ,
1213 2266 1389 2301 centum
1407 2257 1776 2318 sexaginta-quin·

388 2344 475 2388 que
504 2329 801 2372 remanebant.
829 2331 886 2372 Et
908 2327 1007 2372 ideo
1029 2337 1128 2387 post
1155 2328 1666 2388 centum-quinquaginta
1695 2344 1775 2373 cu-

390 2399 495 2454 bita,
521 2399 680 2459 quibus
698 2398 758 2444 illi
776 2399 885 2459 parti
907 2398 1103 2458 quinque
1126 2396 1324 2442 velorum
1342 2399 1472 2442 etiam
1489 2399 1568 2442 ista
1589 2414 1686 2458 pars
1703 2413 1775 2443 sex

390 2469 586 2514 velorum
604 2470 876 2531 aequabatur,
897 2470 1162 2529 superabant
1173 2477 1304 2528 atque
1322 2469 1609 2513 abundabant
1625 2470 1775 2515 cubita
1800 2510 1807 2525 ,

389 2539 657 2599 quindecim.
686 2539 810 2586 Illinc
842 2541 957 2585 enim
979 2549 1104 2586 erant
1131 2555 1155 2584 a
1180 2548 1300 2600 parte
1322 2540 1519 2600 quinque
1546 2539 1770 2595 velorum,
1810 2549 1813 2551 ’

444 2632 451 2648 ¹
474 2627 572 2658 Exod.
595 2638 684 2669 xxvr,
710 2635 759 2659 12.

1865 360 1872 1440 2..-e—e—„e-‹2—=—=e⁴-—-‹·—-·-=»--e-—»-—m.—-
