1872 3267
403 295 487 334 362
837 303 872 333 s.
907 304 1137 333 Aucus'mm
1169 306 1352 332 EPISCOPI

402 380 502 415 ante
523 369 859 415 commemoravi
888 369 1083 428 Apostoli
1105 368 1273 414 dictum
1301 388 1310 414 :
1339 388 1360 411 «
1383 369 1425 414 Si
1453 378 1784 429 praeoccupatus
1832 383 1833 395 ³

404 459 424 481 »
459 440 593 484 suerit
613 440 744 483 homo
765 439 810 483 in
833 438 978 498 aliquo
996 438 1156 484 delicto
1170 442 1201 495 1,
1228 457 1248 480 »
1274 439 1377 483 hinc
1395 439 1511 482 enim
1533 438 1653 500 quod
1669 455 1784 498 prae-

401 520 664 570 occupatum
704 509 833 565 dicit,
881 510 1180 569 imprudenter
1216 509 1386 569 lapsum
1422 525 1513 567 esse
1554 510 1781 568 significat.

402 586 634 627 Peccatum
662 597 766 627 vero
788 581 844 625 ad
875 581 1082 625 scientem
1102 581 1318 641 pertinere
1341 580 1559 640 apostolus
1595 581 1785 626 Jacobus
1871 578 1872 582 ’

402 662 611 713 tanquam
633 652 843 695 definiens
861 652 921 695 ait
944 670 953 695 :
983 669 1003 693 (ι
1030 651 1190 696 Scienti
1211 652 1343 710 igitur
1365 650 1533 695 bonum
1555 650 1697 696 facere
1711 687 1723 707 ,
1742 661 1787 696 et
1871 664 1872 671 ¹

403 742 423 766 >›
460 739 549 768 non
578 722 776 778 facienti,
813 730 1042 782 peccatum
1074 731 1137 766 est
1164 722 1268 766 illi2,
1297 740 1318 763 »
1354 721 1438 766 Sed
1459 722 1548 766 sive
1568 721 1671 777 illa,
1697 722 1787 768 sive
1830 771 1831 780 ἵ

403 795 479 838 ista
496 830 506 848 ‚
532 794 621 838 sive
643 793 789 853 aliqua
812 792 894 837 alia
920 792 1165 837 differentia
1187 793 1241 837 sit
1258 792 1426 852 peccati
1448 801 1491 836 et
1508 792 1679 846 delicti,
1705 793 1787 836 nisi
1830 798 1831 805 ’

402 864 548 924 aliqua
575 872 711 920 esset,
747 879 837 908 non
872 863 1093 923 Scriptura
1124 863 1185 908 ita
1220 862 1476 923 loqueretur
1508 871 1558 906 ut
1585 861 1747 907 diceret
1775 883 1785 907 ι
1830 921 1831 927 ¹

406 954 427 978 «
461 934 693 989 Quomodo
715 934 835 995 quod
863 950 943 994 pro
970 943 1170 995 peccato,
1201 935 1261 979 ita
1289 943 1333 978 et
1354 933 1476 994 quod
1496 949 1576 994 pro
1596 933 1785 989 delicto:
1830 938 1832 971 ἶ
1870 934 1872 956 ³

407 1025 427 1047 »
463 1005 532 1049 lex
550 1021 636 1050 una
658 1015 722 1050 est
745 1021 912 1049 eorum.
934 1023 955 1047 »
1828 1002 1831 1007 ⁴
1870 1003 1872 1025 ³

462 1079 538 1121 IV.
561 1076 871 1121 Indifferenter
884 1086 1029 1120 autem
1045 1075 1305 1137 plerumque
1324 1076 1548 1131 dicuntur⁷
1563 1084 1615 1120 ut
1628 1081 1672 1120 et
1687 1086 1790 1135 pec-
1828 1063 1831 1101 3
1870 1075 1872 1098 ³

402 1157 550 1192 catum
571 1148 749 1192 nomine
772 1147 945 1203 delicti,
972 1157 1015 1191 et
1037 1147 1247 1192 delictum
1266 1148 1443 1192 nomine
1459 1147 1625 1207 peccati
1645 1145 1791 1206 appel-
1828 1137 1831 1189 5'

403 1217 533 1262 letur.
559 1221 710 1278 Neque
732 1218 847 1262 enim
870 1234 970 1262 cum
995 1218 1153 1262 dicitur
1176 1219 1221 1261 in
1243 1217 1571 1278 baptismo‘fieri
1599 1217 1789 1261 remissio
1828 1220 1831 1271 ζ
1869 1218 1871 1238 ¹

401 1298 697 1348 peccatorum,
715 1305 805 1333 non
826 1288 876 1332 fit
897 1289 1027 1332 etiam
1049 1287 1307 1333 delictorum
1325 1308 1334 1333 ε
1353 1304 1433 1332 nec
1450 1277 1791 1332 tamen-utrum2
1828 1327 1835 1335 Α.
1870 1293 1872 1304 “

404 1373 491 1418 que
518 1358 691 1413 dicitur,
729 1359 831 1418 quia
857 1359 902 1402 in
929 1357 1004 1402 illo
1030 1358 1207 1402 nomine
1239 1368 1477 1418 utrumque
1513 1357 1786 1417 intelligitur.

408 1429 476 1474 Sic
500 1437 542 1472 et
564 1429 775 1473 Dominus
792 1429 851 1472 ait
872 1448 892 1471 ε(
915 1432 998 1473 Pro
1021 1428 1170 1473 multis
1194 1427 1362 1472 effundi
1384 1428 1640 1486 sanguinem
1662 1444 1790 1474 suum
1811 1437 1815 1441 '
1869 1429 1872 1435 “

406 1518 427 1541 »
461 1500 507 1543 in
523 1500 816 1544 remissionem
832 1501 1137 1559 peccatorum³
1157 1518 1166 1543 ε
1187 1517 1206 1540 »
1235 1498 1453 1559 numquid
1472 1499 1680 1559 quoniam
1702 1515 1791 1544 non

403 1570 477 1625 ait,
495 1589 514 1611 «
530 1579 573 1614 et
585 1569 860 1625 delictorum,
874 1588 894 1611 »
912 1569 1011 1614 ideo
1031 1570 1260 1631 quisquam
1277 1569 1420 1613 dicere
1437 1568 1615 1613 audebit
1627 1570 1672 1612 in
1688 1585 1789 1614 san-
1826 1606 1828 1635 3
1868 1578 1872 1592 “

404 1641 535 1699 guine
556 1640 689 1700 ipsius
708 1639 969 1685 delictorum
984 1655 1075 1684 non
1088 1640 1181 1684 fieri
1196 1640 1519 1683 remissionem?
1542 1643 1651 1684 Item
1669 1640 1790 1700 quod

403 1711 611 1769 scriptum
637 1719 700 1755 est
727 1709 845 1769 apud
870 1709 1129 1769 Apostolum
1151 1729 1160 1754 :
1190 1728 1210 1752 (ς
1232 1712 1342 1755 Nam
1362 1709 1579 1770 judicium
1611 1710 1789 1770 quidem

407 1799 427 1822 »
463 1797 514 1824 ex
535 1797 624 1824 uno
650 1782 696 1825 in
725 1780 1133 1825 condemnationem
1149 1816 1160 1836 ‚
1187 1781 1320 1838 gratia
1340 1796 1443 1825 vero
1469 1795 1521 1824 ex
1542 1780 1688 1825 multis
1709 1780 1789 1825 de-
1825 1778 1835 1814 ἶ
1867 1789 1872 1803 ’

407 1869 427 1892 »
461 1851 573 1895 lictis
605 1852 649 1895 in
678 1851 1033 1911 justificationem
1051 1851 1067 1875 4
1094 1866 1102 1890 ε
1131 1869 1151 1892 »
1179 1850 1286 1911 quid
1308 1850 1426 1895 aliud
1449 1866 1582 1911 quam
1614 1851 1790 1895 nomine

404 1918 664 1966 delictorum
686 1923 815 1966 etiam
832 1930 1007 1981 peccata
1025 1922 1337 1981 comprehensa
1358 1923 1488 1964 sunt?

463 1993 516 2035 V.
544 1995 594 2035 In
616 1992 697 2035 hac
715 2006 892 2051 quoquc
910 1991 1002 2050 ipsa
1025 1991 1245 2050 Scriptura
1266 1990 1461 2046 Levitici‚
1486 2006 1573 2051 qua
1594 1992 1791 2050 cogimur

404 2061 592 2122 aliquam
615 2063 727 2105 inter
753 2061 961 2105 delictum
981 2070 1297 2121 peccatumque
1314 2060 1562 2106 distantiam
1581 2061 1651 2106 vel
1673 2062 1790 2107 inve-

404 2132 497 2174 nire
524 2130 593 2175 vcl
614 2130 788 2175 credere
806 2167 816 2185 ,
853 2132 911 2175 ita
941 2130 1116 2190 legitur,
1144 2146 1246 2175 cum
1273 2130 1328 2175 de
1353 2131 1419 2175 his
1441 2131 1564 2190 ipsis,
1589 2147 1687 2191 quae
1709 2147 1789 2191 pro

403 2202 589 2261 peccatis
606 2201 829 2245 offerenda
841 2202 1129 2262 jubebantur,
1147 2202 1360 2246 sacrificiis
1375 2205 1488 2247 Deus
1507 2202 1784 2263 loqueretur:

409 2292 429 2315 (ι
466 2272 507 2316 Si
525 2282 671 2316 autem
688 2272 826 2316 omnis
841 2307 852 2327 ‚
872 2272 1030 2332 inquit,
1058 2274 1283 2331 Synagoga
1305 2271 1494 2316 filiorum
1514 2272 1645 2316 Israel
1659 2273 1786 2332 igno·
1839 2300 1840 2304 =
1868 2285 1872 2293 ¹

408 2362 427 2384 »
464 2344 641 2397 raverit,
668 2353 710 2388 ct
734 2344 909 2387 latuerit
925 2343 1110 2387 verbum
1132 2345 1187 2387 ab
1210 2342 1346 2388 oculis
1369 2346 1632 2402 Synagogae,
1656 2353 1700 2388 et
1722 2343 1787 2388 fe-
1817 2336 1822 2391 l
1868 2355 1872 2362 “

407 2433 426 2455 »
461 2416 568 2458 cerit
584 2430 722 2458 unum
744 2414 798 2458 ab
816 2414 1016 2459 omnibus
1034 2414 1248 2459 mandatis
1267 2415 1437 2458 Domini
1450 2413 1570 2474 quod
1587 2430 1676 2458 non
1690 2415 1782 2469 fiet,

406 2503 426 2525 ³>
462 2494 505 2528 et
527 2485 815 2545 deliquerint,
842 2494 885 2528 et
906 2485 1128 2543 cognitum
1149 2484 1231 2528 illis
1255 2485 1385 2529 fuerit
1414 2494 1638 2543 peecatum
1661 2487 1783 2545 quod

465 2584 562 2615 ¹Gal.
594 2595 644 2623 vr,
680 2595 705 2614 ι.
743 2600 783 2606 -
815 2590 827 2605 ²
857 2586 922 2614 Jac.
959 2594 1015 2622 iv,
1047 2594 1094 2624 ¹7·
1125 2600 1165 2604 ——
1196 2580 1209 2604 3
1240 2582 1350 2614 Matth.
1383 2593 1480 2619 xxvi,
1514 2583 1568 2614 ΩΒ.
1590 2582 1776 2615 —4Rom.
1815 2551 1820 2705 Ι

404 2649 446 2679 v,
483 2638 532 2669 16.

1814 2713 1818 2792 l

1814 2846 1817 2983 ἱ

1812 2986 1816 3114 l

1809 3141 1814 3267 l

1825 3254 1854 3267 A
