1872 3267
6 1723 10 1831 1

385 181 438 215 on
452 176 652 206 aasz-muns
686 178 734 205 lN
767 174 985 213 ossmnsiM,
1021 178 1102 204 Lm.
1143 179 1170 204 1.
1396 165 1478 204 135

565 279 802 331 QUAESTIO
834 280 1010 319 xxxlx.

150 402 170 426 «
191 386 467 428 DESCENDENS
492 397 596 441 ergo
613 379 772 426 videbo
794 380 827 424 si
851 379 1092 425 seeundum
1113 378 1350 425 clamorem
1366 380 1481 441 ipso-

92 473 112 497 »
146 469 243 499 rum
263 457 511 498 venientem
541 453 597 498 ad
627 468 695 496 me
719 461 1101 508 consummantur,
1137 451 1172 496 si
1195 460 1342 496 autem
1363 468 1477 509 non,

91 544 111 567 »
145 534 195 569 ut
228 524 360 569 sciam
382 526 412 568 ¹.
448 542 469 565 >›
497 523 642 568 Verba
676 523 770 568 haec
808 542 827 565 «
857 523 891 567 si
919 539 1009 567 non
1038 541 1060 563 1)
1096 521 1338 566 dubitantis
1371 523 1482 584 quid

88 595 274 641 duorum
296 595 440 655 potius
473 604 735 639 eventurum
758 594 837 651 sit,
862 594 937 640 sed
959 594 1181 639 irascentis
1202 603 1246 638 et
1273 593 1479 639 minantis

87 666 375 727 accipiamus,
416 664 538 710 nulla
591 666 773 726 quaestio
812 675 890 710 est.
932 667 1054 710 More
1088 664 1252 726 quippe
1282 664 1479 710 humano

87 742 201 784 Deus
221 737 267 781 in
292 737 521 797 Scripturis
549 737 605 780 ad
633 737 828 781 homines
856 735 1070 797 loquitur,
1093 744 1137 780 et
1157 736 1248 796 ejus
1269 735 1376 780 iram
1400 752 1479 781 no-

86 817 242 854 verunt
269 808 360 852 sine
391 807 720 868 perturbatione
748 808 839 867 ejus
873 806 1118 866 intelligere
1139 806 1216 867 qui
1238 816 1474 852 noverunt.

88 881 283 927 Solemus
305 890 454 925 autem
475 881 607 925 etiam
632 881 691 925 sic
719 880 945 925 minaciter
964 879 1087 940 loqui
1108 899 1117 924 ε
1143 898 1163 922 «
1187 878 1424 924 Videamus
1441 880 1476 924 si

86 968 174 997 non
196 951 277 996 tibi
306 951 444 1007 facio,
472 970 492 993 »
523 961 624 1008 aut,
663 971 683 994 «
711 951 946 996 Videamus
970 951 1005 995 si
1033 966 1124 996 non
1155 949 1219 994 1111
1251 949 1423 1006 fecero,
1453 970 1473 993 »

84 1032 152 1078 et,
189 1042 208 1065 «
236 1023 279 1068 Si
309 1039 398 1067 non
425 1032 609 1083 potuero
626 1023 707 1068 tibi
728 1021 868 1067 facere
897 1041 906 1066 :
940 1040 960 1064 »
986 1021 1076 1077 vel,
1108 1041 1128 1064 «
1147 1021 1303 1075 Sciam,
1325 1021 1368 1066 id
1393 1030 1474 1077 est,

83 1095 167 1139 hoc
189 1095 330 1154 ipsum
353 1095 580 1154 experibor
597 1130 607 1150 ,
642 1104 792 1138 utrum
820 1109 910 1138 non
931 1093 1089 1153 possim
1129 1112 1138 1137 :
1174 1112 1193 1134 »
1220 1094 1341 1154 quod
1373 1108 1477 1138 cum

83 1164 290 1209 minando
321 1181 410 1209 non
435 1165 678 1223 ignorando
712 1164 898 1219 dicitur,
930 1164 1027 1208 irati
1055 1173 1235 1224 apparet
1265 1164 1473 1221 affectus,

82 1234 158 1279 sed
181 1235 453 1294 perturbatio
470 1250 561 1279 non
588 1233 706 1279 cadit
725 1235 772 1278 in
793 1237 948 1279 Deum.
974 1238 1070 1280 Mos
1093 1243 1239 1279 autem
1269 1235 1475 1280 humanae

81 1304 313 1350 locutionis
335 1315 378 1349 et
399 1306 582 1350 usitatus
604 1315 683 1361 est,
701 1315 751 1350 ut
763 1306 969 1350 humanae
986 1306 1229 1352 infirmitati
1243 1316 1471 1365 congruat,

82 1376 152 1421 cui
170 1380 283 1422 Deus
305 1386 480 1437 coaptat
496 1376 766 1422 locutionem
789 1393 928 1422 suam.

608 1488 846 1538 QUAEsrio
878 1490 960 1528 XL.

157 1592 308 1643 ,Quaem
342 1588 452 1634 solet
468 1625 478 1645 ,
515 1598 664 1634 utrum
696 1590 818 1651 quod
852 1591 908 1635 de
948 1589 1147 1636 Sodomis
1184 1589 1295 1635 dixit
1330 1593 1472 1648 Deus,

79 1676 168 1704 non
204 1676 249 1704 se
274 1660 455 1719 perdere
489 1659 664 1715 locum,
704 1661 739 1705 si
765 1660 1068 1705 invenirentur
1096 1660 1184 1706 11110
1218 1661 1289 1706 vel
1321 1661 1476 1708 decem

73 1731 177 1792 justi
190 1734 222 1782 ¹2,
248 1730 420 1790 speciali
442 1730 633 1791 quadam
656 1732 893 1787 sententia,
922 1732 977 1776 de
1009 1732 1084 1776 illa
1107 1733 1305 1788 civitate,
1333 1749 1388 1778 an
1418 1733 1476 1778 de

80 1802 280 1847 omnibus
300 1801 636 1860 intelligendum
652 1802 704 1846 sit
717 1802 990 1860 generaliter,
1006 1819 1183 1863 parcere
1198 1806 1338 1848 Deum
1356 1803 1471 1860 loeo,

81 1873 125 1916 in
157 1888 436 1933 quocumque
467 1872 536 1916 vel
564 1871 716 1916 decem
745 1873 851 1933 justi
888 1871 1082 1918 fuerint?
1116 1878 1167 1919 In
1200 1891 1287 1936 qua
1326 1891 1474 1935 quaes-

83 1944 198 1988 tione
222 1959 312 1987 non
335 1952 398 1987 est
420 1943 601 2004 quidem
620 1959 814 1999 necesse,
841 1953 891 1988 ut
911 1945 996 1989 hoe
1019 1945 1073 1989 de
1097 1947 1219 1990 omni
1236 1946 1334 1992 loco
1354 1948 1473 1992 aeci-

81 2030 180 2074 pere
202 2014 542 2074 compellamur,
568 2024 870 2059 verumtamen
888 2014 942 2059 de
963 2016 1161 2061 Sodomis
1180 2019 1325 2077 potuit
1346 2028 1390 2063 et
1411 2019 1472 2064 sic

82 2085 179 2140 dici,
205 2085 305 2146 quia
328 2085 490 2129 sciebat
506 2088 620 2130 Deus
635 2085 696 2129 ibi
718 2102 808 2130 non
821 2102 909 2130 esse
926 2087 997 2131 vel
1019 2087 1198 2147 decem,
1223 2099 1266 2134 et
1288 2089 1387 2134 ideo
1411 2091 1471 2135 sic

82 2155 423 2215 respondebatur
435 2156 638 2211 Abrahae,
657 2165 707 2200 ut
723 2157 1053 2216 significaretur,
1079 2174 1160 2204 nec
1186 2169 1249 2204 tot
1265 2160 1327 2204 ibi
1343 2177 1471 2221 posse

82 2227 277 2283 inveniri,
297 2226 352 2271 ad
368 2229 743 2287 exaggerationem
762 2229 1002 2290 iniquitatis
1013 2230 1206 2276 illorum.
1230 2235 1329 2278 Non
1351 2234 1470 2278 enim

82 2312 251 2342 necesse
269 2307 359 2342 erat
370 2301 461 2343 Deo
479 2294 568 2343 tam
585 2299 798 2344 sceleratis
817 2302 1068 2347 hominibus
1089 2319 1281 2363 parcere,
1298 2320 1352 2349 ne
1367 2321 1470 2350 cum

83 2366 162 2412 illis
181 2368 381 2428 perderet
399 2371 553 2429 justos,
579 2386 678 2414 cum
693 2381 851 2430 posset,
866 2373 992 2433 justis
1014 2373 1117 2418 inde
1133 2373 1343 2431 liberatis,
1370 2375 1474 2421 red-

84 2437 183 2481 dere
204 2439 344 2498 impiis
366 2439 498 2498 digna
519 2439 729 2500 supplicia
750 2461 757 2485 :
780 2441 871 2498 sed,
893 2443 1060 2499 indixi,
1084 2444 1139 2489 ad
1156 2444 1472 2491 ostendendam

132 2541 138 2556 ¹
165 2536 240 2566 (len.
264 2547 349 2576 xviii,
369 2546 420 2567 ¹21.
444 2554 484 2557 —
506 2544 517 2558 ⁷
540 2537 618 2568 lbi-l.
645 2538 695 2568 ὃν..
