<?xml version="1.0" encoding="UTF-8"?>
<!DOCTYPE html PUBLIC "-//W3C//DTD XHTML 1.0 Transitional//EN"
    "http://www.w3.org/TR/xhtml1/DTD/xhtml1-transitional.dtd">
<html xmlns="http://www.w3.org/1999/xhtml" xml:lang="en" lang="en">
 <head>
  <title>
</title>
<meta http-equiv="Content-Type" content="text/html;charset=utf-8" />
  <meta name='ocr-system' content='tesseract 3.04.00' />
  <meta name='ocr-capabilities' content='ocr_page ocr_carea ocr_par ocr_line ocrx_word'/>
</head>
<body>
  <div class='ocr_page' id='page_1' title='image "./operaomniaaccura06auguuoft_0298.png"; bbox 0 0 1872 3267; ppageno 0'>
   <div class='ocr_carea' id='block_1_1' title="bbox 370 243 1302 280">
    <p class='ocr_par' dir='ltr' id='par_1_1' title="bbox 370 243 1302 280">
     <span class='ocr_line' id='line_1_1' title="bbox 370 243 1302 280; baseline -0.001 0"><span class='ocrx_word' id='word_1_1' title='bbox 370 243 451 280; x_wconf 80' lang='lat'>288</span> <span class='ocrx_word' id='word_1_2' title='bbox 794 252 826 277; x_wconf 89' lang='lat' dir='ltr'>s.</span> <span class='ocrx_word' id='word_1_3' title='bbox 862 248 1090 278; x_wconf 78' lang='lat' dir='ltr'><strong>AUGUSTINI</strong></span> <span class='ocrx_word' id='word_1_4' title='bbox 1123 251 1302 279; x_wconf 76' lang='lat' dir='ltr'>EPISCOPI</span> 
     </span>
    </p>
   </div>
   <div class='ocr_carea' id='block_1_2' title="bbox 356 313 1745 2368">
    <p class='ocr_par' dir='ltr' id='par_1_2' title="bbox 356 313 1745 2368">
     <span class='ocr_line' id='line_1_2' title="bbox 369 313 1743 376; baseline 0.001 -14"><span class='ocrx_word' id='word_1_5' title='bbox 369 331 562 362; x_wconf 87' lang='lat' dir='ltr'>mensam</span> <span class='ocrx_word' id='word_1_6' title='bbox 584 324 627 360; x_wconf 82' lang='lat' dir='ltr'>et</span> <span class='ocrx_word' id='word_1_7' title='bbox 648 313 960 360; x_wconf 85' lang='lat' dir='ltr'>candelabrum</span> <span class='ocrx_word' id='word_1_8' title='bbox 983 325 1026 360; x_wconf 84' lang='lat' dir='ltr'>et</span> <span class='ocrx_word' id='word_1_9' title='bbox 1039 316 1180 376; x_wconf 85' lang='lat' dir='ltr'>ipsum</span> <span class='ocrx_word' id='word_1_10' title='bbox 1195 315 1343 371; x_wconf 83' lang='lat' dir='ltr'>altare,</span> <span class='ocrx_word' id='word_1_11' title='bbox 1367 316 1587 376; x_wconf 88' lang='lat' dir='ltr'>quomodo</span> <span class='ocrx_word' id='word_1_12' title='bbox 1604 332 1743 363; x_wconf 88' lang='lat' dir='ltr'>unum</span> 
     </span>
     <span class='ocr_line' id='line_1_3' title="bbox 368 386 1744 441; baseline 0.001 -9"><span class='ocrx_word' id='word_1_13' title='bbox 368 388 473 433; x_wconf 87' lang='lat' dir='ltr'>dicit</span> <span class='ocrx_word' id='word_1_14' title='bbox 502 401 791 432; x_wconf 78' lang='lat' dir='ltr'><strong>successorem</strong></span> <span class='ocrx_word' id='word_1_15' title='bbox 816 389 981 441; x_wconf 81' lang='lat' dir='ltr'>Aaron,</span> <span class='ocrx_word' id='word_1_16' title='bbox 1013 405 1033 428; x_wconf 86' lang='lat'>«</span> <span class='ocrx_word' id='word_1_17' title='bbox 1064 386 1150 440; x_wconf 88' lang='lat' dir='ltr'>Qui</span> <span class='ocrx_word' id='word_1_18' title='bbox 1176 386 1309 430; x_wconf 83' lang='lat' dir='ltr'>intret</span> <span class='ocrx_word' id='word_1_19' title='bbox 1339 386 1385 430; x_wconf 91' lang='lat' dir='ltr'>in</span> <span class='ocrx_word' id='word_1_20' title='bbox 1412 387 1744 433; x_wconf 85' lang='lat' dir='ltr'>tabernaculum</span> 
     </span>
     <span class='ocr_line' id='line_1_4' title="bbox 371 455 1744 512; baseline 0.003 -13"><span class='ocrx_word' id='word_1_21' title='bbox 371 477 391 499; x_wconf 89' lang='lat'>»</span> <span class='ocrx_word' id='word_1_22' title='bbox 424 456 674 512; x_wconf 78' lang='lat' dir='ltr'>testimonii,</span> <span class='ocrx_word' id='word_1_23' title='bbox 692 455 904 500; x_wconf 84' lang='lat' dir='ltr'>deservire</span> <span class='ocrx_word' id='word_1_24' title='bbox 916 456 961 499; x_wconf 91' lang='lat' dir='ltr'>in</span> <span class='ocrx_word' id='word_1_25' title='bbox 973 457 1156 501; x_wconf 79' lang='lat' dir='ltr'>sanctis?</span> <span class='ocrx_word' id='word_1_26' title='bbox 1175 474 1196 497; x_wconf 83' lang='lat'>»</span> <span class='ocrx_word' id='word_1_27' title='bbox 1217 456 1259 501; x_wconf 89' lang='lat' dir='ltr'>Si</span> <span class='ocrx_word' id='word_1_28' title='bbox 1272 456 1389 500; x_wconf 92' lang='lat' dir='ltr'>enim</span> <span class='ocrx_word' id='word_1_29' title='bbox 1402 455 1603 502; x_wconf 80' lang='lat' dir='ltr'>dixisset:</span> <span class='ocrx_word' id='word_1_30' title='bbox 1625 476 1644 500; x_wconf 90' lang='lat'>«</span> <span class='ocrx_word' id='word_1_31' title='bbox 1664 462 1744 503; x_wconf 87' lang='lat' dir='ltr'>De-</span> 
     </span>
     <span class='ocr_line' id='line_1_5' title="bbox 370 525 1744 587; baseline 0.002 -18"><span class='ocrx_word' id='word_1_32' title='bbox 370 548 390 570; x_wconf 80' lang='lat'>»</span> <span class='ocrx_word' id='word_1_33' title='bbox 427 527 584 572; x_wconf 81' lang='lat' dir='ltr'>servire</span> <span class='ocrx_word' id='word_1_34' title='bbox 603 527 647 570; x_wconf 88' lang='lat' dir='ltr'>iu</span> <span class='ocrx_word' id='word_1_35' title='bbox 669 525 834 571; x_wconf 86' lang='lat' dir='ltr'>Sanctis</span> <span class='ocrx_word' id='word_1_36' title='bbox 856 535 1118 582; x_wconf 76' lang='lat' dir='ltr'>sanctorum,</span> <span class='ocrx_word' id='word_1_37' title='bbox 1137 545 1157 567; x_wconf 89' lang='lat'>»</span> <span class='ocrx_word' id='word_1_38' title='bbox 1185 525 1304 570; x_wconf 86' lang='lat' dir='ltr'>nulla</span> <span class='ocrx_word' id='word_1_39' title='bbox 1322 535 1431 571; x_wconf 85' lang='lat' dir='ltr'>esset</span> <span class='ocrx_word' id='word_1_40' title='bbox 1451 527 1649 587; x_wconf 84' lang='lat' dir='ltr'>quaestio.</span> <span class='ocrx_word' id='word_1_41' title='bbox 1674 527 1744 572; x_wconf 88' lang='lat' dir='ltr'>Ad</span> 
     </span>
     <span class='ocr_line' id='line_1_6' title="bbox 367 596 1745 654; baseline -0.001 -10"><span class='ocrx_word' id='word_1_42' title='bbox 367 601 460 644; x_wconf 81' lang='lat' dir='ltr'>haec</span> <span class='ocrx_word' id='word_1_43' title='bbox 487 599 628 654; x_wconf 75' lang='lat' dir='ltr'>enim,</span> <span class='ocrx_word' id='word_1_44' title='bbox 655 598 730 642; x_wconf 88' lang='lat' dir='ltr'>ubi</span> <span class='ocrx_word' id='word_1_45' title='bbox 755 606 819 642; x_wconf 89' lang='lat' dir='ltr'>est</span> <span class='ocrx_word' id='word_1_46' title='bbox 850 613 947 642; x_wconf 89' lang='lat' dir='ltr'>arca</span> <span class='ocrx_word' id='word_1_47' title='bbox 980 598 1238 653; x_wconf 79' lang='lat' dir='ltr'>testimonii,</span> <span class='ocrx_word' id='word_1_48' title='bbox 1273 596 1387 642; x_wconf 84' lang='lat' dir='ltr'>solus</span> <span class='ocrx_word' id='word_1_49' title='bbox 1409 613 1523 643; x_wconf 91' lang='lat' dir='ltr'>unus</span> <span class='ocrx_word' id='word_1_50' title='bbox 1555 598 1745 644; x_wconf 78' lang='lat' dir='ltr'><strong>intrabat</strong></span> 
     </span>
     <span class='ocr_line' id='line_1_7' title="bbox 367 667 1745 728; baseline -0.001 -13"><span class='ocrx_word' id='word_1_51' title='bbox 367 685 560 715; x_wconf 87' lang='lat' dir='ltr'>summus</span> <span class='ocrx_word' id='word_1_52' title='bbox 583 669 803 714; x_wconf 76' lang='lat' dir='ltr'>sacerdos1</span> <span class='ocrx_word' id='word_1_53' title='bbox 827 687 836 713; x_wconf 74' lang='grc' dir='ltr'>ε</span> <span class='ocrx_word' id='word_1_54' title='bbox 864 667 985 728; x_wconf 86' lang='lat' dir='ltr'>quod</span> <span class='ocrx_word' id='word_1_55' title='bbox 1011 669 1140 713; x_wconf 86' lang='lat' dir='ltr'>etiam</span> <span class='ocrx_word' id='word_1_56' title='bbox 1161 669 1207 712; x_wconf 91' lang='lat' dir='ltr'>in</span> <span class='ocrx_word' id='word_1_57' title='bbox 1227 667 1422 728; x_wconf 83' lang='lat' dir='ltr'>Epistola</span> <span class='ocrx_word' id='word_1_58' title='bbox 1450 667 1506 713; x_wconf 87' lang='lat' dir='ltr'>ad</span> <span class='ocrx_word' id='word_1_59' title='bbox 1539 669 1745 714; x_wconf 83' lang='lat' dir='ltr'>Hebraeos</span> 
     </span>
     <span class='ocr_line' id='line_1_8' title="bbox 366 738 1745 802; baseline -0.001 -16"><span class='ocrx_word' id='word_1_60' title='bbox 366 741 691 801; x_wconf 82' lang='lat' dir='ltr'>diligentissime</span> <span class='ocrx_word' id='word_1_61' title='bbox 728 739 1073 785; x_wconf 88' lang='lat' dir='ltr'>commendatur.</span> <span class='ocrx_word' id='word_1_62' title='bbox 1114 740 1202 786; x_wconf 89' lang='lat' dir='ltr'>Nisi</span> <span class='ocrx_word' id='word_1_63' title='bbox 1239 738 1351 784; x_wconf 85' lang='lat' dir='ltr'>forte</span> <span class='ocrx_word' id='word_1_64' title='bbox 1383 755 1433 785; x_wconf 85' lang='lat' dir='ltr'>eo</span> <span class='ocrx_word' id='word_1_65' title='bbox 1464 739 1583 800; x_wconf 85' lang='lat' dir='ltr'>ipso,</span> <span class='ocrx_word' id='word_1_66' title='bbox 1623 739 1745 802; x_wconf 89' lang='lat' dir='ltr'>quod</span> 
     </span>
     <span class='ocr_line' id='line_1_9' title="bbox 367 811 1743 868; baseline -0.001 -9"><span class='ocrx_word' id='word_1_67' title='bbox 367 830 505 859; x_wconf 88' lang='lat' dir='ltr'>unum</span> <span class='ocrx_word' id='word_1_68' title='bbox 527 812 632 858; x_wconf 86' lang='lat' dir='ltr'>dicit</span> <span class='ocrx_word' id='word_1_69' title='bbox 658 832 678 855; x_wconf 89' lang='lat'>«</span> <span class='ocrx_word' id='word_1_70' title='bbox 702 815 869 857; x_wconf 86' lang='lat' dir='ltr'>Intrare</span> <span class='ocrx_word' id='word_1_71' title='bbox 890 812 937 855; x_wconf 89' lang='lat' dir='ltr'>in</span> <span class='ocrx_word' id='word_1_72' title='bbox 958 811 1288 856; x_wconf 86' lang='lat' dir='ltr'>tabernaculum</span> <span class='ocrx_word' id='word_1_73' title='bbox 1314 811 1570 868; x_wconf 85' lang='lat' dir='ltr'>testimonii,</span> <span class='ocrx_word' id='word_1_74' title='bbox 1596 813 1743 858; x_wconf 82' lang='lat' dir='ltr'>deser·</span> 
     </span>
     <span class='ocr_line' id='line_1_10' title="bbox 369 882 1744 943; baseline 0.001 -17"><span class='ocrx_word' id='word_1_75' title='bbox 369 904 389 926; x_wconf 71' lang='lat' dir='ltr'>n</span> <span class='ocrx_word' id='word_1_76' title='bbox 425 884 514 928; x_wconf 88' lang='lat' dir='ltr'>vire</span> <span class='ocrx_word' id='word_1_77' title='bbox 529 883 574 927; x_wconf 90' lang='lat' dir='ltr'>in</span> <span class='ocrx_word' id='word_1_78' title='bbox 588 884 758 938; x_wconf 84' lang='lat' dir='ltr'>sanctis,</span> <span class='ocrx_word' id='word_1_79' title='bbox 776 902 795 924; x_wconf 85' lang='lat'>&gt;›</span> <span class='ocrx_word' id='word_1_80' title='bbox 819 898 908 927; x_wconf 93' lang='lat' dir='ltr'>non</span> <span class='ocrx_word' id='word_1_81' title='bbox 924 882 1020 926; x_wconf 88' lang='lat' dir='ltr'>vult</span> <span class='ocrx_word' id='word_1_82' title='bbox 1037 883 1188 943; x_wconf 84' lang='lat' dir='ltr'>utique</span> <span class='ocrx_word' id='word_1_83' title='bbox 1202 882 1403 942; x_wconf 82' lang='lat' dir='ltr'>intelligi,</span> <span class='ocrx_word' id='word_1_84' title='bbox 1419 883 1498 928; x_wconf 90' lang='lat' dir='ltr'>nisi</span> <span class='ocrx_word' id='word_1_85' title='bbox 1514 883 1560 927; x_wconf 88' lang='lat' dir='ltr'>in</span> <span class='ocrx_word' id='word_1_86' title='bbox 1579 884 1744 929; x_wconf 88' lang='lat' dir='ltr'>Sanctis</span> 
     </span>
     <span class='ocr_line' id='line_1_11' title="bbox 365 953 1744 1015; baseline -0.002 -14"><span class='ocrx_word' id='word_1_87' title='bbox 365 964 641 1012; x_wconf 70' lang='lat' dir='ltr'>sanctorun13</span> <span class='ocrx_word' id='word_1_88' title='bbox 665 954 766 1015; x_wconf 87' lang='lat' dir='ltr'>quia</span> <span class='ocrx_word' id='word_1_89' title='bbox 790 964 830 999; x_wconf 84' lang='lat' dir='ltr'>et</span> <span class='ocrx_word' id='word_1_90' title='bbox 859 954 950 1014; x_wconf 88' lang='lat' dir='ltr'>ipsa</span> <span class='ocrx_word' id='word_1_91' title='bbox 972 953 1124 1014; x_wconf 87' lang='lat' dir='ltr'>utique</span> <span class='ocrx_word' id='word_1_92' title='bbox 1147 956 1302 999; x_wconf 86' lang='lat' dir='ltr'>Sancta</span> <span class='ocrx_word' id='word_1_93' title='bbox 1334 953 1624 1014; x_wconf 83' lang='lat' dir='ltr'>appellantur.</span> <span class='ocrx_word' id='word_1_94' title='bbox 1646 958 1744 1001; x_wconf 90' lang='lat' dir='ltr'>Non</span> 
     </span>
     <span class='ocr_line' id='line_1_12' title="bbox 365 1024 1742 1085; baseline -0.001 -15"><span class='ocrx_word' id='word_1_95' title='bbox 365 1027 481 1070; x_wconf 88' lang='lat' dir='ltr'>enim</span> <span class='ocrx_word' id='word_1_96' title='bbox 513 1025 659 1070; x_wconf 87' lang='lat' dir='ltr'>omnia</span> <span class='ocrx_word' id='word_1_97' title='bbox 691 1041 790 1085; x_wconf 83' lang='lat' dir='ltr'>quae</span> <span class='ocrx_word' id='word_1_98' title='bbox 820 1033 966 1069; x_wconf 86' lang='lat' dir='ltr'>sancta</span> <span class='ocrx_word' id='word_1_99' title='bbox 991 1032 1114 1079; x_wconf 81' lang='lat' dir='ltr'>sunt,</span> <span class='ocrx_word' id='word_1_100' title='bbox 1146 1024 1275 1068; x_wconf 88' lang='lat' dir='ltr'>etiam</span> <span class='ocrx_word' id='word_1_101' title='bbox 1308 1026 1463 1069; x_wconf 87' lang='lat' dir='ltr'>Sancta</span> <span class='ocrx_word' id='word_1_102' title='bbox 1495 1033 1742 1069; x_wconf 85' lang='lat' dir='ltr'>sanctorum</span> 
     </span>
     <span class='ocr_line' id='line_1_13' title="bbox 364 1095 1743 1156; baseline 0 -16"><span class='ocrx_word' id='word_1_103' title='bbox 364 1096 450 1141; x_wconf 88' lang='lat' dir='ltr'>dici</span> <span class='ocrx_word' id='word_1_104' title='bbox 472 1104 655 1156; x_wconf 79' lang='lat' dir='ltr'>possunt</span> <span class='ocrx_word' id='word_1_105' title='bbox 680 1114 690 1140; x_wconf 88' lang='grc'>;</span> <span class='ocrx_word' id='word_1_106' title='bbox 713 1095 787 1139; x_wconf 88' lang='lat' dir='ltr'>illa</span> <span class='ocrx_word' id='word_1_107' title='bbox 803 1110 905 1140; x_wconf 88' lang='lat' dir='ltr'>vero</span> <span class='ocrx_word' id='word_1_108' title='bbox 927 1109 1026 1155; x_wconf 83' lang='lat' dir='ltr'>quae</span> <span class='ocrx_word' id='word_1_109' title='bbox 1048 1103 1150 1139; x_wconf 92' lang='lat' dir='ltr'>sunt</span> <span class='ocrx_word' id='word_1_110' title='bbox 1165 1095 1321 1139; x_wconf 88' lang='lat' dir='ltr'>Sancta</span> <span class='ocrx_word' id='word_1_111' title='bbox 1343 1104 1614 1151; x_wconf 80' lang='lat' dir='ltr'>sanctorum,</span> <span class='ocrx_word' id='word_1_112' title='bbox 1639 1111 1743 1155; x_wconf 89' lang='lat' dir='ltr'>pro-</span> 
     </span>
     <span class='ocr_line' id='line_1_14' title="bbox 364 1165 1743 1227; baseline -0.001 -15"><span class='ocrx_word' id='word_1_113' title='bbox 364 1167 435 1213; x_wconf 78' lang='lat' dir='ltr'>cul</span> <span class='ocrx_word' id='word_1_114' title='bbox 457 1167 592 1211; x_wconf 89' lang='lat' dir='ltr'>dubio</span> <span class='ocrx_word' id='word_1_115' title='bbox 609 1167 761 1226; x_wconf 84' lang='lat' dir='ltr'>utique</span> <span class='ocrx_word' id='word_1_116' title='bbox 783 1175 928 1210; x_wconf 84' lang='lat' dir='ltr'>sancta</span> <span class='ocrx_word' id='word_1_117' title='bbox 948 1174 1063 1210; x_wconf 91' lang='lat' dir='ltr'>sunt.</span> <span class='ocrx_word' id='word_1_118' title='bbox 1091 1167 1211 1210; x_wconf 90' lang='lat' dir='ltr'>Unus</span> <span class='ocrx_word' id='word_1_119' title='bbox 1234 1174 1380 1210; x_wconf 90' lang='lat' dir='ltr'>autem</span> <span class='ocrx_word' id='word_1_120' title='bbox 1396 1165 1496 1221; x_wconf 83' lang='lat' dir='ltr'>iste,</span> <span class='ocrx_word' id='word_1_121' title='bbox 1520 1166 1595 1227; x_wconf 84' lang='lat' dir='ltr'>qui</span> <span class='ocrx_word' id='word_1_122' title='bbox 1612 1165 1743 1210; x_wconf 89' lang='lat' dir='ltr'>semel</span> 
     </span>
     <span class='ocr_line' id='line_1_15' title="bbox 364 1237 1743 1297; baseline -0.001 -15"><span class='ocrx_word' id='word_1_123' title='bbox 364 1239 408 1284; x_wconf 90' lang='lat' dir='ltr'>in</span> <span class='ocrx_word' id='word_1_124' title='bbox 425 1254 539 1283; x_wconf 90' lang='lat' dir='ltr'>auno</span> <span class='ocrx_word' id='word_1_125' title='bbox 559 1238 748 1282; x_wconf 76' lang='lat' dir='ltr'>intrabat</span> <span class='ocrx_word' id='word_1_126' title='bbox 767 1238 812 1281; x_wconf 90' lang='lat' dir='ltr'>in</span> <span class='ocrx_word' id='word_1_127' title='bbox 831 1239 985 1282; x_wconf 84' lang='lat' dir='ltr'>Sancta</span> <span class='ocrx_word' id='word_1_128' title='bbox 1002 1246 1266 1292; x_wconf 77' lang='lat' dir='ltr'>sanctorum,</span> <span class='ocrx_word' id='word_1_129' title='bbox 1288 1237 1494 1297; x_wconf 88' lang='lat' dir='ltr'>quoniam</span> <span class='ocrx_word' id='word_1_130' title='bbox 1507 1237 1743 1281; x_wconf 87' lang='lat' dir='ltr'>Dominum</span> 
     </span>
     <span class='ocr_line' id='line_1_16' title="bbox 363 1306 1743 1367; baseline -0.001 -15"><span class='ocrx_word' id='word_1_131' title='bbox 363 1309 584 1354; x_wconf 78' lang='lat' dir='ltr'>Christum</span> <span class='ocrx_word' id='word_1_132' title='bbox 609 1307 894 1365; x_wconf 67' lang='lat' dir='ltr'>significabat,</span> <span class='ocrx_word' id='word_1_133' title='bbox 921 1307 1171 1367; x_wconf 86' lang='lat' dir='ltr'>apertissme</span> <span class='ocrx_word' id='word_1_134' title='bbox 1196 1306 1442 1365; x_wconf 85' lang='lat' dir='ltr'>supradicta</span> <span class='ocrx_word' id='word_1_135' title='bbox 1464 1307 1518 1351; x_wconf 90' lang='lat' dir='ltr'>ad</span> <span class='ocrx_word' id='word_1_136' title='bbox 1537 1307 1743 1352; x_wconf 81' lang='lat' dir='ltr'>Hebraeos</span> 
     </span>
     <span class='ocr_line' id='line_1_17' title="bbox 364 1377 1742 1438; baseline 0 -16"><span class='ocrx_word' id='word_1_137' title='bbox 364 1377 556 1438; x_wconf 84' lang='lat' dir='ltr'>Epistola</span> <span class='ocrx_word' id='word_1_138' title='bbox 574 1377 905 1422; x_wconf 88' lang='lat' dir='ltr'>commendatur</span> <span class='ocrx_word' id='word_1_139' title='bbox 917 1381 948 1420; x_wconf 72' lang='lat'>2.</span> <span class='ocrx_word' id='word_1_140' title='bbox 968 1377 1097 1430; x_wconf 84' lang='lat' dir='ltr'>Quod</span> <span class='ocrx_word' id='word_1_141' title='bbox 1114 1385 1259 1420; x_wconf 85' lang='lat' dir='ltr'>autem</span> <span class='ocrx_word' id='word_1_142' title='bbox 1275 1378 1602 1436; x_wconf 80' lang='lat' dir='ltr'>praefiguratum</span> <span class='ocrx_word' id='word_1_143' title='bbox 1619 1387 1681 1422; x_wconf 89' lang='lat' dir='ltr'>est</span> <span class='ocrx_word' id='word_1_144' title='bbox 1696 1378 1742 1422; x_wconf 90' lang='lat' dir='ltr'>in</span> 
     </span>
     <span class='ocr_line' id='line_1_18' title="bbox 365 1447 1738 1506; baseline -0.001 -13"><span class='ocrx_word' id='word_1_145' title='bbox 365 1451 521 1494; x_wconf 84' lang='lat' dir='ltr'>Sancto</span> <span class='ocrx_word' id='word_1_146' title='bbox 544 1457 808 1502; x_wconf 74' lang='lat' dir='ltr'>sanctorum,</span> <span class='ocrx_word' id='word_1_147' title='bbox 833 1456 883 1491; x_wconf 86' lang='lat' dir='ltr'>ut</span> <span class='ocrx_word' id='word_1_148' title='bbox 904 1462 1032 1506; x_wconf 87' lang='lat' dir='ltr'>super</span> <span class='ocrx_word' id='word_1_149' title='bbox 1060 1462 1218 1502; x_wconf 86' lang='lat' dir='ltr'>arcam,</span> <span class='ocrx_word' id='word_1_150' title='bbox 1245 1463 1343 1506; x_wconf 83' lang='lat' dir='ltr'>quae</span> <span class='ocrx_word' id='word_1_151' title='bbox 1371 1447 1509 1504; x_wconf 83' lang='lat' dir='ltr'>legem</span> <span class='ocrx_word' id='word_1_152' title='bbox 1531 1447 1738 1503; x_wconf 85' lang='lat' dir='ltr'>habebat,</span> 
     </span>
     <span class='ocr_line' id='line_1_19' title="bbox 363 1516 1741 1579; baseline -0.001 -15"><span class='ocrx_word' id='word_1_153' title='bbox 363 1528 471 1564; x_wconf 84' lang='lat' dir='ltr'>esset</span> <span class='ocrx_word' id='word_1_154' title='bbox 502 1519 872 1579; x_wconf 80' lang='lat' dir='ltr'>propitiatorium,</span> <span class='ocrx_word' id='word_1_155' title='bbox 902 1517 978 1560; x_wconf 82' lang='lat' dir='ltr'>ubi</span> <span class='ocrx_word' id='word_1_156' title='bbox 1000 1517 1077 1562; x_wconf 80' lang='lat' dir='ltr'>Dei</span> <span class='ocrx_word' id='word_1_157' title='bbox 1108 1516 1399 1561; x_wconf 84' lang='lat' dir='ltr'>misericordia</span> <span class='ocrx_word' id='word_1_158' title='bbox 1422 1517 1650 1576; x_wconf 84' lang='lat' dir='ltr'>significari</span> <span class='ocrx_word' id='word_1_159' title='bbox 1672 1521 1741 1563; x_wconf 86' lang='lat' dir='ltr'>in-</span> 
     </span>
     <span class='ocr_line' id='line_1_20' title="bbox 362 1587 1742 1649; baseline -0.001 -15"><span class='ocrx_word' id='word_1_160' title='bbox 362 1588 595 1649; x_wconf 80' lang='lat' dir='ltr'>telligenda</span> <span class='ocrx_word' id='word_1_161' title='bbox 613 1598 690 1643; x_wconf 77' lang='lat' dir='ltr'>est,</span> <span class='ocrx_word' id='word_1_162' title='bbox 712 1605 797 1648; x_wconf 83' lang='lat' dir='ltr'>qua</span> <span class='ocrx_word' id='word_1_163' title='bbox 815 1587 1026 1647; x_wconf 83' lang='lat' dir='ltr'>propitius</span> <span class='ocrx_word' id='word_1_164' title='bbox 1046 1588 1095 1631; x_wconf 79' lang='lat' dir='ltr'>fit</span> <span class='ocrx_word' id='word_1_165' title='bbox 1117 1603 1267 1631; x_wconf 89' lang='lat' dir='ltr'>eorum</span> <span class='ocrx_word' id='word_1_166' title='bbox 1284 1587 1470 1647; x_wconf 89' lang='lat' dir='ltr'>peccatis</span> <span class='ocrx_word' id='word_1_167' title='bbox 1487 1588 1564 1648; x_wconf 83' lang='lat' dir='ltr'>qui</span> <span class='ocrx_word' id='word_1_168' title='bbox 1582 1591 1742 1647; x_wconf 83' lang='lat' dir='ltr'>Legem</span> 
     </span>
     <span class='ocr_line' id='line_1_21' title="bbox 361 1657 1742 1719; baseline -0.002 -14"><span class='ocrx_word' id='word_1_169' title='bbox 361 1677 450 1705; x_wconf 87' lang='lat' dir='ltr'>non</span> <span class='ocrx_word' id='word_1_170' title='bbox 471 1659 654 1719; x_wconf 86' lang='lat' dir='ltr'>implent</span> <span class='ocrx_word' id='word_1_171' title='bbox 680 1678 687 1702; x_wconf 83' lang='lat' dir='ltr'>z</span> <span class='ocrx_word' id='word_1_172' title='bbox 714 1660 797 1702; x_wconf 89' lang='lat' dir='ltr'>hoc</span> <span class='ocrx_word' id='word_1_173' title='bbox 821 1659 926 1702; x_wconf 83' lang='lat' dir='ltr'>mihi</span> <span class='ocrx_word' id='word_1_174' title='bbox 948 1658 1122 1703; x_wconf 87' lang='lat' dir='ltr'>videtur</span> <span class='ocrx_word' id='word_1_175' title='bbox 1143 1659 1272 1702; x_wconf 87' lang='lat' dir='ltr'>ctiam</span> <span class='ocrx_word' id='word_1_176' title='bbox 1295 1658 1341 1701; x_wconf 89' lang='lat' dir='ltr'>in</span> <span class='ocrx_word' id='word_1_177' title='bbox 1362 1657 1454 1717; x_wconf 85' lang='lat' dir='ltr'>ipsa</span> <span class='ocrx_word' id='word_1_178' title='bbox 1475 1668 1592 1702; x_wconf 87' lang='lat' dir='ltr'>veste</span> <span class='ocrx_word' id='word_1_179' title='bbox 1609 1675 1742 1703; x_wconf 85' lang='lat' dir='ltr'>sacer-</span> 
     </span>
     <span class='ocr_line' id='line_1_22' title="bbox 360 1727 1742 1788; baseline -0.002 -12"><span class='ocrx_word' id='word_1_180' title='bbox 360 1732 471 1776; x_wconf 85' lang='lat' dir='ltr'>dotis</span> <span class='ocrx_word' id='word_1_181' title='bbox 498 1729 754 1788; x_wconf 75' lang='lat' dir='ltr'>significari3</span> <span class='ocrx_word' id='word_1_182' title='bbox 782 1744 884 1773; x_wconf 89' lang='lat' dir='ltr'>nam</span> <span class='ocrx_word' id='word_1_183' title='bbox 913 1738 954 1772; x_wconf 86' lang='lat' dir='ltr'>ct</span> <span class='ocrx_word' id='word_1_184' title='bbox 981 1728 1072 1787; x_wconf 87' lang='lat' dir='ltr'>ipsa</span> <span class='ocrx_word' id='word_1_185' title='bbox 1099 1727 1204 1788; x_wconf 82' lang='lat' dir='ltr'>quid</span> <span class='ocrx_word' id='word_1_186' title='bbox 1228 1727 1350 1772; x_wconf 87' lang='lat' dir='ltr'>aliud</span> <span class='ocrx_word' id='word_1_187' title='bbox 1378 1743 1510 1788; x_wconf 90' lang='lat' dir='ltr'>quam</span> <span class='ocrx_word' id='word_1_188' title='bbox 1539 1728 1742 1773; x_wconf 84' lang='lat' dir='ltr'>Ecclesiae</span> 
     </span>
     <span class='ocr_line' id='line_1_23' title="bbox 359 1797 1740 1857; baseline -0.002 -12"><span class='ocrx_word' id='word_1_189' title='bbox 359 1809 626 1846; x_wconf 84' lang='lat' dir='ltr'>sacramenta</span> <span class='ocrx_word' id='word_1_190' title='bbox 659 1799 900 1857; x_wconf 76' lang='lat' dir='ltr'>significat?</span> <span class='ocrx_word' id='word_1_191' title='bbox 929 1797 1056 1851; x_wconf 80' lang='lat' dir='ltr'>Quod</span> <span class='ocrx_word' id='word_1_192' title='bbox 1080 1797 1125 1841; x_wconf 88' lang='lat' dir='ltr'>in</span> <span class='ocrx_word' id='word_1_193' title='bbox 1151 1805 1255 1851; x_wconf 65' lang='grc' dir='ltr'><strong>λογίω,</strong></span> <span class='ocrx_word' id='word_1_194' title='bbox 1286 1797 1332 1841; x_wconf 81' lang='lat' dir='ltr'>id</span> <span class='ocrx_word' id='word_1_195' title='bbox 1362 1807 1447 1853; x_wconf 78' lang='lat' dir='ltr'>est,</span> <span class='ocrx_word' id='word_1_196' title='bbox 1477 1798 1675 1842; x_wconf 81' lang='lat' dir='ltr'>rationali</span> <span class='ocrx_word' id='word_1_197' title='bbox 1696 1799 1740 1842; x_wconf 85' lang='lat' dir='ltr'>in</span> 
     </span>
     <span class='ocr_line' id='line_1_24' title="bbox 358 1867 1740 1933; baseline -0.003 -16"><span class='ocrx_word' id='word_1_198' title='bbox 358 1882 531 1933; x_wconf 81' lang='lat' dir='ltr'>pectore</span> <span class='ocrx_word' id='word_1_199' title='bbox 553 1870 784 1915; x_wconf 81' lang='lat' dir='ltr'>sacerdotis</span> <span class='ocrx_word' id='word_1_200' title='bbox 806 1869 945 1929; x_wconf 85' lang='lat' dir='ltr'>posito</span> <span class='ocrx_word' id='word_1_201' title='bbox 957 1868 1120 1928; x_wconf 79' lang='lat' dir='ltr'>judicia</span> <span class='ocrx_word' id='word_1_202' title='bbox 1134 1868 1372 1923; x_wconf 76' lang='lat' dir='ltr'>constituit,</span> <span class='ocrx_word' id='word_1_203' title='bbox 1394 1869 1439 1912; x_wconf 89' lang='lat' dir='ltr'>in</span> <span class='ocrx_word' id='word_1_204' title='bbox 1457 1867 1620 1913; x_wconf 89' lang='lat' dir='ltr'>lamina</span> <span class='ocrx_word' id='word_1_205' title='bbox 1637 1885 1740 1914; x_wconf 89' lang='lat' dir='ltr'>vero</span> 
     </span>
     <span class='ocr_line' id='line_1_25' title="bbox 357 1938 1739 1999; baseline -0.003 -12"><span class='ocrx_word' id='word_1_206' title='bbox 357 1942 743 1987; x_wconf 84' lang='lat' dir='ltr'>sanctificationem</span> <span class='ocrx_word' id='word_1_207' title='bbox 765 1948 808 1983; x_wconf 89' lang='lat' dir='ltr'>et</span> <span class='ocrx_word' id='word_1_208' title='bbox 826 1938 1088 1983; x_wconf 81' lang='lat' dir='ltr'>ablationem</span> <span class='ocrx_word' id='word_1_209' title='bbox 1111 1947 1387 1998; x_wconf 87' lang='lat' dir='ltr'>peccatorum</span> <span class='ocrx_word' id='word_1_210' title='bbox 1410 1957 1418 1982; x_wconf 88' lang='lat'>:</span> <span class='ocrx_word' id='word_1_211' title='bbox 1443 1948 1649 1999; x_wconf 87' lang='lat' dir='ltr'>tanquam</span> <span class='ocrx_word' id='word_1_212' title='bbox 1668 1955 1739 1983; x_wconf 84' lang='lat' dir='ltr'>ra·-</span> 
     </span>
     <span class='ocr_line' id='line_1_26' title="bbox 361 2010 1739 2070; baseline -0.003 -12"><span class='ocrx_word' id='word_1_213' title='bbox 361 2013 516 2058; x_wconf 84' lang='lat' dir='ltr'>tionale</span> <span class='ocrx_word' id='word_1_214' title='bbox 544 2012 598 2056; x_wconf 86' lang='lat' dir='ltr'>sit</span> <span class='ocrx_word' id='word_1_215' title='bbox 630 2011 675 2055; x_wconf 92' lang='lat' dir='ltr'>in</span> <span class='ocrx_word' id='word_1_216' title='bbox 706 2019 881 2070; x_wconf 89' lang='lat' dir='ltr'>pectore</span> <span class='ocrx_word' id='word_1_217' title='bbox 904 2010 1040 2054; x_wconf 85' lang='lat' dir='ltr'>simile</span> <span class='ocrx_word' id='word_1_218' title='bbox 1064 2025 1172 2054; x_wconf 85' lang='lat' dir='ltr'>arcae</span> <span class='ocrx_word' id='word_1_219' title='bbox 1196 2010 1241 2053; x_wconf 91' lang='lat' dir='ltr'>in</span> <span class='ocrx_word' id='word_1_220' title='bbox 1270 2025 1356 2070; x_wconf 87' lang='lat' dir='ltr'>qua</span> <span class='ocrx_word' id='word_1_221' title='bbox 1374 2012 1462 2053; x_wconf 85' lang='lat' dir='ltr'>Lex</span> <span class='ocrx_word' id='word_1_222' title='bbox 1483 2019 1597 2065; x_wconf 80' lang='lat' dir='ltr'>erat,</span> <span class='ocrx_word' id='word_1_223' title='bbox 1622 2019 1665 2054; x_wconf 89' lang='lat' dir='ltr'>et</span> <span class='ocrx_word' id='word_1_224' title='bbox 1679 2010 1739 2055; x_wconf 88' lang='lat' dir='ltr'>la-</span> 
     </span>
     <span class='ocr_line' id='line_1_27' title="bbox 361 2079 1738 2140; baseline -0.002 -13"><span class='ocrx_word' id='word_1_225' title='bbox 361 2084 475 2128; x_wconf 85' lang='lat' dir='ltr'>mina</span> <span class='ocrx_word' id='word_1_226' title='bbox 491 2081 563 2126; x_wconf 87' lang='lat' dir='ltr'>illa</span> <span class='ocrx_word' id='word_1_227' title='bbox 586 2082 633 2125; x_wconf 91' lang='lat' dir='ltr'>in</span> <span class='ocrx_word' id='word_1_228' title='bbox 649 2081 809 2137; x_wconf 80' lang='lat' dir='ltr'>fronte,</span> <span class='ocrx_word' id='word_1_229' title='bbox 830 2079 977 2125; x_wconf 87' lang='lat' dir='ltr'>similis</span> <span class='ocrx_word' id='word_1_230' title='bbox 999 2080 1297 2140; x_wconf 86' lang='lat' dir='ltr'>propitiatorio</span> <span class='ocrx_word' id='word_1_231' title='bbox 1313 2079 1433 2140; x_wconf 87' lang='lat' dir='ltr'>quod</span> <span class='ocrx_word' id='word_1_232' title='bbox 1449 2095 1580 2140; x_wconf 88' lang='lat' dir='ltr'>super</span> <span class='ocrx_word' id='word_1_233' title='bbox 1595 2096 1738 2125; x_wconf 86' lang='lat' dir='ltr'>arcam</span> 
     </span>
     <span class='ocr_line' id='line_1_28' title="bbox 356 2150 1737 2213; baseline -0.001 -14"><span class='ocrx_word' id='word_1_234' title='bbox 356 2164 464 2210; x_wconf 81' lang='lat' dir='ltr'>erat,</span> <span class='ocrx_word' id='word_1_235' title='bbox 485 2163 528 2198; x_wconf 91' lang='lat' dir='ltr'>et</span> <span class='ocrx_word' id='word_1_236' title='bbox 549 2162 598 2197; x_wconf 90' lang='lat' dir='ltr'>ut</span> <span class='ocrx_word' id='word_1_237' title='bbox 619 2153 855 2213; x_wconf 83' lang='lat' dir='ltr'>utrobique</span> <span class='ocrx_word' id='word_1_238' title='bbox 876 2160 1118 2196; x_wconf 84' lang='lat' dir='ltr'>servaretur</span> <span class='ocrx_word' id='word_1_239' title='bbox 1141 2150 1264 2211; x_wconf 85' lang='lat' dir='ltr'>quod</span> <span class='ocrx_word' id='word_1_240' title='bbox 1284 2150 1494 2210; x_wconf 82' lang='lat' dir='ltr'>scriptum</span> <span class='ocrx_word' id='word_1_241' title='bbox 1516 2159 1594 2207; x_wconf 84' lang='lat' dir='ltr'>est,</span> <span class='ocrx_word' id='word_1_242' title='bbox 1621 2170 1641 2193; x_wconf 86' lang='lat'>«</span> <span class='ocrx_word' id='word_1_243' title='bbox 1661 2153 1737 2197; x_wconf 90' lang='lat' dir='ltr'>Su-</span> 
     </span>
     <span class='ocr_line' id='line_1_29' title="bbox 359 2220 1242 2285; baseline -0.005 -18"><span class='ocrx_word' id='word_1_244' title='bbox 359 2242 381 2267; x_wconf 88' lang='lat'>»</span> <span class='ocrx_word' id='word_1_245' title='bbox 415 2223 657 2285; x_wconf 86' lang='lat' dir='ltr'>perexultat</span> <span class='ocrx_word' id='word_1_246' title='bbox 676 2220 968 2267; x_wconf 87' lang='lat' dir='ltr'>misericordia</span> <span class='ocrx_word' id='word_1_247' title='bbox 986 2221 1197 2281; x_wconf 78' lang='lat' dir='ltr'>judici03.</span> <span class='ocrx_word' id='word_1_248' title='bbox 1223 2239 1242 2262; x_wconf 84' lang='lat'>»</span> 
     </span>
     <span class='ocr_line' id='line_1_30' title="bbox 833 2317 1252 2368; baseline -0.002 -10"><span class='ocrx_word' id='word_1_249' title='bbox 833 2317 1067 2368; x_wconf 82' lang='lat' dir='ltr'>QUAESTIO</span> <span class='ocrx_word' id='word_1_250' title='bbox 1099 2318 1252 2358; x_wconf 70' lang='lat' dir='ltr'>cxxx.</span> 
     </span>
    </p>
   </div>
   <div class='ocr_carea' id='block_1_3' title="bbox 355 2418 1734 2554">
    <p class='ocr_par' dir='ltr' id='par_1_3' title="bbox 355 2418 1734 2554">
     <span class='ocr_line' id='line_1_31' title="bbox 414 2418 1734 2484; baseline -0.004 -15"><span class='ocrx_word' id='word_1_251' title='bbox 414 2425 530 2478; x_wconf 77' lang='lat' dir='ltr'>Qum</span> <span class='ocrx_word' id='word_1_252' title='bbox 556 2430 621 2468; x_wconf 88' lang='lat' dir='ltr'>est</span> <span class='ocrx_word' id='word_1_253' title='bbox 641 2420 761 2484; x_wconf 85' lang='lat' dir='ltr'>quod</span> <span class='ocrx_word' id='word_1_254' title='bbox 782 2420 1060 2481; x_wconf 83' lang='lat' dir='ltr'>purificatum</span> <span class='ocrx_word' id='word_1_255' title='bbox 1083 2429 1126 2464; x_wconf 85' lang='lat' dir='ltr'>et</span> <span class='ocrx_word' id='word_1_256' title='bbox 1147 2419 1464 2465; x_wconf 85' lang='lat' dir='ltr'>sanctificatum</span> <span class='ocrx_word' id='word_1_257' title='bbox 1487 2418 1620 2465; x_wconf 85' lang='lat' dir='ltr'>altare</span> <span class='ocrx_word' id='word_1_258' title='bbox 1636 2435 1734 2481; x_wconf 86' lang='lat' dir='ltr'>sep-</span> 
     </span>
     <span class='ocr_line' id='line_1_32' title="bbox 355 2490 1733 2554; baseline -0.003 -15"><span class='ocrx_word' id='word_1_259' title='bbox 355 2503 444 2539; x_wconf 79' lang='lat' dir='ltr'>tem</span> <span class='ocrx_word' id='word_1_260' title='bbox 461 2494 614 2540; x_wconf 81' lang='lat' dir='ltr'>diebus</span> <span class='ocrx_word' id='word_1_261' title='bbox 627 2493 733 2539; x_wconf 86' lang='lat' dir='ltr'>dicit</span> <span class='ocrx_word' id='word_1_262' title='bbox 749 2491 901 2554; x_wconf 86' lang='lat' dir='ltr'>quod«</span> <span class='ocrx_word' id='word_1_263' title='bbox 920 2494 1126 2537; x_wconf 87' lang='lat' dir='ltr'>Sanctum</span> <span class='ocrx_word' id='word_1_264' title='bbox 1141 2491 1278 2536; x_wconf 86' lang='lat' dir='ltr'>sancti</span> <span class='ocrx_word' id='word_1_265' title='bbox 1300 2491 1380 2534; x_wconf 85' lang='lat' dir='ltr'>erit</span> <span class='ocrx_word' id='word_1_266' title='bbox 1391 2491 1434 2535; x_wconf 71' lang='lat'>4?</span> <span class='ocrx_word' id='word_1_267' title='bbox 1450 2509 1469 2532; x_wconf 88' lang='lat'>»</span> <span class='ocrx_word' id='word_1_268' title='bbox 1483 2490 1629 2535; x_wconf 86' lang='lat' dir='ltr'>Altare</span> <span class='ocrx_word' id='word_1_269' title='bbox 1646 2507 1733 2536; x_wconf 90' lang='lat' dir='ltr'>non</span> 
     </span>
    </p>
   </div>
   <div class='ocr_carea' id='block_1_4' title="bbox 405 2585 1610 2635">
    <p class='ocr_par' dir='ltr' id='par_1_4' title="bbox 405 2585 1610 2635">
     <span class='ocr_line' id='line_1_33' title="bbox 405 2585 1610 2635; baseline -0.003 -11"><span class='ocrx_word' id='word_1_270' title='bbox 405 2597 414 2614; x_wconf 83' lang='lat'><em>¹</em></span> <span class='ocrx_word' id='word_1_271' title='bbox 436 2590 534 2625; x_wconf 86' lang='lat' dir='ltr'>Hebr.</span> <span class='ocrx_word' id='word_1_272' title='bbox 550 2601 596 2635; x_wconf 64' lang='grc' dir='ltr'>ιιι,</span> <span class='ocrx_word' id='word_1_273' title='bbox 615 2594 645 2624; x_wconf 84' lang='lat'>7.</span> <span class='ocrx_word' id='word_1_274' title='bbox 667 2607 709 2614; x_wconf 89' lang='lat'>—</span> <span class='ocrx_word' id='word_1_275' title='bbox 723 2597 736 2614; x_wconf 76' lang='lat'><strong>⁹</strong></span> <span class='ocrx_word' id='word_1_276' title='bbox 751 2589 833 2623; x_wconf 75' lang='lat' dir='ltr'>Ibi11.</span> <span class='ocrx_word' id='word_1_277' title='bbox 854 2600 903 2621; x_wconf 88' lang='lat'>11.</span> <span class='ocrx_word' id='word_1_278' title='bbox 923 2605 964 2612; x_wconf 90' lang='lat'>-—</span> <span class='ocrx_word' id='word_1_279' title='bbox 981 2586 994 2612; x_wconf 83' lang='lat'>3</span> <span class='ocrx_word' id='word_1_280' title='bbox 1011 2590 1079 2622; x_wconf 82' lang='lat' dir='ltr'>Jac.</span> <span class='ocrx_word' id='word_1_281' title='bbox 1099 2599 1137 2631; x_wconf 85' lang='grc' dir='ltr'>ιι,</span> <span class='ocrx_word' id='word_1_282' title='bbox 1157 2588 1206 2621; x_wconf 85' lang='grc' dir='ltr'>ι3.</span> <span class='ocrx_word' id='word_1_283' title='bbox 1230 2603 1266 2613; x_wconf 86' lang='lat'>-·</span> <span class='ocrx_word' id='word_1_284' title='bbox 1285 2585 1300 2613; x_wconf 67' lang='grc'><em>4</em></span> <span class='ocrx_word' id='word_1_285' title='bbox 1325 2588 1423 2622; x_wconf 78' lang='lat' dir='ltr'>Exod.</span> <span class='ocrx_word' id='word_1_286' title='bbox 1450 2598 1540 2630; x_wconf 77' lang='lat' dir='ltr'>xxix,</span> <span class='ocrx_word' id='word_1_287' title='bbox 1558 2588 1610 2631; x_wconf 73' lang='lat'>37.</span> 
     </span>
    </p>
   </div>
   <div class='ocr_carea' id='block_1_5' title="bbox 1796 1330 1817 3099">
    <p class='ocr_par' dir='ltr' id='par_1_5' title="bbox 1796 1330 1817 3099">
     <span class='ocr_line' id='line_1_34' title="bbox 1796 1330 1817 3099; baseline 0 0"><span class='ocrx_word' id='word_1_288' title='bbox 1796 1330 1817 3099; x_wconf 95' lang='lat' dir='ltr'> </span> 
     </span>
    </p>
   </div>
   <div class='ocr_carea' id='block_1_6' title="bbox 1806 0 1872 3267">
    <p class='ocr_par' dir='ltr' id='par_1_6' title="bbox 1806 0 1872 3267">
     <span class='ocr_line' id='line_1_35' title="bbox 1806 0 1872 3267; baseline 0 0"><span class='ocrx_word' id='word_1_289' title='bbox 1806 0 1872 3267; x_wconf 95' lang='lat' dir='ltr'> </span> 
     </span>
    </p>
   </div>
  </div>
 </body>
</html>
