1872 3267
416 161 498 200 542
855 174 888 197 s.
924 171 1153 198 AUGUSTfflI
1185 171 1366 198 El’lscorl

473 239 548 281 IV.
574 239 663 281 Nec
685 235 784 279 ideo
806 250 908 278 sane
928 234 1196 279 credendum
1225 244 1289 278 est
1313 243 1385 278 eos
1410 249 1490 294 pro
1510 242 1689 293 peccato
1709 247 1790 292 pa-

413 308 502 362 tris,
524 324 547 350 a
569 322 657 366 quo
679 307 929 349 innocentes
951 316 1089 360 erant,
1111 305 1241 349 etiam
1261 314 1359 365 post
1379 314 1564 348 mortem
1580 302 1792 363 supplicio

413 376 573 420 inferni
599 376 708 433 ignis
734 375 1087 433 incensoskMors
1108 375 1270 436 quippe
1295 375 1375 419 ista
1397 390 1497 434 quae
1531 388 1680 418 omnes
1700 388 1794 416 ma-

414 458 511 504 net,
545 447 740 508 quamvis
772 446 826 491 de
860 447 998 506 primo
1034 456 1211 507 peceato
1245 446 1412 501 veniat,
1438 455 1584 489 tamen
1611 444 1714 505 quia
1733 443 1794 488 ita

414 519 505 563 nati
526 534 696 573 sumus,
717 527 767 561 ut
786 517 1024 561 necessario
1046 517 1320 561 moriendum
1338 517 1412 572 sit,
1438 516 1671 560 accelerata
1694 514 1795 574 qui-

414 588 600 632 busdam
631 597 694 632 est
717 587 849 632 utilis.
877 586 1001 631 Unde
1037 586 1196 645 legitur
1229 587 1284 631 de
1316 585 1537 647 quodam:
1573 604 1593 627 «
1629 588 1796 644 Raptus

419 678 439 702 »
474 670 553 715 est,
579 676 634 704 ne
656 659 820 703 malitia
852 668 1040 702 mutaret
1068 657 1340 703 intellectum
1368 659 1498 718 ejus¹.
1524 677 1544 699 »
1574 660 1672 710 Quo
1694 671 1795 714 ergo

410 730 574 790 judicio
592 730 685 783 Dei,
704 727 774 773 vel
790 727 1095 783 misericordia,
1111 727 1243 772 fuerit
1258 729 1445 787 irrogata
1463 728 1551 772 sive
1573 726 1668 771 filiis
1686 727 1792 786 erS,

416 801 504 845 sive
534 799 617 843 illis
649 800 825 858 triginta
855 814 926 843 sex
953 799 1075 854 viris,
1105 814 1203 843 cum
1234 815 1383 843 omnes
1413 799 1468 842 ab
1495 799 1586 858 ejus
1617 805 1796 857 peccato

418 871 547 915 alieni
570 870 752 925 fuerint,
776 869 883 913 latet
914 869 1032 929 apud
1067 885 1167 913 eum
1195 869 1312 929 apud
1347 884 1478 930 quem
1510 884 1600 912 non
1625 876 1690 912 est
1714 867 1799 911 ini-

417 941 601 1002 quitas2.
635 943 797 985 Verum
828 939 938 984 illud
969 940 1013 983 in
1035 948 1242 999 promptu
1270 949 1354 995 est,
1381 938 1501 1000 quod
1522 948 1566 982 et
1586 936 1800 998 populum

418 1013 670 1057 terribiliter
707 1013 937 1072 oportebat
968 1028 1163 1072 quaerere
1200 1011 1321 1072 quod
1356 1011 1590 1054 admissum
1626 1020 1725 1055 cst:
1757 1019 1802 1054 et

420 1094 542 1129 tanto
563 1084 863 1129 vehementius
887 1084 1128 1128 timuerunt
1148 1085 1293 1128 caeteri
1321 1083 1486 1128 factum
1509 1089 1600 1140 ejus
1613 1082 1797 1137 imitari,

419 1165 584 1216 quanto
603 1157 736 1214 magis
761 1156 949 1199 humana
963 1157 1162 1199 exhorret
1174 1156 1415 1210 infirmitas,
1442 1165 1484 1199 et
1505 1156 1549 1198 in
1573 1165 1659 1198 tam
1678 1168 1801 1212 mag-

421 1242 528 1269 num
569 1236 778 1284 tanquam
803 1227 970 1284 justum
992 1225 1143 1286 populi
1164 1226 1313 1271 odium
1336 1227 1449 1282 dari,
1470 1237 1513 1271 et
1537 1226 1595 1271 eis
1617 1242 1726 1286 quos
1747 1224 1803 1268 ad

421 1312 540 1355 spem
566 1297 833 1356 propagandi
862 1298 1026 1354 generis
1053 1314 1096 1341 se
1125 1297 1379 1342 relicturum
1411 1297 1595 1357 putabat
1624 1304 1823 1356 peccato¹

421 1382 499 1411 suo
521 1382 666 1410 secum
689 1367 956 1426 consumptis
976 1367 1061 1410 suis
1079 1367 1259 1426 posteris
1282 1367 1431 1412 emori.

949 1466 1184 1515 QUAESTIO
1215 1469 1264 1506 X.

480 1568 605 1619 Quon
629 1569 742 1610 Deus
759 1565 887 1626 jubet
902 1564 1086 1626 loquens
1109 1566 1164 1609 ad
1187 1569 1334 1610 Jesum
1353 1601 1363 1621 ,
1388 1575 1438 1610 ut
1460 1566 1696 1611 constituat
1721 1566 1804 1611 sibi

422 1646 630 1680 retrorsus
652 1636 850 1680 insidias³
865 1672 875 1691 ,
897 1635 942 1680 id
958 1646 1042 1691 est,
1077 1637 1325 1681 insidiantes
1348 1637 1576 1682 bellatores
1609 1638 1664 1681 ad
1697 1638 1818 1682 insi-,

422 1706 632 1750 diandum
652 1706 870 1762 hostibus,
895 1706 997 1750 hinc
1030 1706 1315 1750 admonemur
1334 1723 1423 1751 non
1456 1708 1613 1767 injuste
1634 1708 1727 1751 fieri
1749 1709 1804 1752 ab

422 1778 487 1820 his
502 1812 512 1832 ,
533 1777 609 1836 qui
625 1777 790 1836 justum
805 1775 969 1819 bellum
984 1786 1155 1835 gerunt.
1183 1779 1239 1820 Ut
1255 1776 1364 1820 nihil
1383 1777 1515 1822 homo
1531 1780 1673 1838 justus
1690 1794 1804 1838 prae-

423 1848 549 1906 cipue
571 1847 759 1906 cogitare
781 1847 938 1890 debeat
954 1846 999 1888 111
1015 1846 1078 1889 his
1097 1847 1247 1911 rebus,
1270 1847 1349 1890 nisi
1366 1856 1415 1890 ut
1433 1849 1599 1908 justum
1638 1848 1805 1893 bellum

423 1918 626 1977 suscipiat
650 1917 720 1961 eui
742 1916 904 1960 bellare
927 1916 989 1960 fas
1011 1925 1074 1960 est
1096 1936 1104 1960 ε
1136 1933 1225 1960 11011
1248 1917 1363 1960 enini
1401 1918 1603 1962 omnibus
1625 1918 1689 1963 fas
1722 1928 1800 1964 est.

423 1992 534 2033 Cum
552 1998 695 2032 autem
704 1989 871 2048 justum
889 1986 1053 2030 bellum
1076 1989 1328 2047 susceperit,
1349 1997 1498 2032 utrum
1521 1999 1665 2049 aperta
1691 2003 1805 2049 pug-
1869 2010 1872 2013 ¹

424 2074 508 2113 na,
547 2068 692 2102 utrum
731 2058 893 2102 insidiis
928 2058 1092 2113 vineat,
1133 2058 1242 2102 nihil
1270 2060 1325 2103 ad
1361 2060 1572 2119 justitiam
1610 2061 1800 2105 interest.

424 2131 447 2172 J
455 2138 547 2172 usta
569 2138 713 2172 autem
737 2128 850 2172 bella
872 2127 1041 2171 definiri
1060 2128 1219 2184 solent,
1252 2146 1350 2189 quae
1380 2129 1656 2175 ‘ulciscuntur
1686 2132 1804 2192 inju-

425 2199 528 2253 rias,
555 2200 587 2243 si
603 2215 688 2259 qua
713 2214 815 2257 gens
833 2197 902 2241 vel
923 2199 1093 2254 civitas,
1120 2215 1218 2258 quae
1242 2199 1356 2244 bello
1385 2201 1571 2259 petenda
1607 2211 1694 2256 est,
1735 2201 1806 2247 vel

423 2268 642 2314 vindicare
664 2267 898 2327 neglexerit
919 2268 1037 2328 quod
1061 2285 1083 2312 a
1105 2270 1189 2312 suis
1209 2270 1405 2329 improbe
1421 2270 1585 2315 factum
1623 2281 1710 2327 est,
1735 2270 1806 2316 vel
1871 2295 1872 2313 ι

425 2340 605 2383 reddere
627 2339 747 2399 quod
765 2354 840 2397 per
856 2338 1030 2398 injurias
1053 2339 1245 2383 ablatum
1257 2349 1334 2384 est.
1360 2340 1443 2385 Sed
1465 2341 1594 2385 etiam
1615 2342 1698 2385 hoc
1729 2356 1804 2400 ge-

426 2425 506 2453 nus
527 2408 629 2452 belli
653 2409 742 2452 sine
760 2408 1032 2453 dubitatione
1047 2410 1214 2469 justum
1228 2419 1314 2466 est,
1334 2411 1454 2471 quod
1472 2414 1584 2455 Deus
1602 2411 1800 2471 imperat,

475 2508 635 2548 ¹Sap.1v,
658 2517 669 2537 1
682 2518 708 2537 1.
731 2523 772 2528 -
788 2508 905 2537 21t0m.
926 2516 970 2546 ix,
991 2504 1039 2546 ilfi.
1059 2522 1100 2529 —
1117 2503 1233 2538 3Josu&
1251 2517 1314 2547 vni,
1330 2507 1360 2539 3.
