1872 3267
415 277 500 317 310
836 288 869 317 s.
905 288 1135 319 Aucus‘nm
1168 291 1348 319 Emscon

894 407 1128 456 QUAESTIO
1161 407 1324 448 CLXIV.

410 649 569 706 Magna
593 655 740 690 tamen
762 655 824 690 est
856 645 910 690 de
936 647 1108 691 Christo
1139 647 1393 707 prophetia,
1431 647 1596 692 etiamsi
1627 647 1720 691 fieri
1741 646 1796 692 ad

407 717 597 761 litteram
618 717 751 777 possit
775 737 783 761 :
810 725 975 777 quanto
998 718 1129 776 magis
1152 717 1186 761 si
1205 733 1294 761 non
1316 726 1457 776 potest
1475 719 1492 761 P
1512 720 1563 761 In
1585 716 1797 761 sermoni-
1838 774 1839 778 Ἰ

411 789 494 832 bus
516 788 631 831 enim
663 789 741 832 Dei
764 804 853 832 non
885 796 988 832 sunt
1009 788 1064 832 ad
1085 790 1390 849 proprietatem
1415 803 1597 848 operum
1619 803 1796 833 revoca-

410 859 488 914 da,
514 858 624 903 sicut
645 873 724 902 nec
746 858 858 903 illud
880 858 934 902 de
956 868 1078 918 petra
1093 895 1104 914 ,
1140 869 1184 904 et
1205 874 1388 904 caverna
1410 861 1502 919 ejus
1514 863 1548 915 2,
1575 868 1618 904 et
1644 874 1796 903 manus

409 929 766 989 superpositione.
788 928 871 974 Sed
886 928 1013 988 plane
1028 929 1082 973 de
1097 929 1182 974 fide
1195 930 1427 975 narratoris
1439 931 1522 974 hoc
1534 929 1797 988 exigendum
1834 845 1840 996 ι

412 1009 498 1055 est,
526 1008 577 1043 ut
598 1015 696 1059 quae
719 998 826 1043 dicit
853 998 965 1044 facta
986 1015 1074 1044 esse
1091 1036 1101 1054 ‚
1121 1016 1220 1045 vere
1239 1000 1351 1045 facta
1370 1001 1482 1056 sint,
1510 1009 1554 1045 et
1573 1016 1672 1061 quae
1695 999 1798 1045 dicit
1827 999 1839 1029 '¹

413 1070 527 1115 dicta
547 1085 652 1125 esse,
672 1085 773 1115 vere
794 1070 909 1114 dicta
931 1070 1032 1114 sint.
1057 1071 1188 1124 Quod
1203 1071 1389 1130 exigitur
1410 1071 1540 1115 etiam
1558 1086 1582 1115 a
1603 1079 1798 1115 narrato·
1832 1034 1840 1435 Ι

1835 1931 1841 2044 l

346 1163 355 1171 x
410 1143 530 1187 ribus
565 1141 789 1200 Evangelii
814 1162 822 1187 :
859 1158 961 1187 cum
992 1143 1108 1186 enim
1134 1144 1356 1189 Christum
1384 1152 1562 1188 narrent
1595 1143 1798 1204 quaedam

412 1213 588 1268 dixisse,
614 1229 711 1273 quae
739 1214 785 1256 in
816 1213 1032 1272 parabolis
1056 1213 1188 1270 dixit,
1214 1223 1361 1258 tamen
1388 1215 1482 1258 haee
1512 1230 1614 1259 eum
1646 1213 1798 1259 dixisse
1860 1226 1866 1241 '⁴

412 1299 502 1329 non
527 1283 733 1344 parabola
749 1319 760 1339 ,
781 1284 857 1329 sed
878 1284 1081 1328 historica
1102 1284 1292 1329 narratio
1314 1293 1392 1329 est.

905 1393 1142 1443 QUAESTIO
1173 1393 1321 1434 (1va.

477 1516 498 1539 «
521 1499 586 1540 ΕΤ
607 1504 698 1539 erat
719 1495 780 1539 ibi
796 1499 966 1553 Moyses
988 1496 1034 1539 in
1057 1505 1291 1555 conspectu
1314 1496 1486 1541 Domini
1509 1495 1795 1557 quadraginta

418 1588 438 1609 >›
474 1567 628 1611 diebus
647 1577 689 1611 et
706 1567 995 1627 quadraginta
1016 1567 1241 1622 noctibus,
1267 1583 1425 1627 panem
1447 1583 1536 1612 non
1557 1565 1796 1611 manduca-
1836 1601 1839 1613 .

418 1657 438 1679 »
474 1638 562 1692 vit,
599 1647 641 1681 et
674 1653 831 1698 aquam
868 1653 957 1681 non
990 1637 1145 1681 bibitss.
1175 1656 1194 1678 »
1232 1637 1361 1691 Quod
1399 1647 1442 1682 et
1478 1647 1578 1682 ante
1609 1637 1815 1694 dixeram*

414 1710 592 1771 quando
614 1709 785 1753 tabulas
809 1709 974 1768 accepit
988 1744 999 1763 ,
1024 1724 1130 1768 quas
1151 1707 1305 1767 fregit,
1330 1709 1414 1753 hoc
1432 1709 1562 1752 etiam
1583 1708 1715 1753 modo
1737 1724 1813 1775 re-¹

414 1781 525 1842 petit
553 1802 563 1827 :
590 1797 679 1825 non
706 1779 1034 1840 recapitulando
1064 1778 1185 1839 quod
1219 1779 1383 1824 factum
1412 1789 1497 1835 est,
1531 1779 1607 1824 sed
1643 1780 1813 1843 iterum,

416 1852 582 1898 factum
599 1868 687 1896 esse
705 1851 1029 1896 commendans.
1048 1851 1265 1911 Repetitio
1282 1852 1445 1912 quippe
1459 1852 1583 1910 Legis
1591 1853 1680 1911 jam
1694 1845 1812 1912 quid*
1837 1900 1840 1915 y

414 1923 626 1982 significet
647 1922 848 1966 diximus.
881 1920 1010 1974 Quod
1032 1930 1176 1965 autem
1199 1922 1258 1965 ait
1285 1941 1293 1965 ε
1323 1941 1342 1963 «
1369 1925 1531 1965 Panem
1558 1937 1649 1965 non
1677 1937 1811 1983 man-¹

420 2014 440 2036 ))
476 1993 676 2048 ducavit,
703 2002 745 2037 et
768 2008 926 2053 aquam
944 2009 1033 2037 non
1055 1993 1193 2048 bibit,
1222 2011 1242 2033 »
1266 1992 1540 2050 intelligitur,
1562 1985 1811 2052 jejunavit‚³

416 2082 440 2110 a
474 2074 594 2124 parte
622 2073 764 2108 totum
788 2084 796 2107 2
824 2062 868 2106 id
888 2073 979 2118 est,
1006 2063 1182 2107 nomine
1210 2063 1333 2122 panis
1356 2077 1531 2106 omnem
1551 2063 1721 2118 cibum,
1758 2059 1810 2107 et}
1838 2064 1840 2068 ’
1862 2057 1872 2095 b*

416 2135 593 2181 nomine
615 2150 740 2193 aquae
762 2149 936 2178 omnem
956 2143 1111 2193 potum
1134 2134 1402 2192 significante
1426 2132 1663 2192 Scriptura.
1808 2146 1809 2158 ¹
1863 2141 1872 2183 (ί

888 2240 1125 2291 QUAEsrlo
1158 2241 1323 2282 CLXVI.

1839 2229 1841 2255 π

482 2363 502 2386 (ι
525 2346 590 2388 ΕΤ
617 2342 785 2402 scripsit
805 2342 850 2386 in
871 2341 1031 2385 tabulis
1055 2341 1186 2385 verba
1210 2341 1496 2396 Testamenti,
1521 2340 1671 2385 decem
1704 2355 1797 2385 ver·
1838 2271 1842 2411 i
1864 2352 1870 2379 θ

422 2433 442 2456 »
478 2414 575 2457 ba4.
605 2432 624 2454 »
651 2416 712 2457 De
739 2415 889 2470 Moyse
911 2411 1078 2456 dictum
1111 2421 1174 2455 est
1205 2413 1327 2471 quod
1347 2412 1437 2470 ipse
1469 2411 1705 2471 scripserit,
1729 2411 1796 2456 cui
1839 2415 1842 2481 t

417 2485 547 2528 etiam
570 2487 683 2527 Deus
698 2483 828 2542 paulo
849 2492 947 2526 ante
961 2482 1149 2528 dixerat:
1170 2501 1191 2525 «
1209 2482 1358 2527 Scribe
1375 2482 1455 2526 tibi
1477 2482 1608 2526 verba
1623 2482 1759 2526 haec⁵.
1773 2499 1792 2522 »
1840 2515 1841 2527 ,
1862 2493 1872 2520 01

473 2587 480 2602 ¹
503 2581 600 2612 Exod.
621 2591 740 2622 xxxiv,
759 2579 814 2612 26.
831 2596 872 2601 -
892 2586 905 2602 2
925 2579 972 2611 ld.
991 2590 1108 2620 xxxin,
1128 2588 1182 2611 2¹2.
1205 2596 1235 2600 —
1263 2577 1339 2611 31d.
1360 2589 1472 2619 xxxiv,
1491 2578 1544 2610 28.
1566 2595 1607 2600 —
1624 2576 1639 2606 4
1655 2577 1735 2609 Ibid.
1755 2572 1804 2610 -ἶ
1864 2567 1872 2591 ‘l

427 2633 439 2655 Π
455 2636 534 2668 lbid.
555 2645 607 2677 ¹27,
