<?xml version="1.0" encoding="UTF-8"?>
<!DOCTYPE html PUBLIC "-//W3C//DTD XHTML 1.0 Transitional//EN"
    "http://www.w3.org/TR/xhtml1/DTD/xhtml1-transitional.dtd">
<html xmlns="http://www.w3.org/1999/xhtml" xml:lang="en" lang="en">
 <head>
  <title>
</title>
<meta http-equiv="Content-Type" content="text/html;charset=utf-8" />
  <meta name='ocr-system' content='tesseract 3.04.00' />
  <meta name='ocr-capabilities' content='ocr_page ocr_carea ocr_par ocr_line ocrx_word'/>
</head>
<body>
  <div class='ocr_page' id='page_1' title='image "./operaomniaaccura06auguuoft_0369.png"; bbox 0 0 1872 3267; ppageno 0'>
   <div class='ocr_carea' id='block_1_1' title="bbox 329 279 1448 330">
    <p class='ocr_par' dir='ltr' id='par_1_1' title="bbox 329 279 1448 330">
     <span class='ocr_line' id='line_1_1' title="bbox 329 279 1448 330; baseline -0.003 -10"><span class='ocrx_word' id='word_1_1' title='bbox 329 294 598 330; x_wconf 68' lang='lat' dir='ltr'>QUAEsTloNEs</span> <span class='ocrx_word' id='word_1_2' title='bbox 629 294 675 321; x_wconf 71' lang='lat' dir='ltr'>nv</span> <span class='ocrx_word' id='word_1_3' title='bbox 707 293 968 330; x_wconf 82' lang='lat' dir='ltr'>LEVITICUM,</span> <span class='ocrx_word' id='word_1_4' title='bbox 1005 292 1089 318; x_wconf 74' lang='lat' dir='ltr'>Lm.</span> <span class='ocrx_word' id='word_1_5' title='bbox 1125 292 1192 318; x_wconf 87' lang='lat'>111.</span> <span class='ocrx_word' id='word_1_6' title='bbox 1364 279 1448 318; x_wconf 88' lang='grc'>363</span> 
     </span>
    </p>
   </div>
   <div class='ocr_carea' id='block_1_2' title="bbox 0 354 1455 1554">
    <p class='ocr_par' dir='ltr' id='par_1_2' title="bbox 0 354 1455 1554">
     <span class='ocr_line' id='line_1_2' title="bbox 61 354 1444 419; baseline -0.005 -17"><span class='ocrx_word' id='word_1_7' title='bbox 61 378 85 402; x_wconf 72' lang='grc' dir='ltr'><strong>υ</strong></span> <span class='ocrx_word' id='word_1_8' title='bbox 118 367 408 419; x_wconf 80' lang='lat' dir='ltr'>peccaverunt</span> <span class='ocrx_word' id='word_1_9' title='bbox 424 359 469 402; x_wconf 89' lang='lat' dir='ltr'>in</span> <span class='ocrx_word' id='word_1_10' title='bbox 486 359 578 403; x_wconf 84' lang='lat' dir='ltr'>eo¹.</span> <span class='ocrx_word' id='word_1_11' title='bbox 604 376 624 399; x_wconf 89' lang='lat'>»</span> <span class='ocrx_word' id='word_1_12' title='bbox 642 359 755 402; x_wconf 88' lang='lat' dir='ltr'>Ecce</span> <span class='ocrx_word' id='word_1_13' title='bbox 771 356 849 400; x_wconf 90' lang='lat' dir='ltr'>ubi</span> <span class='ocrx_word' id='word_1_14' title='bbox 864 355 996 401; x_wconf 79' lang='lat' dir='ltr'>dixit:</span> <span class='ocrx_word' id='word_1_15' title='bbox 1017 374 1037 397; x_wconf 84' lang='lat'><strong>«</strong></span> <span class='ocrx_word' id='word_1_16' title='bbox 1056 358 1115 399; x_wconf 83' lang='lat' dir='ltr'>Et</span> <span class='ocrx_word' id='word_1_17' title='bbox 1127 354 1406 415; x_wconf 80' lang='lat' dir='ltr'>deliquerint,</span> <span class='ocrx_word' id='word_1_18' title='bbox 1424 373 1444 396; x_wconf 86' lang='lat'>»</span> 
     </span>
     <span class='ocr_line' id='line_1_3' title="bbox 61 424 1450 488; baseline -0.004 -14"><span class='ocrx_word' id='word_1_19' title='bbox 61 430 122 480; x_wconf 85' lang='lat' dir='ltr'>ibi</span> <span class='ocrx_word' id='word_1_20' title='bbox 153 430 364 474; x_wconf 79' lang='lat' dir='ltr'>continuo</span> <span class='ocrx_word' id='word_1_21' title='bbox 397 449 417 471; x_wconf 92' lang='lat'>«</span> <span class='ocrx_word' id='word_1_22' title='bbox 450 432 683 474; x_wconf 85' lang='lat' dir='ltr'>Peccatum</span> <span class='ocrx_word' id='word_1_23' title='bbox 720 426 841 488; x_wconf 91' lang='lat' dir='ltr'>quod</span> <span class='ocrx_word' id='word_1_24' title='bbox 872 435 1183 486; x_wconf 86' lang='lat' dir='ltr'>peccaverunt,</span> <span class='ocrx_word' id='word_1_25' title='bbox 1215 443 1235 466; x_wconf 89' lang='lat'>»</span> <span class='ocrx_word' id='word_1_26' title='bbox 1280 424 1450 470; x_wconf 86' lang='lat' dir='ltr'>addidit</span> 
     </span>
     <span class='ocr_line' id='line_1_4' title="bbox 61 496 1450 560; baseline -0.004 -15"><span class='ocrx_word' id='word_1_27' title='bbox 61 501 145 546; x_wconf 89' lang='lat' dir='ltr'>hoc</span> <span class='ocrx_word' id='word_1_28' title='bbox 166 500 309 560; x_wconf 89' lang='lat' dir='ltr'>ipsum</span> <span class='ocrx_word' id='word_1_29' title='bbox 333 500 486 559; x_wconf 86' lang='lat' dir='ltr'>utique</span> <span class='ocrx_word' id='word_1_30' title='bbox 503 497 625 559; x_wconf 89' lang='lat' dir='ltr'>quod</span> <span class='ocrx_word' id='word_1_31' title='bbox 646 497 942 558; x_wconf 86' lang='lat' dir='ltr'>deliquerunt.</span> <span class='ocrx_word' id='word_1_32' title='bbox 969 500 1026 541; x_wconf 92' lang='lat' dir='ltr'>Et</span> <span class='ocrx_word' id='word_1_33' title='bbox 1052 496 1185 556; x_wconf 88' lang='lat' dir='ltr'>paulo</span> <span class='ocrx_word' id='word_1_34' title='bbox 1207 505 1330 555; x_wconf 87' lang='lat' dir='ltr'>post:</span> <span class='ocrx_word' id='word_1_35' title='bbox 1362 515 1381 538; x_wconf 86' lang='lat'>«</span> <span class='ocrx_word' id='word_1_36' title='bbox 1409 496 1450 540; x_wconf 90' lang='lat' dir='ltr'>Si</span> 
     </span>
     <span class='ocr_line' id='line_1_5' title="bbox 62 566 1450 630; baseline -0.004 -14"><span class='ocrx_word' id='word_1_37' title='bbox 62 589 84 616; x_wconf 86' lang='lat'>»</span> <span class='ocrx_word' id='word_1_38' title='bbox 119 581 265 616; x_wconf 85' lang='lat' dir='ltr'>autem</span> <span class='ocrx_word' id='word_1_39' title='bbox 287 571 509 630; x_wconf 89' lang='lat' dir='ltr'>princeps,</span> <span class='ocrx_word' id='word_1_40' title='bbox 534 570 700 630; x_wconf 89' lang='lat' dir='ltr'>inquit,</span> <span class='ocrx_word' id='word_1_41' title='bbox 720 568 980 629; x_wconf 84' lang='lat' dir='ltr'>peccaverit,</span> <span class='ocrx_word' id='word_1_42' title='bbox 1003 578 1046 612; x_wconf 91' lang='lat' dir='ltr'>et</span> <span class='ocrx_word' id='word_1_43' title='bbox 1063 566 1214 611; x_wconf 89' lang='lat' dir='ltr'>fecerit</span> <span class='ocrx_word' id='word_1_44' title='bbox 1236 582 1376 611; x_wconf 89' lang='lat' dir='ltr'>unum</span> <span class='ocrx_word' id='word_1_45' title='bbox 1394 567 1450 611; x_wconf 90' lang='lat' dir='ltr'>ab</span> 
     </span>
     <span class='ocr_line' id='line_1_6' title="bbox 63 636 1452 701; baseline -0.006 -13"><span class='ocrx_word' id='word_1_46' title='bbox 63 661 84 689; x_wconf 68' lang='grc' dir='ltr'>»ι</span> <span class='ocrx_word' id='word_1_47' title='bbox 118 642 322 687; x_wconf 87' lang='lat' dir='ltr'>omnibus</span> <span class='ocrx_word' id='word_1_48' title='bbox 350 642 577 701; x_wconf 85' lang='lat' dir='ltr'>praeceptis</span> <span class='ocrx_word' id='word_1_49' title='bbox 599 640 774 685; x_wconf 89' lang='lat' dir='ltr'>Domini</span> <span class='ocrx_word' id='word_1_50' title='bbox 795 641 874 685; x_wconf 89' lang='lat' dir='ltr'>Dei</span> <span class='ocrx_word' id='word_1_51' title='bbox 896 640 991 695; x_wconf 87' lang='lat' dir='ltr'>sui,</span> <span class='ocrx_word' id='word_1_52' title='bbox 1021 636 1144 699; x_wconf 92' lang='lat' dir='ltr'>quod</span> <span class='ocrx_word' id='word_1_53' title='bbox 1162 653 1252 682; x_wconf 91' lang='lat' dir='ltr'>non</span> <span class='ocrx_word' id='word_1_54' title='bbox 1274 638 1350 681; x_wconf 89' lang='lat' dir='ltr'>fiet</span> <span class='ocrx_word' id='word_1_55' title='bbox 1371 653 1452 681; x_wconf 93' lang='lat' dir='ltr'>no-</span> 
     </span>
     <span class='ocr_line' id='line_1_7' title="bbox 63 709 1452 773; baseline -0.004 -15"><span class='ocrx_word' id='word_1_56' title='bbox 63 733 84 758; x_wconf 81' lang='lat'>»</span> <span class='ocrx_word' id='word_1_57' title='bbox 117 714 236 769; x_wconf 89' lang='lat' dir='ltr'>lens,</span> <span class='ocrx_word' id='word_1_58' title='bbox 266 723 309 757; x_wconf 88' lang='lat' dir='ltr'>et</span> <span class='ocrx_word' id='word_1_59' title='bbox 340 712 576 773; x_wconf 84' lang='lat' dir='ltr'>deliquerit</span> <span class='ocrx_word' id='word_1_60' title='bbox 590 715 622 757; x_wconf 77' lang='lat'>2.</span> <span class='ocrx_word' id='word_1_61' title='bbox 652 732 671 755; x_wconf 89' lang='lat'>»</span> <span class='ocrx_word' id='word_1_62' title='bbox 709 716 819 757; x_wconf 88' lang='lat' dir='ltr'>Item</span> <span class='ocrx_word' id='word_1_63' title='bbox 852 711 898 756; x_wconf 89' lang='lat' dir='ltr'>in</span> <span class='ocrx_word' id='word_1_64' title='bbox 928 710 1329 771; x_wconf 84' lang='lat' dir='ltr'>consequentibus:</span> <span class='ocrx_word' id='word_1_65' title='bbox 1362 728 1382 750; x_wconf 68' lang='grc' dir='ltr'>α</span> <span class='ocrx_word' id='word_1_66' title='bbox 1410 709 1452 754; x_wconf 90' lang='lat' dir='ltr'>Si</span> 
     </span>
     <span class='ocr_line' id='line_1_8' title="bbox 63 779 1452 844; baseline -0.003 -16"><span class='ocrx_word' id='word_1_67' title='bbox 63 803 84 828; x_wconf 85' lang='lat'>»</span> <span class='ocrx_word' id='word_1_68' title='bbox 118 793 263 829; x_wconf 90' lang='lat' dir='ltr'>autem</span> <span class='ocrx_word' id='word_1_69' title='bbox 288 784 447 840; x_wconf 90' lang='lat' dir='ltr'>anima,</span> <span class='ocrx_word' id='word_1_70' title='bbox 465 784 625 844; x_wconf 90' lang='lat' dir='ltr'>inquit,</span> <span class='ocrx_word' id='word_1_71' title='bbox 646 799 733 828; x_wconf 86' lang='lat' dir='ltr'>una</span> <span class='ocrx_word' id='word_1_72' title='bbox 751 781 995 843; x_wconf 87' lang='lat' dir='ltr'>peccaverit</span> <span class='ocrx_word' id='word_1_73' title='bbox 1015 780 1190 835; x_wconf 91' lang='lat' dir='ltr'>nolens,</span> <span class='ocrx_word' id='word_1_74' title='bbox 1210 779 1265 823; x_wconf 90' lang='lat' dir='ltr'>de</span> <span class='ocrx_word' id='word_1_75' title='bbox 1286 779 1452 839; x_wconf 85' lang='lat' dir='ltr'>populo</span> 
     </span>
     <span class='ocr_line' id='line_1_9' title="bbox 63 851 1452 916; baseline -0.005 -16"><span class='ocrx_word' id='word_1_76' title='bbox 63 874 84 900; x_wconf 85' lang='lat'>»</span> <span class='ocrx_word' id='word_1_77' title='bbox 120 865 246 900; x_wconf 82' lang='lat' dir='ltr'>terrae</span> <span class='ocrx_word' id='word_1_78' title='bbox 261 890 272 912; x_wconf 97' lang='lat'>,</span> <span class='ocrx_word' id='word_1_79' title='bbox 303 856 350 899; x_wconf 92' lang='lat' dir='ltr'>in</span> <span class='ocrx_word' id='word_1_80' title='bbox 373 871 425 900; x_wconf 90' lang='lat' dir='ltr'>eo</span> <span class='ocrx_word' id='word_1_81' title='bbox 458 854 579 916; x_wconf 89' lang='lat' dir='ltr'>quod</span> <span class='ocrx_word' id='word_1_82' title='bbox 600 854 704 899; x_wconf 85' lang='lat' dir='ltr'>facit</span> <span class='ocrx_word' id='word_1_83' title='bbox 726 855 782 899; x_wconf 88' lang='lat' dir='ltr'>ab</span> <span class='ocrx_word' id='word_1_84' title='bbox 805 853 1006 899; x_wconf 90' lang='lat' dir='ltr'>omnibus</span> <span class='ocrx_word' id='word_1_85' title='bbox 1029 851 1256 912; x_wconf 74' lang='lat' dir='ltr'>praeceptis</span> <span class='ocrx_word' id='word_1_86' title='bbox 1276 851 1452 895; x_wconf 89' lang='lat' dir='ltr'>Domini</span> 
     </span>
     <span class='ocr_line' id='line_1_10' title="bbox 63 921 1453 987; baseline -0.004 -16"><span class='ocrx_word' id='word_1_87' title='bbox 63 946 87 971; x_wconf 67' lang='lat' dir='ltr'>n</span> <span class='ocrx_word' id='word_1_88' title='bbox 119 927 241 987; x_wconf 90' lang='lat' dir='ltr'>quod</span> <span class='ocrx_word' id='word_1_89' title='bbox 262 942 352 971; x_wconf 92' lang='lat' dir='ltr'>non</span> <span class='ocrx_word' id='word_1_90' title='bbox 373 927 464 982; x_wconf 81' lang='lat' dir='ltr'>fiet,</span> <span class='ocrx_word' id='word_1_91' title='bbox 490 936 533 971; x_wconf 89' lang='lat' dir='ltr'>et</span> <span class='ocrx_word' id='word_1_92' title='bbox 550 926 783 987; x_wconf 83' lang='lat' dir='ltr'>deliquerit</span> <span class='ocrx_word' id='word_1_93' title='bbox 798 961 809 982; x_wconf 93' lang='lat'>,</span> <span class='ocrx_word' id='word_1_94' title='bbox 837 934 880 969; x_wconf 88' lang='lat' dir='ltr'>et</span> <span class='ocrx_word' id='word_1_95' title='bbox 901 923 1124 982; x_wconf 84' lang='lat' dir='ltr'>cognitum</span> <span class='ocrx_word' id='word_1_96' title='bbox 1142 921 1275 966; x_wconf 87' lang='lat' dir='ltr'>suerit</span> <span class='ocrx_word' id='word_1_97' title='bbox 1295 923 1334 966; x_wconf 88' lang='lat' dir='ltr'>ei</span> <span class='ocrx_word' id='word_1_98' title='bbox 1351 937 1453 982; x_wconf 91' lang='lat' dir='ltr'>pec-</span> 
     </span>
     <span class='ocr_line' id='line_1_11' title="bbox 63 993 1452 1058; baseline -0.003 -17"><span class='ocrx_word' id='word_1_99' title='bbox 63 1016 85 1041; x_wconf 81' lang='lat'>»</span> <span class='ocrx_word' id='word_1_100' title='bbox 118 1007 264 1042; x_wconf 87' lang='lat' dir='ltr'>catum</span> <span class='ocrx_word' id='word_1_101' title='bbox 280 1033 291 1053; x_wconf 93' lang='lat'>,</span> <span class='ocrx_word' id='word_1_102' title='bbox 316 997 438 1058; x_wconf 89' lang='lat' dir='ltr'>quod</span> <span class='ocrx_word' id='word_1_103' title='bbox 460 999 654 1057; x_wconf 82' lang='lat' dir='ltr'>peccavit</span> <span class='ocrx_word' id='word_1_104' title='bbox 677 998 723 1041; x_wconf 91' lang='lat' dir='ltr'>in</span> <span class='ocrx_word' id='word_1_105' title='bbox 742 997 836 1056; x_wconf 89' lang='lat' dir='ltr'>ipso</span> <span class='ocrx_word' id='word_1_106' title='bbox 851 997 883 1040; x_wconf 82' lang='lat'>³.</span> <span class='ocrx_word' id='word_1_107' title='bbox 905 1014 926 1036; x_wconf 87' lang='lat'>»</span> <span class='ocrx_word' id='word_1_108' title='bbox 961 998 1070 1039; x_wconf 83' lang='lat' dir='ltr'>Item</span> <span class='ocrx_word' id='word_1_109' title='bbox 1094 993 1223 1038; x_wconf 90' lang='lat' dir='ltr'>alibi:</span> <span class='ocrx_word' id='word_1_110' title='bbox 1255 1012 1275 1035; x_wconf 68' lang='lat' dir='ltr'>&lt;c</span> <span class='ocrx_word' id='word_1_111' title='bbox 1295 993 1452 1037; x_wconf 85' lang='lat' dir='ltr'>Anima</span> 
     </span>
     <span class='ocr_line' id='line_1_12' title="bbox 65 1063 1454 1129; baseline -0.004 -16"><span class='ocrx_word' id='word_1_112' title='bbox 65 1088 85 1112; x_wconf 87' lang='lat'>&gt;›</span> <span class='ocrx_word' id='word_1_113' title='bbox 119 1084 412 1129; x_wconf 84' lang='lat' dir='ltr'>quaecumque</span> <span class='ocrx_word' id='word_1_114' title='bbox 428 1069 642 1129; x_wconf 85' lang='lat' dir='ltr'>juraverit</span> <span class='ocrx_word' id='word_1_115' title='bbox 663 1068 935 1127; x_wconf 83' lang='lat' dir='ltr'>distinguens</span> <span class='ocrx_word' id='word_1_116' title='bbox 951 1065 1076 1109; x_wconf 85' lang='lat' dir='ltr'>labiis</span> <span class='ocrx_word' id='word_1_117' title='bbox 1097 1063 1356 1109; x_wconf 84' lang='lat' dir='ltr'>malefacere</span> <span class='ocrx_word' id='word_1_118' title='bbox 1377 1072 1454 1107; x_wconf 85' lang='lat' dir='ltr'>aut</span> 
     </span>
     <span class='ocr_line' id='line_1_13' title="bbox 63 1134 1454 1197; baseline -0.004 -15"><span class='ocrx_word' id='word_1_119' title='bbox 63 1157 84 1182; x_wconf 86' lang='lat'>»</span> <span class='ocrx_word' id='word_1_120' title='bbox 119 1138 402 1194; x_wconf 84' lang='lat' dir='ltr'>benefacere,</span> <span class='ocrx_word' id='word_1_121' title='bbox 438 1138 680 1183; x_wconf 89' lang='lat' dir='ltr'>secundum</span> <span class='ocrx_word' id='word_1_122' title='bbox 716 1138 863 1182; x_wconf 85' lang='lat' dir='ltr'>omnia</span> <span class='ocrx_word' id='word_1_123' title='bbox 891 1150 1183 1197; x_wconf 73' lang='lat' dir='ltr'>quaecumque</span> <span class='ocrx_word' id='word_1_124' title='bbox 1210 1134 1454 1178; x_wconf 79' lang='lat' dir='ltr'>distinxerit</span> 
     </span>
     <span class='ocr_line' id='line_1_14' title="bbox 62 1205 1455 1271; baseline -0.004 -18"><span class='ocrx_word' id='word_1_125' title='bbox 62 1229 82 1253; x_wconf 91' lang='lat'>»</span> <span class='ocrx_word' id='word_1_126' title='bbox 116 1211 250 1254; x_wconf 90' lang='lat' dir='ltr'>homo</span> <span class='ocrx_word' id='word_1_127' title='bbox 271 1225 372 1254; x_wconf 91' lang='lat' dir='ltr'>cum</span> <span class='ocrx_word' id='word_1_128' title='bbox 390 1209 674 1271; x_wconf 87' lang='lat' dir='ltr'>jurejurando</span> <span class='ocrx_word' id='word_1_129' title='bbox 689 1243 700 1264; x_wconf 94' lang='lat'>,</span> <span class='ocrx_word' id='word_1_130' title='bbox 724 1218 767 1252; x_wconf 92' lang='lat' dir='ltr'>et</span> <span class='ocrx_word' id='word_1_131' title='bbox 789 1207 968 1252; x_wconf 90' lang='lat' dir='ltr'>latuerit</span> <span class='ocrx_word' id='word_1_132' title='bbox 985 1221 1085 1250; x_wconf 89' lang='lat' dir='ltr'>eum</span> <span class='ocrx_word' id='word_1_133' title='bbox 1099 1241 1111 1261; x_wconf 87' lang='lat'>,</span> <span class='ocrx_word' id='word_1_134' title='bbox 1137 1215 1179 1249; x_wconf 90' lang='lat' dir='ltr'>et</span> <span class='ocrx_word' id='word_1_135' title='bbox 1203 1205 1275 1249; x_wconf 89' lang='lat' dir='ltr'>bic</span> <span class='ocrx_word' id='word_1_136' title='bbox 1296 1220 1455 1263; x_wconf 84' lang='lat' dir='ltr'>cogno-</span> 
     </span>
     <span class='ocr_line' id='line_1_15' title="bbox 62 1276 1453 1340; baseline -0.003 -17"><span class='ocrx_word' id='word_1_137' title='bbox 62 1299 83 1324; x_wconf 88' lang='lat'>»</span> <span class='ocrx_word' id='word_1_138' title='bbox 116 1281 248 1336; x_wconf 85' lang='lat' dir='ltr'>verit,</span> <span class='ocrx_word' id='word_1_139' title='bbox 274 1291 318 1325; x_wconf 87' lang='lat' dir='ltr'>et</span> <span class='ocrx_word' id='word_1_140' title='bbox 350 1281 597 1340; x_wconf 79' lang='lat' dir='ltr'>peccaverit</span> <span class='ocrx_word' id='word_1_141' title='bbox 628 1294 768 1323; x_wconf 88' lang='lat' dir='ltr'>unum</span> <span class='ocrx_word' id='word_1_142' title='bbox 800 1294 851 1321; x_wconf 78' lang='lat' dir='ltr'>ex</span> <span class='ocrx_word' id='word_1_143' title='bbox 873 1277 967 1334; x_wconf 71' lang='lat' dir='ltr'>his,</span> <span class='ocrx_word' id='word_1_144' title='bbox 1001 1286 1043 1321; x_wconf 87' lang='lat' dir='ltr'>et</span> <span class='ocrx_word' id='word_1_145' title='bbox 1067 1276 1290 1321; x_wconf 86' lang='lat' dir='ltr'>confessus</span> <span class='ocrx_word' id='word_1_146' title='bbox 1319 1276 1453 1320; x_wconf 87' lang='lat' dir='ltr'>fuerit</span> 
     </span>
     <span class='ocr_line' id='line_1_16' title="bbox 0 1347 1454 1415; baseline -0.003 -21"><span class='ocrx_word' id='word_1_147' title='bbox 0 1409 1 1415; x_wconf 17' lang='grc'>1</span> <span class='ocrx_word' id='word_1_148' title='bbox 62 1369 83 1394; x_wconf 87' lang='lat'>»</span> <span class='ocrx_word' id='word_1_149' title='bbox 117 1361 346 1412; x_wconf 89' lang='lat' dir='ltr'>peccatum</span> <span class='ocrx_word' id='word_1_150' title='bbox 370 1367 449 1411; x_wconf 88' lang='lat' dir='ltr'>pro</span> <span class='ocrx_word' id='word_1_151' title='bbox 480 1367 568 1411; x_wconf 87' lang='lat' dir='ltr'>quo</span> <span class='ocrx_word' id='word_1_152' title='bbox 590 1350 787 1410; x_wconf 85' lang='lat' dir='ltr'>peccavit</span> <span class='ocrx_word' id='word_1_153' title='bbox 815 1348 1020 1394; x_wconf 83' lang='lat' dir='ltr'>adversus</span> <span class='ocrx_word' id='word_1_154' title='bbox 1042 1349 1206 1408; x_wconf 82' lang='lat' dir='ltr'>ipsum,</span> <span class='ocrx_word' id='word_1_155' title='bbox 1233 1357 1276 1391; x_wconf 91' lang='lat' dir='ltr'>et</span> <span class='ocrx_word' id='word_1_156' title='bbox 1298 1347 1454 1390; x_wconf 82' lang='lat' dir='ltr'>offeret</span> 
     </span>
     <span class='ocr_line' id='line_1_17' title="bbox 0 1418 1454 1484; baseline -0.003 -18"><span class='ocrx_word' id='word_1_157' title='bbox 0 1420 1 1431; x_wconf 57' lang='lat'>¹</span> <span class='ocrx_word' id='word_1_158' title='bbox 62 1442 83 1466; x_wconf 87' lang='lat'>»</span> <span class='ocrx_word' id='word_1_159' title='bbox 118 1439 197 1484; x_wconf 89' lang='lat' dir='ltr'>pro</span> <span class='ocrx_word' id='word_1_160' title='bbox 229 1424 289 1468; x_wconf 87' lang='lat' dir='ltr'>eis</span> <span class='ocrx_word' id='word_1_161' title='bbox 318 1440 417 1484; x_wconf 79' lang='lat' dir='ltr'>quae</span> <span class='ocrx_word' id='word_1_162' title='bbox 451 1422 639 1482; x_wconf 88' lang='lat' dir='ltr'>deliquit</span> <span class='ocrx_word' id='word_1_163' title='bbox 666 1421 883 1477; x_wconf 81' lang='lat' dir='ltr'>Domino,</span> <span class='ocrx_word' id='word_1_164' title='bbox 919 1436 999 1480; x_wconf 85' lang='lat' dir='ltr'>pro</span> <span class='ocrx_word' id='word_1_165' title='bbox 1033 1436 1085 1464; x_wconf 90' lang='lat' dir='ltr'>eo</span> <span class='ocrx_word' id='word_1_166' title='bbox 1118 1428 1300 1479; x_wconf 87' lang='lat' dir='ltr'>peccato</span> <span class='ocrx_word' id='word_1_167' title='bbox 1332 1418 1454 1478; x_wconf 86' lang='lat' dir='ltr'>quod</span> 
     </span>
     <span class='ocr_line' id='line_1_18' title="bbox 0 1490 1452 1554; baseline -0.003 -16"><span class='ocrx_word' id='word_1_168' title='bbox 0 1496 1 1551; x_wconf 82' lang='lat' dir='ltr'><strong>j</strong></span> <span class='ocrx_word' id='word_1_169' title='bbox 63 1512 84 1538; x_wconf 91' lang='lat'>»</span> <span class='ocrx_word' id='word_1_170' title='bbox 118 1495 361 1554; x_wconf 74' lang='lat' dir='ltr'>peccavit4.</span> <span class='ocrx_word' id='word_1_171' title='bbox 390 1513 410 1536; x_wconf 89' lang='lat'>»</span> <span class='ocrx_word' id='word_1_172' title='bbox 431 1497 489 1538; x_wconf 89' lang='lat' dir='ltr'>Et</span> <span class='ocrx_word' id='word_1_173' title='bbox 513 1497 645 1553; x_wconf 84' lang='lat' dir='ltr'>paulo</span> <span class='ocrx_word' id='word_1_174' title='bbox 666 1501 766 1552; x_wconf 87' lang='lat' dir='ltr'>post</span> <span class='ocrx_word' id='word_1_175' title='bbox 795 1511 803 1536; x_wconf 90' lang='lat'><strong>:</strong></span> <span class='ocrx_word' id='word_1_176' title='bbox 836 1511 856 1533; x_wconf 86' lang='lat'>«</span> <span class='ocrx_word' id='word_1_177' title='bbox 880 1494 938 1535; x_wconf 91' lang='lat' dir='ltr'>Et</span> <span class='ocrx_word' id='word_1_178' title='bbox 959 1491 1132 1535; x_wconf 88' lang='lat' dir='ltr'>locutus</span> <span class='ocrx_word' id='word_1_179' title='bbox 1155 1499 1219 1534; x_wconf 87' lang='lat' dir='ltr'>est</span> <span class='ocrx_word' id='word_1_180' title='bbox 1239 1490 1452 1534; x_wconf 88' lang='lat' dir='ltr'>Dominus</span> 
     </span>
    </p>
   </div>
   <div class='ocr_carea' id='block_1_3' title="bbox 0 1559 1456 1695">
    <p class='ocr_par' dir='ltr' id='par_1_3' title="bbox 0 1559 1456 1695">
     <span class='ocr_line' id='line_1_19' title="bbox 0 1559 1456 1622; baseline -0.003 -15"><span class='ocrx_word' id='word_1_181' title='bbox 0 1576 2 1591; x_wconf 62' lang='lat'>&gt;</span> <span class='ocrx_word' id='word_1_182' title='bbox 63 1583 84 1607; x_wconf 87' lang='lat'>»</span> <span class='ocrx_word' id='word_1_183' title='bbox 117 1563 173 1609; x_wconf 88' lang='lat' dir='ltr'>ad</span> <span class='ocrx_word' id='word_1_184' title='bbox 189 1568 374 1622; x_wconf 86' lang='lat' dir='ltr'>Moysen</span> <span class='ocrx_word' id='word_1_185' title='bbox 395 1564 543 1608; x_wconf 90' lang='lat' dir='ltr'>dicens</span> <span class='ocrx_word' id='word_1_186' title='bbox 561 1583 569 1608; x_wconf 90' lang='lat'>:</span> <span class='ocrx_word' id='word_1_187' title='bbox 591 1563 750 1607; x_wconf 82' lang='lat' dir='ltr'>Anima</span> <span class='ocrx_word' id='word_1_188' title='bbox 771 1562 805 1606; x_wconf 90' lang='lat' dir='ltr'>si</span> <span class='ocrx_word' id='word_1_189' title='bbox 824 1561 1000 1605; x_wconf 86' lang='lat' dir='ltr'>latuerit</span> <span class='ocrx_word' id='word_1_190' title='bbox 1017 1576 1117 1605; x_wconf 86' lang='lat' dir='ltr'>curn</span> <span class='ocrx_word' id='word_1_191' title='bbox 1141 1559 1387 1616; x_wconf 85' lang='lat' dir='ltr'>oblivione,</span> <span class='ocrx_word' id='word_1_192' title='bbox 1413 1569 1456 1604; x_wconf 85' lang='lat' dir='ltr'>et</span> 
     </span>
     <span class='ocr_line' id='line_1_20' title="bbox 0 1630 1455 1695; baseline -0.002 -17"><span class='ocrx_word' id='word_1_193' title='bbox 0 1653 2 1678; x_wconf 74' lang='grc' dir='ltr'>ι</span> <span class='ocrx_word' id='word_1_194' title='bbox 63 1654 84 1678; x_wconf 87' lang='grc'>»</span> <span class='ocrx_word' id='word_1_195' title='bbox 119 1635 364 1695; x_wconf 87' lang='lat' dir='ltr'>peccaverit</span> <span class='ocrx_word' id='word_1_196' title='bbox 391 1634 544 1678; x_wconf 83' lang='lat' dir='ltr'>nolens</span> <span class='ocrx_word' id='word_1_197' title='bbox 566 1649 590 1677; x_wconf 91' lang='lat' dir='ltr'>a</span> <span class='ocrx_word' id='word_1_198' title='bbox 611 1633 770 1677; x_wconf 89' lang='lat' dir='ltr'>sanctis</span> <span class='ocrx_word' id='word_1_199' title='bbox 803 1632 1004 1687; x_wconf 86' lang='lat' dir='ltr'>Domini,</span> <span class='ocrx_word' id='word_1_200' title='bbox 1035 1631 1191 1675; x_wconf 85' lang='lat' dir='ltr'>offeret</span> <span class='ocrx_word' id='word_1_201' title='bbox 1214 1630 1361 1676; x_wconf 83' lang='lat' dir='ltr'>delicti</span> <span class='ocrx_word' id='word_1_202' title='bbox 1389 1631 1455 1675; x_wconf 86' lang='lat' dir='ltr'>sui</span> 
     </span>
    </p>
   </div>
   <div class='ocr_carea' id='block_1_4' title="bbox 0 0 20 1848">
    <p class='ocr_par' dir='ltr' id='par_1_4' title="bbox 0 0 20 1848">
     <span class='ocr_line' id='line_1_21' title="bbox 0 0 20 1848; baseline 0 0"><span class='ocrx_word' id='word_1_203' title='bbox 0 0 20 1848; x_wconf 95' lang='lat' dir='ltr'> </span> 
     </span>
    </p>
   </div>
   <div class='ocr_carea' id='block_1_5' title="bbox 0 1701 1457 2123">
    <p class='ocr_par' dir='ltr' id='par_1_5' title="bbox 0 1701 1457 2123">
     <span class='ocr_line' id='line_1_22' title="bbox 0 1701 1455 1762; baseline -0.002 -14"><span class='ocrx_word' id='word_1_204' title='bbox 0 1721 2 1728; x_wconf 67' lang='grc'>’</span> <span class='ocrx_word' id='word_1_205' title='bbox 63 1725 83 1749; x_wconf 92' lang='lat'>»</span> <span class='ocrx_word' id='word_1_206' title='bbox 119 1706 307 1750; x_wconf 91' lang='lat' dir='ltr'>Domino</span> <span class='ocrx_word' id='word_1_207' title='bbox 329 1705 507 1749; x_wconf 87' lang='lat' dir='ltr'>arietem</span> <span class='ocrx_word' id='word_1_208' title='bbox 532 1704 623 1748; x_wconf 87' lang='lat' dir='ltr'>sine</span> <span class='ocrx_word' id='word_1_209' title='bbox 649 1702 821 1748; x_wconf 87' lang='lat' dir='ltr'>macula</span> <span class='ocrx_word' id='word_1_210' title='bbox 859 1701 914 1746; x_wconf 88' lang='lat' dir='ltr'>de</span> <span class='ocrx_word' id='word_1_211' title='bbox 939 1702 1094 1747; x_wconf 85' lang='lat' dir='ltr'>ovibus</span> <span class='ocrx_word' id='word_1_212' title='bbox 1119 1702 1259 1762; x_wconf 85' lang='lat' dir='ltr'>pretio</span> <span class='ocrx_word' id='word_1_213' title='bbox 1290 1702 1455 1761; x_wconf 86' lang='lat' dir='ltr'>argenti</span> 
     </span>
     <span class='ocr_line' id='line_1_23' title="bbox 0 1772 1457 1834; baseline -0.003 -14"><span class='ocrx_word' id='word_1_214' title='bbox 0 1793 3 1820; x_wconf 67' lang='grc' dir='ltr'>ι</span> <span class='ocrx_word' id='word_1_215' title='bbox 64 1794 85 1818; x_wconf 81' lang='lat'>»</span> <span class='ocrx_word' id='word_1_216' title='bbox 119 1775 324 1820; x_wconf 89' lang='lat' dir='ltr'>siclorum</span> <span class='ocrx_word' id='word_1_217' title='bbox 337 1774 444 1820; x_wconf 82' lang='lat' dir='ltr'>siclo</span> <span class='ocrx_word' id='word_1_218' title='bbox 467 1783 634 1829; x_wconf 88' lang='lat' dir='ltr'>sancto,</span> <span class='ocrx_word' id='word_1_219' title='bbox 649 1789 730 1834; x_wconf 90' lang='lat' dir='ltr'>pro</span> <span class='ocrx_word' id='word_1_220' title='bbox 745 1789 835 1834; x_wconf 89' lang='lat' dir='ltr'>quo</span> <span class='ocrx_word' id='word_1_221' title='bbox 856 1772 1067 1833; x_wconf 86' lang='lat' dir='ltr'>deliquit,</span> <span class='ocrx_word' id='word_1_222' title='bbox 1087 1782 1131 1817; x_wconf 91' lang='lat' dir='ltr'>et</span> <span class='ocrx_word' id='word_1_223' title='bbox 1147 1788 1228 1833; x_wconf 89' lang='lat' dir='ltr'>pro</span> <span class='ocrx_word' id='word_1_224' title='bbox 1251 1788 1340 1833; x_wconf 93' lang='lat' dir='ltr'>quo</span> <span class='ocrx_word' id='word_1_225' title='bbox 1358 1788 1457 1831; x_wconf 88' lang='lat' dir='ltr'>pec-</span> 
     </span>
     <span class='ocr_line' id='line_1_24' title="bbox 7 1842 1454 1904; baseline -0.002 -14"><span class='ocrx_word' id='word_1_226' title='bbox 7 1847 10 1851; x_wconf 74' lang='grc'><em>’</em></span> <span class='ocrx_word' id='word_1_227' title='bbox 64 1866 84 1890; x_wconf 83' lang='grc'>»</span> <span class='ocrx_word' id='word_1_228' title='bbox 119 1848 232 1892; x_wconf 84' lang='lat' dir='ltr'>cavit</span> <span class='ocrx_word' id='word_1_229' title='bbox 253 1863 277 1892; x_wconf 88' lang='lat' dir='ltr'>a</span> <span class='ocrx_word' id='word_1_230' title='bbox 297 1847 472 1901; x_wconf 85' lang='lat' dir='ltr'>sanctis,</span> <span class='ocrx_word' id='word_1_231' title='bbox 493 1846 711 1900; x_wconf 83' lang='lat' dir='ltr'>restituet,</span> <span class='ocrx_word' id='word_1_232' title='bbox 733 1854 776 1888; x_wconf 88' lang='lat' dir='ltr'>et</span> <span class='ocrx_word' id='word_1_233' title='bbox 793 1844 966 1904; x_wconf 86' lang='lat' dir='ltr'>quintas</span> <span class='ocrx_word' id='word_1_234' title='bbox 985 1842 1157 1904; x_wconf 86' lang='lat' dir='ltr'>adjiciet</span> <span class='ocrx_word' id='word_1_235' title='bbox 1178 1858 1308 1903; x_wconf 89' lang='lat' dir='ltr'>super</span> <span class='ocrx_word' id='word_1_236' title='bbox 1324 1842 1454 1899; x_wconf 82' lang='lat' dir='ltr'>illud,</span> 
     </span>
     <span class='ocr_line' id='line_1_25' title="bbox 65 1913 1457 1972; baseline -0.001 -14"><span class='ocrx_word' id='word_1_237' title='bbox 65 1935 86 1959; x_wconf 87' lang='lat'>»</span> <span class='ocrx_word' id='word_1_238' title='bbox 120 1927 164 1961; x_wconf 90' lang='lat' dir='ltr'>et</span> <span class='ocrx_word' id='word_1_239' title='bbox 185 1916 308 1961; x_wconf 89' lang='lat' dir='ltr'>dabit</span> <span class='ocrx_word' id='word_1_240' title='bbox 328 1916 440 1960; x_wconf 86' lang='lat' dir='ltr'>illud</span> <span class='ocrx_word' id='word_1_241' title='bbox 461 1915 700 1960; x_wconf 87' lang='lat' dir='ltr'>sacerdoti:</span> <span class='ocrx_word' id='word_1_242' title='bbox 725 1923 767 1958; x_wconf 90' lang='lat' dir='ltr'>et</span> <span class='ocrx_word' id='word_1_243' title='bbox 791 1915 989 1959; x_wconf 83' lang='lat' dir='ltr'>sacerdos</span> <span class='ocrx_word' id='word_1_244' title='bbox 1011 1913 1206 1957; x_wconf 76' lang='lat' dir='ltr'>exorabit</span> <span class='ocrx_word' id='word_1_245' title='bbox 1231 1929 1310 1972; x_wconf 87' lang='lat' dir='ltr'>pro</span> <span class='ocrx_word' id='word_1_246' title='bbox 1333 1928 1384 1957; x_wconf 90' lang='lat' dir='ltr'>eo</span> <span class='ocrx_word' id='word_1_247' title='bbox 1412 1913 1457 1956; x_wconf 88' lang='lat' dir='ltr'>in</span> 
     </span>
     <span class='ocr_line' id='line_1_26' title="bbox 66 1984 1457 2045; baseline -0.001 -15"><span class='ocrx_word' id='word_1_248' title='bbox 66 2007 86 2030; x_wconf 87' lang='lat'>»</span> <span class='ocrx_word' id='word_1_249' title='bbox 121 1988 252 2032; x_wconf 88' lang='lat' dir='ltr'>ariete</span> <span class='ocrx_word' id='word_1_250' title='bbox 282 1987 453 2041; x_wconf 88' lang='lat' dir='ltr'>delicti,</span> <span class='ocrx_word' id='word_1_251' title='bbox 481 1996 524 2030; x_wconf 89' lang='lat' dir='ltr'>et</span> <span class='ocrx_word' id='word_1_252' title='bbox 549 1986 796 2031; x_wconf 88' lang='lat' dir='ltr'>remittetur</span> <span class='ocrx_word' id='word_1_253' title='bbox 825 1985 904 2030; x_wconf 89' lang='lat' dir='ltr'>illi.</span> <span class='ocrx_word' id='word_1_254' title='bbox 934 2004 954 2027; x_wconf 67' lang='lat' dir='ltr'>n</span> <span class='ocrx_word' id='word_1_255' title='bbox 984 1985 1191 2045; x_wconf 88' lang='lat' dir='ltr'>Sequitur</span> <span class='ocrx_word' id='word_1_256' title='bbox 1219 1984 1387 2039; x_wconf 88' lang='lat' dir='ltr'>adhuc,</span> <span class='ocrx_word' id='word_1_257' title='bbox 1413 1993 1457 2028; x_wconf 82' lang='lat' dir='ltr'>et</span> 
     </span>
     <span class='ocr_line' id='line_1_27' title="bbox 0 2056 1457 2123; baseline -0.003 -19"><span class='ocrx_word' id='word_1_258' title='bbox 0 2071 3 2123; x_wconf 59' lang='grc' dir='ltr'>ξ</span> <span class='ocrx_word' id='word_1_259' title='bbox 64 2058 169 2104; x_wconf 88' lang='lat' dir='ltr'>dicit</span> <span class='ocrx_word' id='word_1_260' title='bbox 194 2078 204 2104; x_wconf 87' lang='lat'>:</span> <span class='ocrx_word' id='word_1_261' title='bbox 228 2059 387 2103; x_wconf 86' lang='lat' dir='ltr'>Anima</span> <span class='ocrx_word' id='word_1_262' title='bbox 404 2073 695 2119; x_wconf 86' lang='lat' dir='ltr'>quaecumque</span> <span class='ocrx_word' id='word_1_263' title='bbox 712 2058 980 2117; x_wconf 84' lang='lat' dir='ltr'>peccaverit,</span> <span class='ocrx_word' id='word_1_264' title='bbox 1006 2066 1050 2101; x_wconf 85' lang='lat' dir='ltr'>et</span> <span class='ocrx_word' id='word_1_265' title='bbox 1071 2056 1224 2101; x_wconf 74' lang='lat' dir='ltr'>iecerit</span> <span class='ocrx_word' id='word_1_266' title='bbox 1244 2072 1384 2100; x_wconf 89' lang='lat' dir='ltr'>unum</span> <span class='ocrx_word' id='word_1_267' title='bbox 1402 2056 1457 2100; x_wconf 83' lang='lat' dir='ltr'>ab</span> 
     </span>
    </p>
   </div>
   <div class='ocr_carea' id='block_1_6' title="bbox 0 2128 1459 2332">
    <p class='ocr_par' dir='ltr' id='par_1_6' title="bbox 0 2128 1459 2332">
     <span class='ocr_line' id='line_1_28' title="bbox 0 2128 1459 2189; baseline -0.001 -16"><span class='ocrx_word' id='word_1_268' title='bbox 0 2151 3 2167; x_wconf 74' lang='grc' dir='ltr'>ι</span> <span class='ocrx_word' id='word_1_269' title='bbox 67 2148 88 2173; x_wconf 86' lang='grc'>»</span> <span class='ocrx_word' id='word_1_270' title='bbox 122 2130 325 2175; x_wconf 88' lang='lat' dir='ltr'>omnibus</span> <span class='ocrx_word' id='word_1_271' title='bbox 351 2130 579 2189; x_wconf 78' lang='lat' dir='ltr'>praeceptis</span> <span class='ocrx_word' id='word_1_272' title='bbox 603 2128 801 2183; x_wconf 86' lang='lat' dir='ltr'>Domini,</span> <span class='ocrx_word' id='word_1_273' title='bbox 825 2145 926 2189; x_wconf 84' lang='lat' dir='ltr'>quae</span> <span class='ocrx_word' id='word_1_274' title='bbox 950 2144 1040 2172; x_wconf 93' lang='lat' dir='ltr'>non</span> <span class='ocrx_word' id='word_1_275' title='bbox 1067 2137 1241 2188; x_wconf 85' lang='lat' dir='ltr'>oportet</span> <span class='ocrx_word' id='word_1_276' title='bbox 1268 2128 1362 2171; x_wconf 89' lang='lat' dir='ltr'>fieri</span> <span class='ocrx_word' id='word_1_277' title='bbox 1378 2163 1389 2182; x_wconf 90' lang='lat'>,</span> <span class='ocrx_word' id='word_1_278' title='bbox 1416 2137 1459 2172; x_wconf 89' lang='lat' dir='ltr'>et</span> 
     </span>
     <span class='ocr_line' id='line_1_29' title="bbox 0 2199 1458 2261; baseline 0 -18"><span class='ocrx_word' id='word_1_279' title='bbox 0 2227 1 2232; x_wconf 63' lang='lat'><em>=</em></span> <span class='ocrx_word' id='word_1_280' title='bbox 67 2220 88 2244; x_wconf 74' lang='lat' dir='ltr'>n</span> <span class='ocrx_word' id='word_1_281' title='bbox 123 2218 212 2247; x_wconf 92' lang='lat' dir='ltr'>non</span> <span class='ocrx_word' id='word_1_282' title='bbox 242 2202 515 2260; x_wconf 84' lang='lat' dir='ltr'>cognoverit,</span> <span class='ocrx_word' id='word_1_283' title='bbox 551 2210 595 2245; x_wconf 88' lang='lat' dir='ltr'>et</span> <span class='ocrx_word' id='word_1_284' title='bbox 622 2199 877 2261; x_wconf 78' lang='lat' dir='ltr'>deliquerit,</span> <span class='ocrx_word' id='word_1_285' title='bbox 909 2210 952 2244; x_wconf 89' lang='lat' dir='ltr'>et</span> <span class='ocrx_word' id='word_1_286' title='bbox 980 2200 1194 2259; x_wconf 88' lang='lat' dir='ltr'>acceperit</span> <span class='ocrx_word' id='word_1_287' title='bbox 1228 2209 1458 2259; x_wconf 86' lang='lat' dir='ltr'>peccatum</span> 
     </span>
     <span class='ocr_line' id='line_1_30' title="bbox 0 2271 1458 2332; baseline -0.001 -17"><span class='ocrx_word' id='word_1_288' title='bbox 0 2301 5 2313; x_wconf 60' lang='grc'><strong><em>«</em></strong></span> <span class='ocrx_word' id='word_1_289' title='bbox 69 2292 90 2315; x_wconf 82' lang='lat'>»</span> <span class='ocrx_word' id='word_1_290' title='bbox 123 2289 251 2318; x_wconf 90' lang='lat' dir='ltr'>suum</span> <span class='ocrx_word' id='word_1_291' title='bbox 277 2292 286 2318; x_wconf 75' lang='grc' dir='ltr'>ε</span> <span class='ocrx_word' id='word_1_292' title='bbox 320 2283 363 2318; x_wconf 90' lang='lat' dir='ltr'>et</span> <span class='ocrx_word' id='word_1_293' title='bbox 385 2273 537 2317; x_wconf 82' lang='lat' dir='ltr'>afferet</span> <span class='ocrx_word' id='word_1_294' title='bbox 565 2272 743 2317; x_wconf 85' lang='lat' dir='ltr'>arietem</span> <span class='ocrx_word' id='word_1_295' title='bbox 771 2271 826 2316; x_wconf 88' lang='lat' dir='ltr'>de</span> <span class='ocrx_word' id='word_1_296' title='bbox 856 2272 1009 2317; x_wconf 89' lang='lat' dir='ltr'>ovibus</span> <span class='ocrx_word' id='word_1_297' title='bbox 1041 2272 1180 2332; x_wconf 87' lang='lat' dir='ltr'>pretio</span> <span class='ocrx_word' id='word_1_298' title='bbox 1216 2271 1381 2329; x_wconf 83' lang='lat' dir='ltr'>argenti</span> <span class='ocrx_word' id='word_1_299' title='bbox 1412 2271 1458 2314; x_wconf 90' lang='lat' dir='ltr'>in</span> 
     </span>
    </p>
   </div>
   <div class='ocr_carea' id='block_1_7' title="bbox 3 2340 1458 2544">
    <p class='ocr_par' dir='ltr' id='par_1_7' title="bbox 3 2340 1458 2544">
     <span class='ocr_line' id='line_1_31' title="bbox 3 2340 1454 2403; baseline -0.001 -18"><span class='ocrx_word' id='word_1_300' title='bbox 3 2375 5 2378; x_wconf 85' lang='grc'><strong>-</strong></span> <span class='ocrx_word' id='word_1_301' title='bbox 69 2362 89 2386; x_wconf 85' lang='lat'>»</span> <span class='ocrx_word' id='word_1_302' title='bbox 122 2344 333 2389; x_wconf 89' lang='lat' dir='ltr'>delictum</span> <span class='ocrx_word' id='word_1_303' title='bbox 352 2344 407 2388; x_wconf 91' lang='lat' dir='ltr'>ad</span> <span class='ocrx_word' id='word_1_304' title='bbox 422 2344 690 2388; x_wconf 86' lang='lat' dir='ltr'>sacerdotem</span> <span class='ocrx_word' id='word_1_305' title='bbox 709 2363 717 2387; x_wconf 93' lang='lat'><strong>:</strong></span> <span class='ocrx_word' id='word_1_306' title='bbox 743 2343 1026 2403; x_wconf 85' lang='lat' dir='ltr'>exorabitque</span> <span class='ocrx_word' id='word_1_307' title='bbox 1048 2358 1128 2402; x_wconf 88' lang='lat' dir='ltr'>pro</span> <span class='ocrx_word' id='word_1_308' title='bbox 1151 2358 1203 2386; x_wconf 92' lang='lat' dir='ltr'>eo</span> <span class='ocrx_word' id='word_1_309' title='bbox 1226 2340 1426 2386; x_wconf 85' lang='lat' dir='ltr'>sacerdos</span> <span class='ocrx_word' id='word_1_310' title='bbox 1443 2376 1454 2396; x_wconf 94' lang='lat'>,</span> 
     </span>
     <span class='ocr_line' id='line_1_32' title="bbox 70 2412 1458 2474; baseline -0.001 -18"><span class='ocrx_word' id='word_1_311' title='bbox 70 2431 90 2456; x_wconf 74' lang='lat' dir='ltr'>n</span> <span class='ocrx_word' id='word_1_312' title='bbox 123 2430 202 2474; x_wconf 90' lang='lat' dir='ltr'>pro</span> <span class='ocrx_word' id='word_1_313' title='bbox 218 2416 459 2473; x_wconf 85' lang='lat' dir='ltr'>ignorantia</span> <span class='ocrx_word' id='word_1_314' title='bbox 479 2416 569 2474; x_wconf 85' lang='lat' dir='ltr'>ejus</span> <span class='ocrx_word' id='word_1_315' title='bbox 588 2429 721 2474; x_wconf 89' lang='lat' dir='ltr'>quam</span> <span class='ocrx_word' id='word_1_316' title='bbox 737 2413 969 2472; x_wconf 82' lang='lat' dir='ltr'>ignoravit,</span> <span class='ocrx_word' id='word_1_317' title='bbox 986 2413 1136 2472; x_wconf 88' lang='lat' dir='ltr'>etipse</span> <span class='ocrx_word' id='word_1_318' title='bbox 1153 2428 1243 2457; x_wconf 92' lang='lat' dir='ltr'>non</span> <span class='ocrx_word' id='word_1_319' title='bbox 1259 2412 1398 2466; x_wconf 87' lang='lat' dir='ltr'>scivit,</span> <span class='ocrx_word' id='word_1_320' title='bbox 1415 2421 1458 2455; x_wconf 89' lang='lat' dir='ltr'>et</span> 
     </span>
     <span class='ocr_line' id='line_1_33' title="bbox 70 2483 1456 2544; baseline 0 -19"><span class='ocrx_word' id='word_1_321' title='bbox 70 2502 91 2526; x_wconf 90' lang='lat'>»</span> <span class='ocrx_word' id='word_1_322' title='bbox 125 2485 369 2529; x_wconf 85' lang='lat' dir='ltr'>remittetur</span> <span class='ocrx_word' id='word_1_323' title='bbox 390 2484 467 2529; x_wconf 89' lang='lat' dir='ltr'>illi.</span> <span class='ocrx_word' id='word_1_324' title='bbox 487 2484 680 2544; x_wconf 89' lang='lat' dir='ltr'>Deliquit</span> <span class='ocrx_word' id='word_1_325' title='bbox 699 2484 817 2527; x_wconf 85' lang='lat' dir='ltr'>enim</span> <span class='ocrx_word' id='word_1_326' title='bbox 838 2483 997 2528; x_wconf 89' lang='lat' dir='ltr'>delicto</span> <span class='ocrx_word' id='word_1_327' title='bbox 1017 2483 1228 2527; x_wconf 85' lang='lat' dir='ltr'>delictum</span> <span class='ocrx_word' id='word_1_328' title='bbox 1246 2492 1347 2526; x_wconf 89' lang='lat' dir='ltr'>ante</span> <span class='ocrx_word' id='word_1_329' title='bbox 1367 2485 1456 2526; x_wconf 90' lang='lat' dir='ltr'>Do·-</span> 
     </span>
    </p>
   </div>
   <div class='ocr_carea' id='block_1_8' title="bbox 115 2576 1453 2622">
    <p class='ocr_par' dir='ltr' id='par_1_8' title="bbox 115 2576 1453 2622">
     <span class='ocr_line' id='line_1_34' title="bbox 115 2576 1453 2622; baseline -0.001 -10"><span class='ocrx_word' id='word_1_330' title='bbox 115 2586 126 2602; x_wconf 79' lang='lat'>¹</span> <span class='ocrx_word' id='word_1_331' title='bbox 157 2581 262 2613; x_wconf 80' lang='lat' dir='ltr'>Levit.</span> <span class='ocrx_word' id='word_1_332' title='bbox 289 2592 347 2621; x_wconf 80' lang='lat' dir='ltr'>iv,</span> <span class='ocrx_word' id='word_1_333' title='bbox 383 2581 440 2620; x_wconf 79' lang='lat'>13,</span> <span class='ocrx_word' id='word_1_334' title='bbox 474 2580 524 2622; x_wconf 63' lang='lat'>14.</span> <span class='ocrx_word' id='word_1_335' title='bbox 561 2597 603 2603; x_wconf 92' lang='lat'><em>-</em></span> <span class='ocrx_word' id='word_1_336' title='bbox 632 2586 645 2602; x_wconf 80' lang='lat'>²</span> <span class='ocrx_word' id='word_1_337' title='bbox 671 2579 753 2611; x_wconf 58' lang='lat' dir='ltr'>Ibitl.</span> <span class='ocrx_word' id='word_1_338' title='bbox 787 2587 840 2611; x_wconf 80' lang='lat'>22.</span> <span class='ocrx_word' id='word_1_339' title='bbox 871 2596 913 2602; x_wconf 89' lang='lat'>-—</span> <span class='ocrx_word' id='word_1_340' title='bbox 943 2578 956 2602; x_wconf 85' lang='lat'>3</span> <span class='ocrx_word' id='word_1_341' title='bbox 983 2579 1065 2611; x_wconf 74' lang='lat' dir='ltr'>Ibirl.</span> <span class='ocrx_word' id='word_1_342' title='bbox 1102 2589 1169 2620; x_wconf 73' lang='lat'>27,</span> <span class='ocrx_word' id='word_1_343' title='bbox 1205 2577 1258 2610; x_wconf 85' lang='lat'>28.</span> <span class='ocrx_word' id='word_1_344' title='bbox 1289 2594 1332 2600; x_wconf 91' lang='lat'>-—-</span> <span class='ocrx_word' id='word_1_345' title='bbox 1360 2576 1378 2607; x_wconf 74' lang='lat'>4</span> <span class='ocrx_word' id='word_1_346' title='bbox 1405 2578 1453 2610; x_wconf 81' lang='lat' dir='ltr'>ld.</span> 
     </span>
    </p>
   </div>
   <div class='ocr_carea' id='block_1_9' title="bbox 12 2636 211 2679">
    <p class='ocr_par' dir='ltr' id='par_1_9' title="bbox 12 2636 211 2679">
     <span class='ocr_line' id='line_1_35' title="bbox 12 2636 211 2679; baseline 0.005 -12"><span class='ocrx_word' id='word_1_347' title='bbox 12 2664 15 2673; x_wconf 67' lang='grc'><em>,</em></span> <span class='ocrx_word' id='word_1_348' title='bbox 71 2647 113 2678; x_wconf 88' lang='lat' dir='ltr'>v,</span> <span class='ocrx_word' id='word_1_349' title='bbox 137 2636 211 2679; x_wconf 55' lang='lat' dir='ltr'>„ss-G.</span> 
     </span>
    </p>
   </div>
  </div>
 </body>
</html>
