1872 3267
415 197 497 237 432
815 209 848 237 s.
885 208 1115 239 Auoosnm
1149 212 1328 240 Episcom

939 327 1174 376 QUAEsrlo
1205 329 1253 367 x.

471 429 621 479 QuAEm
648 435 793 470 autem
826 435 990 486 potest,
1024 428 1249 486 quomodo
1283 428 1328 470 in
1361 425 1511 472 Exodo
1546 426 1721 482 dicitur,
1756 429 1790 473 si

408 497 503 557 quis
525 497 693 541 furatus
716 496 846 541 fuerit
865 496 1052 541 vitulum
1087 508 1162 542 aut
1194 514 1341 554 ovem,
1379 499 1603 542 restituere
1632 497 1789 544 debere

408 568 603 628 quinque
625 567 804 622 vitulos,
832 567 900 612 vel
922 577 1110 628 quatuor
1134 585 1255 624 oves,
1282 570 1316 613 si
1343 568 1573 625 occiderit,
1593 578 1668 613 aut
1689 585 1790 613 ven-
1843 599 1849 604 >

411 639 569 683 diderit
584 642 594 664 ¹
609 660 619 696 3
636 640 669 682 si
687 648 832 682 autem
845 638 965 698 quod
979 638 1220 695 abstulerit,
1237 639 1405 684 salvum
1419 639 1537 700 apud
1550 656 1650 684 eum
1672 656 1790 700 repe-

411 711 519 754 ritur
536 745 545 766 ‚
567 709 752 769 duplum
770 725 859 753 esse
880 709 1196 754 restituendum
1217 730 1225 755 ε
1257 727 1358 755 eum
1376 711 1445 755 hic
1464 712 1629 755 restitui
1640 711 1789 771 jubeat

407 789 595 840 caputet
609 780 853 840 quintam,
878 779 998 840 quod
1011 779 1141 839 longe
1158 790 1220 825 est
1242 782 1371 826 etiam
1394 798 1417 826 a
1439 781 1598 842 duplog
1624 791 1788 842 quanto

408 851 542 910 magis
579 867 603 895 a
632 849 877 911 quadruplo
913 850 980 894 vel
1014 850 1246 910 quinquies
1274 854 1422 896 tanto?
1443 852 1532 897 Nisi
1554 851 1665 896 forte
1687 852 1789 913 quia

407 922 476 967 hie
498 922 557 965 ait
579 941 587 966 :
609 921 733 976 «Vir,
759 930 834 964 aut
856 920 1026 976 mulier,
1047 921 1314 982 quicumque
1337 921 1488 966 feeerit
1509 922 1563 966 ab
1584 922 1788 967 omnibus
1832 945 1834 948 ⁴

411 1012 430 1034 »
467 992 651 1052 peccatis
674 991 874 1036 humanis
889 1026 899 1046 a
927 1010 946 1031 >›
972 1000 1149 1050 peecata
1170 991 1426 1050 ignorantiae
1449 992 1588 1037 voluit
1606 992 1788 1051 intelligi

409 1065 597 1108 humana
617 1072 808 1123 peecata.
834 1062 948 1106 Fieri
971 1062 1086 1106 enim
1102 1072 1258 1122 potest,
1276 1073 1326 1107 ut
1347 1079 1503 1123 parum
1522 1063 1788 1108 attendendo

408 1152 484 1196 per
506 1135 813 1194 negligentiam
832 1134 1152 1193 trajiciathomo
1166 1150 1256 1178 rem
1276 1134 1461 1178 alienam
1476 1134 1521 1178 in
1538 1150 1628 1178 rem
1642 1150 1784 1180 suam:

408 1206 528 1268 quod
550 1206 647 1250 ideo
673 1214 900 1266 peecatum
923 1214 1007 1260 est,
1033 1205 1134 1265 quia
1157 1205 1190 1249 si
1220 1205 1452 1263 diligenter
1474 1205 1784 1260 attenderetur,
1830 1214 1831 1223 ¹

409 1294 498 1323 non
521 1277 835 1321 admitteretur.
857 1278 914 1319 Et
930 1275 1023 1319 haee
1044 1274 1182 1320 voluit
1204 1276 1343 1334 eapite
1367 1285 1409 1320 et
1430 1277 1582 1336 quinta
1604 1276 1785 1331 restitui,
1828 1277 1831 1288 ⁴

409 1366 497 1394 non
517 1349 626 1393 sieut
648 1346 762 1391 furta
777 1344 1112 1390 mulctari.Nam
1130 1345 1163 1389 si
1180 1344 1296 1390 furta
1319 1355 1361 1389 et
1377 1344 1550 1390 fraudes
1574 1346 1643 1390 hic
1660 1346 1787 1390 intel-

408 1421 662 1472 lexerimus,
704 1433 802 1478 quae
839 1433 927 1461 non
960 1432 1035 1476 per
1059 1416 1346 1475 ignorantiam
1375 1417 1678 1476 negligentiae„
1714 1417 1788 1462 sed
1852 1434 1869 1462 1,

410 1490 585 1536 furandi
607 1499 651 1533 et
671 1487 904 1532 fraudandi
942 1487 1085 1530 animo
1113 1487 1462 1541 committuntur,
1490 1496 1533 1531 et
1553 1487 1651 1531 ideo
1674 1487 1788 1531 dieta

415 1584 434 1605 α
467 1563 682 1615 humana,
710 1579 729 1600 n
759 1558 860 1618 quia
886 1559 926 1601 in
944 1558 1141 1601 homines
1166 1558 1298 1615 liunt3
1325 1557 1396 1601 ille
1413 1593 1423 1613 ‚
1448 1558 1529 1602 nisi
1546 1557 1688 1613 fallor,
1709 1558 1788 1601 erit
1825 1554 1827 1564 ’

411 1633 548 1677 exitus
570 1629 816 1691 qusestionis
832 1628 958 1687 hujus
973 1663 983 1682 ,
1010 1636 1059 1670 ut
1073 1627 1170 1671 ideo
1193 1628 1268 1687 qui
1290 1627 1394 1671 feeit
1410 1644 1499 1672 non
1522 1627 1700 1683 reddat,
1722 1626 1787 1671 vel

411 1702 623 1763 duplum,
662 1700 762 1760 quia
793 1714 880 1742 non
910 1697 1251 1757 deprehenditur
1286 1696 1355 1741 vel
1382 1697 1678 1752 convincitur,
1715 1696 1786 1741 sed
1822 1723 1825 1740 3

411 1773 711 1834 ignorantibus
733 1788 755 1814 a
778 1785 866 1829 quo
890 1768 1052 1812 factum
1076 1768 1144 1822 δὴ,
1169 1768 1238 1811 vel
1252 1777 1399 1811 utrum
1423 1767 1587 1812 factum
1609 1769 1677 1823 sit,
1699 1769 1786 1828 ipse

409 1843 640 1890 annuntiat
661 1840 868 1884 delictum
890 1854 1032 1882 suum.
1063 1840 1175 1881 Cum
1197 1838 1312 1881 enim
1340 1837 1511 1882 dixisset
1539 1838 1782 1898 Scriptura:

414 1937 434 1957 «
470 1915 561 1969 Vir,
587 1921 662 1956 aut
679 1910 848 1964 mulier,
866 1909 1132 1968 quicumque
1146 1907 1295 1952 feeerit
1312 1908 1366 1952 ab
1384 1909 1587 1953 omnibus
1604 1909 1787 1968 peccatis

414 2004 434 2027 »
468 1982 668 2029 humanis
702 1989 744 2024 et
781 1979 1019 2038 despiciens
1048 1978 1312 2037 despexerit,
1350 1988 1391 2023 et
1420 1979 1675 2040 deliquerit,
1703 1998 1723 2020 »
1745 1979 1787 2023 id
1818 2030 1820 2036 y

410 2066 500 2111 est,
542 2049 863 2098 contemnendo
906 2050 982 2093 ista
1020 2050 1310 2102 commiserit,
1348 2049 1566 2110 adjunxit,
1611 2059 1654 2094 et
1685 2051 1782 2094 ait:

414 2148 434 2169 «
468 2125 623 2171 Anima
658 2122 730 2166 illa
763 2120 1039 2165 annuntiabit
1071 2130 1297 2179 peecatum
1329 2119 1449 2181 quod
1487 2121 1706 2180 peccavit,
1745 2129 1784 2164 et
1816 2156 1818 2166 .

412 2218 432 2240 υ
469 2197 664 2242 restituet
692 2193 898 2238 delictum
928 2200 1058 2251 eaput
1092 2200 1133 2234 et
1156 2192 1329 2251 quintas
1357 2193 1469 2252 ejus,
1505 2211 1523 2233 »
1550 2192 1662 2236 forte
1684 2206 1783 2250 ergo

408 2278 635 2329 propterea
658 2274 847 2319 tantum,
883 2263 983 2323 quia
1008 2263 1096 2322 ipse
1120 2263 1416 2320 annuntiavit3
1438 2272 1481 2307 et
1501 2263 1599 2307 ideo
1623 2279 1712 2308 non
1734 2278 1782 2306 eo

409 2342 569 2385 damno
597 2335 852 2398 plectendus
887 2334 995 2382 futu
1034 2350 1122 2394 quo
1150 2333 1292 2379 furem
1325 2335 1683 2394 comprehensum
1716 2331 1782 2378 vel
1812 2319 1815 2406 Σ
1856 2352 1860 2366 r

408 2410 655 2456 convictum
677 2406 806 2467 plecti
829 2413 1061 2464 oporteret.

457 2514 464 2530 ¹
488 2506 684 2546 Exod.xx11,
707 2515 734 2534 1.
750 2519 791 2525 —
813 2508 824 2524 ²
841 2503 933 2532 Num.
957 2513 990 2541 v,
1011 2512 1040 2543 7.
