1872 3267
393 282 476 321 408
832 297 864 323 s.
903 293 1129 324 Ancus-rim
1161 296 1340 323 Errscom

386 379 406 400 »
444 360 636 404 tiemini?
663 379 681 402 »
706 359 772 404 Sic
795 361 910 404 enim
938 362 1103 407 dictum
1123 371 1201 417 est,
1221 360 1459 423 quomodo,
1484 381 1503 403 «
1525 363 1621 408 Non
1644 360 1770 405 facies

390 450 409 470 »
449 430 521 474 tibi
541 430 708 475 idolum
729 434 737 456 ¹
757 451 765 476 ;
794 450 813 472 »
837 431 957 492 quod
980 432 1145 478 sactum
1165 449 1254 478 non
1273 441 1412 493 potest
1430 431 1755 493 aliquandojus-

387 509 478 545 tum
494 517 598 545 esse.
624 504 681 546 Et
698 501 921 562 quomodo
943 501 1109 548 (lictum
1123 514 1207 561 est3
1237 524 1256 546 «
1280 507 1378 550 Non
1399 503 1685 548 moechaberis
1711 522 1720 547 ς
1745 520 1765 543 »

383 572 480 632 quis
502 581 648 616 autem
671 571 786 616 dieat
807 571 1042 632 aliquando
1064 575 1297 619 moechiam
1315 576 1480 635 justam
1504 589 1593 618 esse
1614 573 1768 633 posse?

387 646 467 699 Et,
511 663 530 685 «
560 646 660 689 Non
694 642 937 689 furaberis:
976 662 996 686 >›
1028 645 1269 690 secundum
1315 645 1432 689 enim
1473 642 1770 689 definitionem
1863 657 1866 698 ζ

385 713 506 758 illam
544 714 671 770 furti,
704 716 873 775 justum
902 731 991 759 esse
1021 715 1187 760 furtum
1222 732 1451 777 nunquam
1488 724 1644 776 potest.
1690 717 1769 769 Et,

390 803 413 827 (ι
451 787 549 830 Non
582 785 771 841 occides,
810 804 829 826 »
875 787 1081 847 quoniam
1114 802 1213 831 eum
1242 789 1374 832 homo
1393 788 1508 847 juste
1537 784 1770 839 occiditur,
1829 789 1832 834 J

387 855 458 899 lex
480 871 582 900 eum
605 856 785 911 oceidit,
816 873 906 902 non
933 867 1008 903 tu:
1041 857 1257 918 numquid
1283 859 1342 902 ita
1369 856 1454 901 dici
1480 866 1642 916 potest,
1673 871 1773 900 eum

388 928 523 971 homo
559 929 675 987 juste
713 929 942 984 mentitur,
971 928 1039 972 lex
1066 929 1304 973 mentitur?
1344 927 1427 973 Sed
1474 927 1667 987 exempla
1706 927 1773 971 fa-

387 998 511 1042 ciunt
548 997 847 1043 difficillimam
891 1001 1192 1060 quaestionem.
1237 999 1432 1044 Mentitae.
1477 1007 1578 1043 suut
1626 999 1774 1043 obsto-
1824 987 1827 998 ἶ
1865 1029 1867 1043 «

387 1069 512 1113 trices
544 1070 776 1129 AEgyptiae,
810 1079 853 1113 et
882 1070 995 1115 bona
1023 1069 1107 1114 illis
1136 1073 1249 1114 Deus
1281 1069 1481 1114 retribuit
1503 1073 1519 1095 '²
1545 1089 1553 1113 :
1595 1069 1775 1112 mentita
1824 1090 1828 1118 ς

386 1148 450 1183 est
474 1140 596 1184 Raab
620 1156 699 1200 pro
725 1140 1067 1200 exploratoribus
1094 1150 1240 1196 terrae,
1267 1149 1311 1184 et
1333 1139 1431 1184 ideo
1452 1139 1635 1183 liberata
1658 1148 1721 1183 est
1736 1140 1766 1182 ³.
1824 1165 1828 1203 3

387 1212 457 1253 An
487 1226 537 1253 ex
570 1226 658 1271 quo
686 1211 852 1255 dietum
881 1219 943 1254 est
975 1211 1020 1255 in
1047 1214 1160 1269 Lege
1191 1230 1200 1256 ;
1245 1229 1264 1252 «
1297 1212 1395 1256 Non
1426 1209 1720 1264 mentiemini,
1749 1227 1770 1250 »
1825 1264 1826 1272 ἵ

388 1295 439 1323 ex
463 1280 537 1325 illo
561 1280 895 1340 intelligendum
924 1291 988 1325 est
1012 1296 1091 1325 nee
1120 1283 1165 1326 in
1196 1280 1270 1324 tali
1296 1296 1422 1324 eausa
1442 1279 1570 1324 licere
1592 1280 1775 1324 menda·
1825 1318 1827 1335 ἶ

388 1352 531 1406 cium,
563 1350 608 1395 in
640 1351 759 1412 quali
795 1368 923 1396 eausa
962 1351 1119 1410 legitur
1162 1352 1283 1396 Raab
1321 1367 1409 1395 esse
1444 1351 1652 1394 mentita?
1692 1350 1776 1395 Sed
1825 1337 1827 1352 ¹

388 1423 521 1480 magis
546 1421 753 1466 credibile
775 1432 860 1479 est,
889 1423 991 1483 quia
1010 1423 1219 1483 injustum
1241 1431 1333 1467 erat
1353 1421 1656 1478 mendacium,
1676 1420 1774 1468 ideo

389 1493 683 1554 prohibitum,
705 1509 794 1538 non
812 1493 913 1554 quia
934 1493 1224 1553 prohibitum,
1244 1493 1342 1537 ideo
1365 1492 1529 1537 factum
1548 1492 1772 1553 injustum.

391 1565 599 1609 Fortassis
630 1580 732 1623 ergo
749 1600 759 1620 ,
793 1565 903 1609 sieut
928 1563 982 1608 de
1005 1563 1308 1609 obstetricibus
1341 1563 1550 1619 diximus,
1576 1580 1664 1609 non
1691 1565 1775 1608 hoe
1824 1594 1827 1611 ;
1865 1599 1872 1625 ³:

387 1636 434 1679 in
464 1637 521 1680 eis
547 1644 871 1679 remuneratum
893 1635 1014 1696 quod
1034 1634 1163 1679 menti
1173 1644 1226 1679 tae
1245 1644 1372 1691 sunt,
1398 1635 1474 1679 sed
1493 1635 1612 1696 quod
1630 1635 1776 1679 infan-
1824 1670 1827 1688 2
1865 1657 1872 1697 3

392 1716 454 1750 tes
478 1706 684 1750 Hebraeos
706 1705 1018 1761 liberaverunt,
1044 1714 1094 1750 ut
1112 1715 1288 1765 propter
1305 1706 1417 1750 hane
1434 1705 1773 1750 misericordiam
1824 1709 1827 1738 ἲ
1865 1748 1869 1767 3

390 1775 499 1820 illud
522 1786 749 1836 peceatum
765 1776 933 1821 veniale
950 1777 1003 1820 sit
1020 1775 1183 1820 sactum
1200 1812 1211 1831 ,
1236 1791 1325 1820 non
1344 1785 1487 1820 tamen
1510 1776 1776 1820 existimetur
1824 1775 1827 1787 ²

388 1863 479 1892 non
494 1846 624 1892 fuisse
639 1857 866 1907 peceatum
884 1867 892 1892 :
910 1848 967 1891 sie
987 1847 1114 1891 etiam
1130 1845 1183 1890 de
1202 1846 1323 1890 Raab
1340 1845 1675 1905 intelligendum
1691 1857 1770 1902 est,

392 1929 711 1963 remuneratam
734 1920 779 1962 in
802 1918 875 1963 illa
889 1918 1190 1962 liberationem
1209 1921 1550 1978 exploratorum,
1579 1927 1775 1978 utprop-
1824 1905 1827 1958 ἶ
1868 1956 1872 1964 ,,

392 1999 456 2034 ter
486 1989 682 2034 eamdem
713 1989 1016 2034 liberationem
1047 1989 1171 2033 venia
1199 1989 1253 2033 sit
1280 1988 1380 2033 data
1413 1988 1656 2033 mendacio.
1694 1989 1775 2033 Ubi
1824 2004 1826 2027 ε

392 2069 537 2105 autem
565 2061 689 2105 venia
718 2060 870 2115 datur,
901 2059 1181 2104 manifestum
1205 2069 1268 2104 est
1292 2075 1380 2104 esse
1411 2069 1654 2120 peecatum.
1693 2059 1772 2103 Sed
1824 2079 1826 2106 ς
1867 2097 1871 2118 3

393 2130 501 2175 illud
525 2129 766 2176 cavendum
798 2139 884 2185 est,
912 2146 966 2173 ne
989 2131 1047 2174 ita
1073 2131 1257 2191 quisque
1287 2130 1498 2175 existimet
1530 2131 1658 2174 etiam
1689 2145 1775 2173 eae-

395 2202 492 2245 teris
530 2200 740 2260 peecatiS‚
770 2200 803 2244 si
835 2210 1010 2260 propter
1056 2200 1332 2245 liberationes
1368 2201 1593 2245 hominum
1642 2201 1742 2244 fiant
1762 2236 1772 2253 ‚

392 2273 450 2315 ita
477 2271 645 2315 veniam
669 2286 793 2330 posse
817 2270 1011 2315 concedi.
1042 2271 1180 2316 Multa
1207 2272 1320 2315 enim
1347 2271 1459 2315 mala
1489 2269 1773 2315 intolerabilia

393 2352 436 2386 et
470 2342 651 2386 nimium
687 2341 938 2386 detestanda
984 2343 1114 2386 istum
1154 2352 1399 2403 sequuntur
1430 2357 1633 2388 errorem.

443 2445 452 2460 ¹
481 2437 767 2480 13xod.x=:,‘1-
783 2445 795 2461 ²
821 2438 867 2472 Id.
885 2449 909 2480 1,
938 2449 988 2479 ις).
1007 2455 1048 2461 -
1069 2436 1082 2461 3
1101 2440 1164 2471 JOS.
1184 2450 1218 2479 ιι,
1234 2438 1264 2479 ΙΙ.
