1872 3267
213 236 477 270 QL.120''1·10NE5
514 237 551 261 m
590 237 964 262 iil-jurmuiiNOMle
985 254 993 273 7
1031 238 1112 263 [ΑΒ.
1154 240 1167 261 N
1183 255 1191 262 .
1306 227 1388 263 529

7 298 225 357 pertinent
247 299 300 341 ad
326 302 462 343 Deum
485 319 492 343 :
512 313 612 343 nam
629 300 713 342 hoc
734 302 847 342 Deus
865 298 1023 356 legitur
1039 298 1195 343 dixisse
1220 298 1275 343 ad
1287 300 1396 344 Abi-

6 367 173 412 meleeh
191 368 245 411 de
271 372 396 413 Sara:
427 389 446 411 «
468 373 699 428 Propterea
736 370 908 429 peperci
939 369 1038 420 tihi,
1065 385 1120 413 ne
1135 385 1332 429 peccares
1349 371 1394 413 in

9 456 29 480 n
64 441 154 482 me¹
173 474 180 482 .
202 457 222 479 »
241 443 421 483 Pet-care
442 449 586 484 autem
607 442 810 495 Domino,
835 439 905 484 vel
929 440 1071 499 potius
1093 455 1290 500 peccasse
1308 445 1397 486 Do-

7 509 146 563 mino,
173 509 291 567 (nisi
318 508 443 553 forte·
460 508 620 553 alicubi
650 510 858 569 scriptum
889 520 1107 565 occurrat,
1140 511 1260 570 quod
1294 512 1396 555 huic

7 581 148 624 sensui
171 581 357 634 resistat,
384 583 397 636 )
418 580 464 624 hi
484 581 586 624 mihi
604 582 809 624 videntur
832 597 920 625 non
943 581 1160 625 immerito
1186 581 1270 626 dici
1286 617 1296 637 ‚
1322 582 1399 642 qui

8 652 123 711 piam
142 652 445 710 poenitentiam
465 654 629 711 peccati
651 653 716 697 sui
739 669 857 697 nunc
880 662 1037 710 agunt,
1057 662 1107 696 ut
1131 653 1397 711 glorificetur

8 722 232 779 ignoscens
273 718 496 766 Dominus.
530 726 713 768 Causam
743 724 904 783 quippe
938 722 1122 767 reddens
1158 723 1297 768 David
1322 739 1400 768 cur

8 791 163 836 dixerit
179 812 187 836 :
203 792 230 834 ⁴«
251 793 345 836 Tibi
359 792 434 836 soli
448 795 643 851 peccavi,
666 803 709 837 et
725 793 890 837 malum
903 809 1049 838 coram
1067 803 1105 837 te
1120 792 1223 850 feci,
1252 813 1271 835 ))
1295 795 1401 838 sub-

6 864 110 924 jecit
132 873 175 907 et
197 864 279 908 ait:
321 884 340 907 «
360 867 416 908 Ut
439 866 686 925 justificeris
707 866 750 909 in
775 865 1046 909 sermonibus
1064 865 1169 921 tuis,
1191 875 1235 910 et
1254 866 1402 911 vincas

13 952 33 975 »
69 951 169 979 cum
183 935 390 995 judicaris
404 940 448 980 ¹²:
477 955 496 976 »
527 936 623 980 Sive
645 952 746 980 cum
765 928 867 979 dicit
898 940 1012 981 Deus
1035 956 1042 980 :
1074 956 1093 978 ‹<
1117 937 1317 981 Judicate
1333 937 1402 981 in-

15 1023 35 1046 »
72 1014 218 1049 terme
237 1015 280 1049 et
299 1006 467 1050 vineam
486 1021 625 1049 meam
639 1008 654 1031 3
673 1026 680 1050 :
701 1025 719 1047 »
737 1006 825 1050 sive
844 1005 899 1050 de
914 1007 1101 1050 Domino
1120 1008 1403 1052 JesuChristo

10 1077 306 1136 intelligatur,
331 1079 406 1137 qui
435 1077 549 1122 solus
580 1078 796 1121 verissime
833 1078 974 1121 dicere
1014 1077 1187 1136 potuit:
1215 1097 1235 1119 «
1271 1079 1403 1123 Venit

14 1167 34 1189 n
71 1148 187 1192 enim
215 1148 413 1207 princeps
437 1147 617 1200 mundi,
641 1157 684 1191 et
700 1148 745 1190 in
764 1163 833 1190 me
852 1163 941 1191 non
963 1148 1098 1191 habet
1135 1148 1398 1208 quidquam,

15 1237 35 1259 »
61 1218 240 1275 (idest,
266 1218 507 1278 quidquam
541 1218 707 1276 peccati
743 1218 863 1277 quod
892 1226 1032 1261 morte
1072 1217 1127 1262 sit
1163 1217 1367 1276 dignum,
1390 1225 1403 1275 )

15 1307 36 1331 »
71 1289 146 1333 sed
165 1298 213 1332 ut
234 1298 466 1348 cognoscat
489 1288 677 1332 mundus
695 1289 795 1348 quia
814 1287 948 1345 diligo
972 1292 1142 1332 Patrem
1160 1324 1170 1342 ,
1208 1299 1252 1332 et
1292 1290 1404 1334 sicut

16 1379 36 1401 »
71 1358 328 1403 mandatum
352 1359 472 1402 dedit
492 1358 599 1402 mibi
621 1362 769 1412 Pater,
795 1358 853 1402 Sic
875 1358 988 1402 facio
1008 1379 1019 1414 3
1055 1359 1231 1417 surgite,
1259 1375 1405 1404 eamus

17 1449 38 1472 1)
72 1431 203 1475 hinc⁴
231 1450 239 1474 :
268 1448 287 1471 »
314 1439 522 1490 tanquam
555 1429 742 1472 diceret:
770 1449 789 1470 «
820 1428 963 1472 Etiam
984 1427 1198 1472 levissima
1231 1439 1406 1489 peccata

15 1502 164 1545 mortis
211 1500 423 1560 supplicio
460 1509 747 1559 persequatur
784 1499 983 1557 princeps
1022 1499 1175 1542 mundi
1192 1535 1202 1553 ,
1248 1500 1293 1544 in
1337 1516 1407 1544 mc

16 1588 105 1616 non
136 1571 267 1614 habet
300 1569 539 1630 quidquam
558 1605 568 1623 ,
605 1569 679 1613 sed
711 1570 875 1627 surgite
904 1585 1051 1613 eamus
1083 1570 1207 1624 hinc,
1242 1570 1288 1614 id
1317 1581 1405 1624 est,

15 1652 66 1687 ut
100 1642 264 1702 patiar3
296 1641 396 1700 quia
430 1641 474 1683 in
505 1656 555 1683 eo
584 1640 703 1699 quod
732 1640 894 1697 patior,
938 1638 1209 1683 voluntatem
1247 1641 1410 1700 impleo

19 1713 153 1757 Patris
187 1711 295 1764 mei,
334 1727 422 1755 non
456 1726 633 1769 poenam
663 1709 782 1753 solvo
814 1710 978 1768 peccati
1014 1710 1110 1753 mei.
1150 1729 1169 1751 i>
1203 1714 1260 1754 Et
1289 1710 1411 1770 quod

19 1784 224 1829 ,Ieremias
247 1783 306 1827 ait
328 1802 335 1827 :
357 1802 375 1823 «
404 1781 497 1825 Tibi
520 1781 792 1840 peccavimus
815 1781 1020 1839 patientia
1042 1781 1201 1825 lsraiSl⁵
1223 1817 1233 1836 ,
1262 1801 1281 1823 »
1325 1786 1413 1827 Do-

19 1854 139 1899 mino
162 1854 314 1913 utique
332 1851 584 1910 suppliciter
607 1850 766 1894 dicitur
788 1852 831 1894 in
850 1851 1106 1910 poenitentia
1129 1867 1229 1895 cum
1253 1868 1328 1911 spe
1342 1869 1411 1897 sa-

0 1933 1 1979 }
20 1926 123 1971 lutis
145 1941 194 1969 ex
217 1924 358 1968 venia.
377 1922 567 1982 thuod
583 1922 747 1966 dictum
764 1930 826 1964 est
845 1941 852 1964 :
876 1940 892 1961 «
915 1924 1024 1965 Sana
1043 1922 1231 1965 animam
1249 1938 1408 1978 meam,

0 2023 1 2026 =
25 2017 45 2040 »
81 1998 182 2058 quia
203 1995 378 2055 peccavi
402 1993 528 2047 tibi0‚
557 2012 576 2033 >›
602 1994 685 2037 hoc
708 1992 824 2036 idem
857 1993 998 2050 agitur
1031 2002 1079 2036 ut
1116 1996 1230 2037 Deus
1271 1994 1414 2053 ignos-

0 2068 160 2114 }cendo
190 2065 481 2125 glorificetur:
507 2063 608 2123 quia
628 2078 781 2120 magna
804 2071 867 2106 est
888 2063 978 2122 ejus
1011 2062 1300 2108 misericordia
1339 2068 1414 2109 su‘-

0 2134 99 2199 iper
113 2137 369 2182 confitentes
392 2134 474 2179 sibi
492 2144 534 2177 et
556 2133 786 2177 redeuntes
807 2132 862 2177 ad
884 2149 927 2177 se
944 2169 954 2187 ,
983 2133 1059 2193 qui
1094 2132 1200 2178 dicit
1232 2150 1275 2178 se
1299 2135 1416 2180 nolle

0 2199 211 2266 imortem
242 2205 503 2267 peccatoris,
537 2213 751 2263 quantum
786 2213 836 2246 ut
890 2212 1132 2247 revertatur
1159 2213 1203 2247 et
1244 2205 1413 2251 vivat7.

29 2279 141 2324 Hinc
183 2287 226 2322 et
267 2277 358 2336 ipse
381 2275 519 2319 David
541 2289 631 2317 non
652 2272 793 2317 solum
815 2274 859 2316 in
893 2273 1088 2328 Psalmo,
1130 2276 1417 2320 verumetiam

0 2388 7 2394 „
27 2366 128 2395 cum
146 2365 246 2393 eum
268 2351 381 2392 Deus
395 2354 595 2405 argueret
616 2360 693 2404 per
709 2345 968 2403 Prophetam
986 2380 995 2398 ,
1012 2361 1101 2387 non
1124 2345 1215 2389 sine
1228 2362 1302 2404 spe
1313 2363 1418 2406 pro-

3 2422 9 2461 ἰ
28 2419 263 2480 pitiationis
277 2414 686 2474 Dominisespondit
703 2434 710 2458 :
733 2434 752 2455 «
772 2415 951 2459 Peccavi
969 2415 1190 2459 Dominoss.
1211 2434 1231 2456 1)
1248 2417 1419 2462 Medico

80 2525 85 2540 ¹
110 2521 188 2549 Gen.
215 2528 269 2557 xx,
287 2517 320 2547 (5.
340 2532 380 2537 —-
402 2522 414 2536 ²
436 2514 512 2545 Psal.
532 2525 559 2549 1,,
580 2514 611 2543 (5.
632 2529 672 2534 ——-
690 2511 702 2534 3
726 2513 795 2544 lsai.
819 2523 848 2551 v,
869 2509 969 2543 3.“'-
988 2511 1002 2541 -i
1022 2515 1037 2543 J
1055 2524 1104 2543 sun
1142 2523 1205 2552 xiv,
1228 2513 1282 2554 30,
1304 2514 1356 2545 31.
1379 2533 1421 2539 --

6 2571 46 2603 ’.5
60 2575 125 2605 Jer.
144 2584 213 2613 xiv,
240 2583 271 2614 7.
288 2588 328 2592 —-
348 2570 361 2591 ‘³‘
384 2570 463 2609 Psal,
483 2580 534 2609 n,
551 2568 581 2600 Γ).
601 2585 641 2590 —-
665 2575 677 2600 7
698 2567 814 2599 Ezech.
833 2578 938 2608 xxxin,
969 2579 1018 2598 11.
1036 2583 1076 2588 —
1095 2566 1109 2587 8
1129 2576 1148 2598 2
1166 2570 1241 2609 Reg.
1261 2580 1316 2609 xil,
1339 2572 1388 2601 123.

245 2637 367 2665 cxxii.
1169 2620 1218 2659 :3'4

1864 0 1872 147 ..Α-ιν-
