1872 3267
339 231 361 266 8
759 241 794 268 S·
829 240 1058 270 AUGUSTINI
1091 242 1269 271 Emscom

397 307 432 348 X
442 306 561 348 xlx.
592 324 612 346 «
633 307 725 349 Hoc
743 305 910 364 signum
931 308 1191 363 testamenti,
1208 308 1329 368 quod
1340 324 1420 367 ego
1434 325 1592 369 ponam
1605 311 1717 355 inter

341 394 359 415 η
396 375 587 418 medium
608 390 754 418 meum
770 385 812 418 et
829 380 1039 421 vestruml
1058 399 1069 436 3
1089 396 1108 418 η
1135 378 1255 438 quod
1272 388 1334 423 est
1348 379 1460 423 inter
1478 395 1547 424 me
1563 390 1606 424 et
1622 397 1712 425 vos.

393 447 533 489 XXX.
560 465 579 487 «
593 445 672 490 Hic
682 455 771 490 erat
784 448 900 506 gigas
915 457 1250 493 venatorcontra
1259 450 1495 494 Dominum
1503 453 1679 508 Deum²3
1694 470 1713 492 »

338 516 552 559 incertum
567 525 630 560 est
647 526 794 560 utrum
807 517 942 576 possit
955 519 1110 579 accipi,
1136 539 1156 562 «
1181 522 1337 564 Coram
1348 520 1532 565 Domino
1548 524 1638 566 Deo
1656 542 1663 567 :
1693 541 1713 563 »

335 587 438 647 quia
455 597 498 631 et
517 588 576 631 sic
598 588 706 633 solet
726 587 910 648 intelligi
933 589 1054 649 quod
1077 606 1214 649 graece
1231 590 1390 636 dicitur
1415 596 1555 633 ἐναντίον.

394 660 559 702 XXXI.
590 657 751 703 «Unde
771 659 871 703 exiit
892 659 993 703 inde
1015 659 1302 706 Philisthiimss
1330 681 1338 706 :
1367 681 1387 703 »
1424 678 1524 707 cum
1547 663 1719 708 suffice-

338 739 425 785 ret,
456 750 475 772 α
496 729 622 774 Unde
640 729 741 774 exiit
763 730 1038 775 Philisthiim.
1067 750 1087 772 »

396 803 584 845 XXXII.
625 820 643 842 «
664 803 720 844 Et
737 811 829 845 erat
850 802 988 846 omnis
1012 811 1123 847 terra
1145 803 1311 848 labium
1329 806 1519 864 unum⁴3
1547 823 1568 847 »
1599 806 1720 867 quod

336 872 492 916 usitate
505 887 584 916 nos
606 872 805 928 dicimus,
823 872 972 932 lingua
994 889 1096 918 una.
1133 894 1153 916 «
1178 878 1235 919 Et
1248 885 1339 919 erat
1362 877 1500 920 omnis
1517 886 1631 921 terra
1652 877 1720 922 la-

340 960 361 984 »
396 942 519 986 bium
548 958 715 1000 unum,
740 960 760 984 >›
791 943 1035 987 notandum
1063 959 1235 990 omnem
1272 955 1430 990 terram
1458 946 1721 1006 appellatam

337 1027 486 1056 omnes
508 1013 706 1057 homines
723 1013 798 1073 qui
820 1022 925 1058 tunc
943 1023 1080 1069 erant,
1102 1016 1299 1074 quamvis
1322 1015 1519 1060 nondum
1536 1017 1582 1060 in
1600 1017 1720 1061 omni

339 1092 467 1128 terra.

398 1156 610 1200 XXXIII.
641 1174 661 1197 «
678 1158 735 1200 Et
750 1153 852 1199 facti
869 1164 970 1199 sunt
986 1155 1069 1200 illis
1085 1155 1239 1200 lateres
1256 1172 1335 1216 pro
1348 1155 1532 1216 lapide⁵.
1555 1175 1575 1198 »
1601 1158 1722 1201 Gree-

339 1241 415 1270 cus
437 1226 587 1281 habet,
616 1245 636 1268 «
661 1229 717 1270 Et
739 1225 844 1270 facti
864 1236 965 1270 sunt
981 1226 1065 1271 illis
1081 1227 1235 1271 lateres
1251 1228 1297 1270 in
1315 1227 1505 1287 lapidem
1523 1250 1534 1286 3
1557 1246 1576 1269 »
1602 1227 1723 1288 quod

340 1297 374 1342 si
391 1296 524 1341 latine
546 1295 778 1351 diceretur,
804 1295 969 1341 locutio
993 1298 1135 1341 minus
1158 1297 1485 1357 intelligeretur.

398 1369 604 1411 XXXIV.
644 1367 836 1410 «Venite
865 1366 1129 1411 aedificemus
1152 1368 1277 1412 nobis
1302 1369 1520 1413 civitatem
1552 1378 1606 1413 et
1626 1379 1723 1414 tur-

342 1456 363 1480 »
398 1439 494 1493 rim,
528 1439 651 1498 cujus
675 1447 807 1497 caput
837 1437 918 1481 erit
945 1453 1083 1498 usque
1110 1439 1166 1482 ad
1199 1437 1406 1495 coelumss,
1435 1458 1454 1480 »
1481 1440 1721 1484 secundum

338 1508 613 1568 hyperbolen
641 1508 810 1554 dictum
839 1518 923 1563 est,
950 1509 984 1552 si
1005 1507 1237 1553 locutionis
1261 1525 1395 1568 genus
1416 1511 1487 1554 hic
1506 1512 1723 1571 accipien-

343 1580 450 1623 dum
472 1588 535 1623 est
557 1598 566 1624 :
592 1598 600 1623 2
625 1578 658 1622 si
676 1588 837 1634 autem,
864 1598 881 1619 «
900 1594 1038 1639 usque
1054 1578 1110 1623 ad
1126 1577 1304 1635 coelum,
1326 1600 1343 1621 »
1369 1581 1542 1640 proprie
1559 1580 1726 1626 dictum

344 1649 571 1709 accipitur,
591 1649 705 1693 inter
721 1650 981 1709 quaestiones
998 1648 1310 1693 consideretur.

402 1723 584 1764 XXXV.
621 1720 749 1773 Quod.
778 1720 956 1780 quidam
988 1720 1109 1763 latini
1147 1719 1315 1765 codices
1348 1722 1540 1778 habent,
1581 1742 1600 1765 «
1629 1725 1727 1767 Sem

346 1782 366 1835 1»
384 1792 497 1835 filius
509 1794 601 1836 Noe
613 1800 704 1835 erat
716 1806 929 1835 annorum
944 1800 1120 1834 centum
1134 1806 1234 1834 cum
1248 1792 1399 1850 genuit
1407 1793 1662 1852 Arphaxad⁷
1678 1815 1686 1839 ;
1704 1813 1724 1835 »

345 1862 473 1920 graeci
494 1861 660 1906 habent
680 1881 689 1906 ε
714 1881 734 1903 «
762 1864 861 1906 Sem
885 1861 999 1905 filius
1019 1870 1197 1905 centum
1221 1878 1436 1906 annorum
1459 1879 1559 1908 cum
1580 1865 1729 1922 genuit

347 1951 368 1974 »
404 1932 637 1992 Arphaxad
660 1952 668 1976 ;
692 1950 711 1973 »
739 1932 816 1975 ubi
830 1931 987 1992 ellipsis
1005 1941 1083 1987 est,
1105 1932 1205 1992 quia
1224 1932 1360 1988 deest,
1382 1943 1487 1977 erat.
1511 1933 1595 1978 Sed
1609 1935 1729 1995 quod

345 2019 435 2048 non
469 2004 634 2048 habent
665 2022 684 2045 «
710 2003 824 2047 filius
845 2005 958 2058 Noe,
985 2021 1005 2044 »
1039 2002 1116 2047 sed
1153 2002 1307 2048 «filius
1333 2022 1352 2044 »
1386 2013 1583 2061 tantum,
1616 2021 1727 2050 nova

343 2076 508 2120 locutio
529 2085 606 2119 est.

401 2148 607 2191 XXXVI.
647 2165 667 2188 «
692 2148 748 2190 Et
777 2154 867 2189 erat
887 2148 987 2190 Sara
1009 2145 1186 2200 sterilis,
1212 2155 1256 2190 et
1277 2161 1367 2190 non
1394 2147 1646 2204 generabat8
1673 2167 1681 2193 :
1705 2165 1725 2189 »

345 2233 444 2262 cum
466 2226 609 2276 posset
631 2216 844 2271 sufficere,
885 2236 904 2258 ι(
924 2219 980 2260 Et
997 2226 1089 2261 erat
1113 2218 1213 2260 Sara
1235 2216 1387 2260 sterilis
1406 2236 1414 2261 ε
1437 2236 1455 2258 »

404 2291 630 2332 XXXVII.
671 2308 690 2330 «
715 2288 810 2332 Erit
826 2303 928 2347 ergo
952 2304 1051 2333 cum
1066 2298 1108 2332 te
1128 2288 1316 2332 viderint
1329 2289 1537 2348 AEgyptii,
1553 2288 1700 2333 dicent
1717 2309 1726 2335 ;

348 2378 368 2401 »
404 2359 514 2413 Quia
533 2374 643 2403 uxor
670 2357 785 2403 illius
804 2359 922 2403 haec⁹
943 2378 951 2404 :
982 2377 1001 2400 »
1031 2374 1188 2418 genere
1213 2357 1445 2403 locutionis
1471 2359 1728 2419 adjunctum

347 2439 431 2485 est,
457 2429 566 2482 Quia
586 2450 596 2487 3
619 2446 639 2469 »
660 2444 761 2472 nam
777 2429 974 2473 sufficere
996 2429 1160 2488 potuit,
1192 2448 1212 2471 «
1228 2444 1338 2473 uxor
1353 2428 1469 2472 illius
1484 2429 1593 2472 haec.
1616 2448 1636 2470 »

397 2520 404 2535 ¹
427 2516 573 2554 Gcn.1x,
598 2523 648 2545 12.
664 2530 706 2534 —
726 2513 803 2544 91ι1.
826 2524 971 2555 x,9.—
995 2511 1072 2544 ³1d.
1101 2512 1151 2555 14.
1173 2530 1215 2535 -
1233 2511 1248 2537 4
1266 2513 1312 2544 Id.
1333 2524 1375 2554 xi,
1394 2524 1421 2545 1.
1451 2530 1492 2535 ——
1516 2511 1530 2535 ⁵
1548 2513 1629 2545 Ibid.
1652 2514 1670 2544 3
1689 2530 1729 2535 —

350 2588 390 2592 —
409 2569 423 2591 0·
438 2570 517 2601 thid.
539 2569 569 2611 lg.
587 2587 627 2593 —·
648 2577 660 2601 Τ
681 2570 760 2600 thid.
792 2581 840 2600 ro.
863 2587 902 2591 —-
917 2568 1156 2601 ⁸1}›i‹l.30.—
1175 2576 1190 2600 9
1208 2567 1255 2600 Id.
1278 2580 1333 2605 xii,
1362 2578 1411 2601 19..
