1872 3267
348 330 615 373 ouffisrionns
648 333 692 360 m
727 332 926 368 EXODUM,
963 334 1045 360 Lm.
1082 334 1129 360 ιι.
1354 319 1439 359 257

529 447 765 499 QUAESTIO
797 448 968 488 LXXIV.

0 539 1 567 ¹
118 569 138 593 «
157 554 221 596 ΕΤ
233 550 334 596 dicit
351 550 410 595 eis
419 553 591 608 Moyses
609 568 617 594 :
638 551 896 595 Constantes
909 557 1067 607 estote,
1083 557 1310 609 propterea
1329 548 1446 593 enim

60 639 81 663 >1
107 622 228 666 venit
252 625 367 667 Deus
385 622 441 666 ad
461 637 537 667 vos
549 628 718 665 tentare
738 635 814 665 vos
823 655 838 676 ,
854 629 905 665 ut
920 620 975 665 sit
989 620 1120 666 timor
1134 620 1226 680 ejus
1245 619 1292 664 in
1305 619 1444 674 vobis,

62 711 82 735 ³»
109 707 164 737 ne
185 692 414 753 peccetis¹.
445 691 514 737 Sic
536 690 599 735 illi
621 689 856 736 cohibendi
885 690 1060 736 fuerant
1082 706 1106 735 a
1124 690 1311 751 peccatis
1325 725 1336 746 ,
1356 690 1447 734 uti-

59 779 145 824 que
159 761 354 808 timendo
371 777 426 807 ne
446 777 594 822 poenas
613 761 835 806 sensibiles
848 771 1116 822 paterentur,
1134 762 1236 823 quia
1250 760 1451 807 nondum

0 880 1 888 ,
61 842 262 895 poterant
279 848 422 878 amare
437 832 649 893 justitiam
674 841 717 877 et
739 832 786 876 in
807 832 890 878 hoe
908 841 1000 878 erat
1020 833 1103 878 illis
1119 833 1302 878 tentatio
1323 848 1347 877 a
1363 835 1452 877 Do-

0 934 3 950 1
60 905 202 960 mino,
225 920 312 965 qua
332 904 656 965 probabantur,
682 912 732 948 ut
754 913 982 965 appareret
1004 903 1253 966 eujusmodi
1271 913 1412 949 essent
1439 922 1448 948 :

0 968 11 1025 1¹!
63 991 152 1021 non
173 986 224 1020 ut
236 979 326 1021 Deo
342 975 433 1021 noti
448 976 601 1019 fierent
613 1011 623 1030 ,
645 991 778 1036 quem
800 992 887 1020 non
901 975 1098 1020 latebant
1114 975 1456 1037 qualescumque

6 1032 12 1104 Ι
64 1057 228 1102 essent,
265 1046 340 1092 sed
368 1057 418 1092 ut
443 1046 558 1091 inter
590 1063 634 1091 se
672 1063 720 1091 ac
756 1047 945 1091 sibimet.
972 1046 1165 1093 Multum
1186 1057 1333 1092 tamen
1368 1046 1459 1092 istis

10 1123 14 1188 Ι
66 1118 303 1164 terroribus
334 1118 598 1162 Testamenti
631 1118 798 1162 Veteris
826 1117 1076 1163 differentia
1095 1117 1454 1172 commendatur,

0 1192 17 1295 ι
65 1189 185 1250 quod
206 1189 335 1234 etiam
369 1189 415 1233 in
446 1188 640 1249 Epistola
673 1188 728 1233 ad
760 1188 968 1233 Hebraeos
991 1188 1257 1249 apertissime
1289 1188 1458 1234 dietum

2 1301 3 1306 ,
60 1264 165 1306 est2.

544 1369 782 1418 QUAESTIO
814 1371 950 1409 LXXV
959 1401 967 1409 .

127 1491 146 1513 «
166 1472 337 1516 Mox-ses
359 1478 507 1514 autem
527 1470 706 1514 intravit
726 1470 772 1514 in
785 1470 1017 1527 nebulam,
1040 1472 1118 1516 ubi
1136 1480 1229 1517 erat
1246 1474 1384 1517 Deus³
1408 1491 1456 1518 z»

66 1542 111 1587 id
138 1551 217 1597 est,
243 1541 321 1585 ubi
341 1539 602 1601 expressiora
619 1540 783 1585 fiebant
798 1540 934 1601 signa,
953 1542 1113 1603 quibus
1127 1552 1463 1602 cognosceretur

66 1617 200 1658 Deus.
227 1615 337 1658 Nam
358 1610 583 1672 quomodo
604 1611 650 1655 in
672 1611 835 1656 nebula
868 1622 974 1668 erat,
1011 1614 1083 1659 cui
1107 1613 1211 1660 coeli
1245 1614 1463 1660 coelorum

67 1700 157 1730 non
169 1683 411 1741 sufficiunt,
427 1682 507 1727 nisi
530 1682 907 1744 quemadmodum
921 1700 1143 1747 nusquam
1166 1702 1257 1731 non
1279 1696 1358 1742 est,
1384 1686 1462 1748 qui

68 1754 113 1799 in
128 1754 228 1800 loeo
250 1753 373 1799 nullo
395 1755 487 1799 est?

541 1861 779 1912 QUAESTIO
812 1864 983 1904 LXXVI.

31 1998 34 2040 i
135 1984 155 2007 «
179 1967 274 2010 Non
294 1962 459 2008 facietis
481 1962 604 2007 vobis
616 1961 721 2008 deos
743 1975 972 2023 argenteos
988 2000 999 2021 ,
1018 1976 1063 2011 et
1079 1966 1184 2014 deos
1201 1984 1354 2014 aureos
1376 1985 1465 2015 non

31 2041 35 2074 t
77 2054 98 2078 n
122 2035 287 2081 facietis
305 2035 429 2080 vobis
442 2034 584 2096 ipsis⁴.
604 2053 624 2077 »
643 2035 874 2095 Repetitur
890 2037 1012 2097 quod
1028 2037 1075 2082 in
1090 2039 1232 2099 primo
1245 2050 1467 2101 praecepto

78 2105 344 2151 inculcatum
367 2114 452 2161 est,
478 2114 522 2150 et
542 2121 595 2150 ex
616 2104 697 2150 diis
718 2107 933 2165 argenteis
955 2117 1000 2153 et
1021 2109 1162 2154 aureis
1193 2110 1347 2171 utique
1369 2127 1466 2156 om-

34 2164 38 2225 Ι
79 2177 147 2221 nia
168 2176 396 2222 simulacra
430 2175 761 2236 intelliguntur,
786 2178 898 2223 sicut
928 2179 974 2223 in
1005 2179 1081 2225 illo
1104 2181 1234 2226 etiam
1257 2181 1428 2228 Psalmo
1456 2203 1464 2228 ·.

0 2294 4 2299 ,
36 2227 41 2336 't
82 2267 103 2290 «
128 2247 248 2293 Idola
270 2248 466 2308 gentium
488 2257 719 2307 argentum
742 2258 786 2293 et
807 2251 1007 2294 aurum5.
1028 2268 1048 2291 »

39 2374 42 2403 ε

548 2359 784 2409 QUAEsTIO
816 2363 1005 2401 Lxxvu.

2 2426 8 2451 l

42 2445 45 2496 l
139 2464 243 2515 Qum
265 2460 319 2506 dc
350 2476 472 2506 servo
494 2461 670 2506 hebraeo
692 2462 1029 2523 praecipiuntur,
1052 2473 1101 2510 ut
1123 2480 1194 2510 sex
1218 2482 1354 2512 annos
1376 2483 1467 2512 ser-

43 2523 46 2570 l
83 2532 194 2588 viat,
214 2542 258 2577 et
295 2532 538 2577 dimittatur
576 2531 687 2576 liber
709 2534 839 2592 gratis
858 2536 890 2590 ⁶,
916 2551 972 2580 ne
998 2537 1109 2581 servi
1131 2537 1363 2583 Christiani
1385 2539 1468 2584 hoc

132 2636 140 2653 ¹
161 2631 258 2663 Exod.
288 2642 340 2671 xx,
355 2641 406 2662 20.
423 2647 465 2652 -—-
486 2636 498 2652 ²
521 2629 618 2662 Hebr.
643 2641 696 2672 xu,
716 2630 746 2673 4.
768 2648 810 2654 --
831 2629 843 2654 3
863 2632 964 2664 Exod.
991 2644 1045 2675 xx,
1067 2643 1120 2666 21.
1149 2651 1190 2657 —-
1211 2631 1324 2666 41bid.
1353 2635 1406 2668 23.
1426 2652 1466 2659 —·

88 2683 102 2708 5
120 2686 198 2719 Psal.
216 2697 302 2728 cun,
321 2689 357 2727 L,
375 2697 460 2725 cuv,
479 2687 516 2718 11.
538 2685 572 2728 4,
590 2690 622 2719 et
635 2697 760 2727 cxxxiv,
785 2686 834 2719 15.
856 2705 897 2711 -
916 2686 930 2711 6
950 2690 1048 2722 Exod.
1070 2701 1149 2732 xxn,
1167 2700 1198 2723 2.

299 2749 421 2782 exui.
1234 2746 1281 2783 17
