1872 3267
449 229 531 268 324
870 242 901 268 S.
939 242 1166 271 At‘GU51'1N1
1201 246 1380 271 EPISCOPI

446 325 465 345 »
503 305 631 348 facies
651 305 695 348 iu
713 305 880 363 angulis
907 306 1169 351 tabernaculi
1192 324 1214 350 a
1236 307 1545 366 posterioribus
1566 315 1609 350 et
1635 303 1821 365 aequales

443 394 463 416 »
500 374 703 419 deorsum
725 391 893 429 versus,
920 385 963 419 et
994 377 1039 420 in
1059 393 1102 421 se
1124 377 1430 422 convenientes
1452 385 1602 431 erunt,
1633 373 1822 435 aequales

443 465 464 487 η
501 445 556 490 de
570 447 784 506 capitibus
801 447 848 490 in
865 448 1190 493 commissuram
1208 464 1355 492 unam.
1379 450 1445 493 Sic
1460 447 1590 492 iacies
1608 445 1822 491 ambobus

441 535 462 557 ³)
499 516 670 561 duobus
692 516 886 576 angulis3
912 518 1098 578 aequales
1121 519 1220 563 sint.
1248 522 1304 563 Et
1321 528 1451 563 erunt
1472 527 1570 563 octo
1587 516 1818 570 columnae,

438 605 460 628 »
495 595 538 631 et
560 587 681 632 bases
704 603 853 631 earum
874 597 1085 646 argenteae
1107 588 1296 634 sedecim
1317 609 1326 633 :
1347 588 1446 633 duae
1472 589 1588 632 bases
1604 585 1820 632 columnae

439 676 460 699 »
495 658 589 712 uni⁷
611 667 654 702 et
671 657 770 702 duae
788 658 911 702 bases
929 658 1143 703 columnae
1156 660 1233 704 uni
1251 660 1296 703 in
1313 659 1460 703 ambas
1475 667 1624 719 ,partes
1646 658 1777 718 ejus¹.
1795 675 1815 698 »

435 732 497 772 De
518 729 691 773 basibus
713 728 860 773 similis
882 729 992 774 ratio
1010 739 1054 773 et
1075 729 1222 774 similis
1237 729 1401 775 locutio
1421 738 1498 774 est.
1520 732 1652 773 Latus
1672 728 1819 788 itaque

432 797 676 842 Occidentis
691 834 701 854 ,
727 815 830 844 nam
863 800 946 844 hoc
969 809 1032 844 est
1055 799 1110 844 ad
1130 816 1247 844 mare
1264 836 1275 855 ,
1301 800 1514 845 columnis
1542 808 1642 844 octo
1664 807 1817 842 exten-

431 868 565 925 ditur,
591 885 661 913 sex
683 870 850 926 mediis,
868 880 911 914 et
932 870 1103 914 duabus
1126 870 1408 930 angularibus
1431 886 1538 931 quas
1560 868 1748 929 aequales
1762 867 1818 913 ad

435 955 565 984 unam
585 941 909 985 commissuram
925 941 1030 985 dicit
1047 957 1135 985 esse
1157 940 1337 998 debere·7
1355 940 1484 985 credo
1499 939 1619 1001 quod
1634 938 1817 997 angulus
1837 957 1842 1018 f

429 1010 520 1055 duo
542 1010 587 1054 in
607 1026 650 1054 se
667 1010 800 1055 latera
820 1011 1064 1056 committat
1081 1032 1091 1068 3
1112 1021 1154 1055 et
1172 1011 1224 1055 sit
1241 1011 1445 1056 columna
1461 1009 1674 1068 angularis
1693 1009 1816 1054 lateri
1836 1021 1840 1050 1

431 1082 605 1142 utrique
640 1082 882 1126 communis
904 1117 914 1136 ⁷
951 1082 1030 1126 ista
1062 1080 1332 1125 Occidentali
1365 1091 1408 1125 et
1435 1080 1678 1141 Aquiloniae
1695 1115 1706 1135 ‚
1742 1079 1814 1124 illa
1858 1111 1859 1114 η

429 1152 699 1197 Occidentali
719 1161 761 1196 et
783 1152 986 1196 Australi.
1014 1153 1144 1206 Quod
1170 1162 1316 1196 autem
1345 1152 1451 1196 dicit
1476 1153 1604 1196 etiam
1625 1150 1814 1213 aequales

429 1224 634 1268 deorsum
660 1239 807 1268 versus
824 1260 834 1278 ,
859 1224 1117 1284 hoc'utique
1141 1223 1271 1278 dicit,
1303 1233 1353 1267 ut
1375 1223 1430 1268 ad
1452 1221 1835 1285 perpendiculum,

426 1294 705 1350 librarentur,
726 1310 780 1338 ne
800 1294 1063 1338 robustiores
1083 1303 1225 1338 essent
1244 1292 1357 1338 iufra
1375 1308 1507 1353 quam
1520 1310 1649 1354 supra
1667 1329 1677 1349 ,
1703 1294 1814 1339 sicut
1831 1290 1834 1324 ἶ

428 1364 649 1425 pleraeque
671 1364 887 1409 columnae
900 1373 1015 1408 sunt.

485 1439 585 1480 VII.
606 1435 771 1480 Deinde
796 1435 900 1479 dicit
921 1455 928 1479 ;
955 1454 974 1476 ι(
993 1437 1050 1478 Et
1067 1433 1195 1479 facies
1217 1449 1329 1479 seras
1344 1433 1398 1479 de
1414 1434 1541 1494 lignis
1558 1435 1808 1495 imputribi-
1829 1414 1832 1460 Ι

430 1528 449 1550 »
485 1507 625 1563 libus,
648 1507 844 1568 quinque
866 1507 943 1551 uni
964 1505 1179 1551 columnae
1202 1522 1251 1550 ex
1268 1522 1355 1550 una
1371 1516 1493 1566 parte
1510 1507 1779 1551 tabernaculi
1798 1526 1807 1552 :

432 1599 451 1621 »
488 1589 531 1624 et
553 1579 747 1639 quinque
770 1595 881 1622 seras
897 1578 1114 1623 columnae
1136 1578 1260 1622 lateri
1292 1578 1562 1623 tabernaculi
1593 1578 1806 1634 secundo,

429 1669 449 1692 »
485 1659 528 1694 et
546 1650 742 1710 quinque
763 1665 875 1693 seras
897 1648 1113 1693 columnae
1130 1649 1357 1708 posteriori
1373 1649 1498 1693 lateri
1520 1649 1804 1705 tabernaculi,

427 1741 447 1764 ³>
484 1721 603 1782 quod
634 1730 697 1765 est
731 1721 785 1765 ad
812 1725 976 1764 mare'ss.
999 1739 1018 1761 >›
1051 1721 1210 1764 Mirum
1234 1720 1268 1764 si
1301 1720 1491 1765 dubitari
1516 1730 1659 1780 potest
1694 1721 1806 1766 latus

423 1792 644 1837 Orientale
665 1791 888 1836 columnas
910 1807 999 1835 non
1028 1790 1228 1835 habuisse
1257 1791 1302 1835 in
1326 1792 1410 1836 hoc
1432 1791 1634 1836 interiore
1658 1792 1803 1836 taber-

421 1863 578 1908 naculo
594 1898 604 1918 ⁷
630 1863 699 1907 cui
722 1871 871 1921 postea
891 1861 1234 1920 circumponitur
1259 1862 1432 1906 atrium.
1461 1862 1658 1922 Singulas
1676 1879 1804 1923 quas-

420 1950 507 1994 que
529 1934 660 1992 igitur
681 1932 904 1977 columnas
927 1932 1123 1976 omnium
1151 1932 1281 1975 trium
1304 1932 1487 1976 laterum
1510 1933 1670 1977 habere
1692 1931 1821 1978 seras⁴

417 2002 572 2064 quinas
590 2003 730 2063 jubet.
774 2021 792 2043 «
819 2005 875 2046 Et
896 2018 1009 2057 sera,
1041 2001 1182 2061 inquit
1201 2037 1211 2057 ‚
1238 2002 1378 2046 media
1411 2002 1524 2046 inter
1545 2002 1705 2047 medias
1727 1986 1820 2052 tto-l

419 2093 441 2116 ³>
475 2073 645 2118 lumnas
667 2081 934 2133 pertranseat
954 2072 1007 2116 ab
1030 2088 1118 2116 uno
1134 2071 1267 2116 latere
1285 2073 1330 2116 in
1350 2072 1468 2116 aliud
1485 2072 1640 2117 latusss.
1666 2093 1685 2115 »
1709 2077 1801 2119 Hoc
1821 2093 1824 2106 ³

415 2145 589 2189 videtur
611 2143 754 2188 dicere
771 2179 781 2198 ‚
806 2153 855 2187 ut
877 2144 931 2187 de
954 2142 1157 2187 columna
1182 2147 1227 2186 in
1255 2143 1505 2188 columnam
1529 2160 1620 2188 sera
1646 2160 1798 2204 perve-

415 2216 527 2260 niret
543 2250 553 2270 ,
579 2224 622 2258 et
642 2230 719 2274 per
741 2213 1017 2258 intervallum
1052 2212 1353 2257 columnarum
1374 2215 1665 2273 porrigeretur
1687 2231 1709 2258 a
1731 2214 1814 2259 lsi-³

413 2296 504 2330 tere
526 2286 657 2330 unius
678 2300 816 2345 usque
839 2285 884 2328 in
906 2284 1018 2328 latus
1047 2285 1222 2329 alterius
1246 2300 1253 2325 τ
1281 2301 1329 2328 ac
1353 2300 1428 2344 per
1450 2286 1532 2329 hoc
1555 2301 1639 2329 una
1662 2301 1711 2328 ex
1734 2285 1796 2330 his
1824 2323 1826 2325 .

411 2356 618 2401 omnibus
651 2354 853 2400 columna
894 2370 984 2399 non
1019 2363 1108 2399 erat
1135 2355 1337 2398 habitura
1371 2355 1563 2414 proprias
1601 2355 1794 2416 quinque
1809 2372 1831 2404 ρ’
1870 2365 1872 2367 ’

409 2444 540 2482 seras,
559 2427 615 2471 ad
627 2442 757 2487 quam
773 2435 1007 2470 extremam
1021 2427 1216 2486 quinque
1227 2426 1538 2485 perveniebant
1554 2442 1576 2469 a
1592 2425 1793 2470 columna

410 2499 492 2544 sibi
516 2498 707 2558 proxima
723 2496 958 2542 venientes.
996 2516 1015 2539 (ε
1039 2500 1095 2541 Et
1111 2495 1358 2550 columnas,
1388 2496 1553 2556 inquit,
1576 2495 1790 2541 inaurabis

1822 1694 1870 1745 [1

460 2601 467 2617 ¹
490 2595 588 2626 Exod.
611 2605 698 2636 xxvi,
721 2593 831 2626 22—25.
847 2610 887 2615 —-
909 2600 920 2615 2
937 2592 1007 2625 lbid
1046 2595 1102 2635 26,
1122 2602 1174 2635 27.
1193 2609 1235 2614 —-
1261 2590 1272 2614 3
1293 2592 1361 2624 ibid
1393 2591 1448 2624 1:28.
