1872 3267
413 235 497 274 466
851 247 885 274 s.
921 247 1150 277 Aucus'ruvl
1182 250 1363 276 Emscol’I

405 326 496 355 non
524 320 625 355 sunt
651 311 697 355 in
727 312 1043 358 consuetudine
1073 313 1327 358 litteraturae
1361 322 1540 367 nostrae,
1572 327 1716 372 neque
1743 312 1792 355 in

405 380 506 440 ipsis
527 381 682 426 divinis
702 382 932 442 Scripturis
949 382 1039 427 fere
1061 383 1144 428 alio
1162 383 1256 428 loco
1275 384 1488 443 reperitur
1505 383 1588 427 hoc
1604 397 1787 426 nomen:

405 451 479 496 sed
503 452 604 512 quia
625 452 830 498 videntur
851 454 973 514 quasi
996 455 1214 500 canticum
1231 454 1374 499 dicere
1390 490 1401 509 ,
1428 470 1516 515 quo
1538 454 1792 498 cecinerunt
1857 472 1859 479 ¹

405 521 573 566 bellum
586 521 698 567 inter
711 525 985 569 Amorrhaeos
1003 535 1046 569 et
1065 526 1278 570 Moabitas
1294 534 1478 584 gestum,
1502 525 1548 567 in
1565 540 1652 584 quo
1679 526 1791 568 Seon

406 608 479 636 rex
499 595 853 638 Amorrhaeorum
875 595 1087 640 Moabitas
1111 596 1352 655 superavit,
1375 611 1463 639 non
1480 593 1791 639 incredibiliter

405 672 618 723 putantur
640 665 708 709 isti
730 665 1025 723 aenigmatistae
1046 666 1104 710 sic
1125 675 1229 710 tunc
1251 665 1476 726 appellati,
1503 681 1611 725 quos
1637 668 1791 709 Poetas

405 749 484 778 nos
501 733 792 794 appellamus,
819 750 870 779 eo
892 736 1012 796 quod
1034 739 1260 795 poetarum
1289 737 1342 780 sit
1370 734 1641 780 consuetudo
1659 745 1790 796 atque

400 803 575 848 licentia
606 805 784 849 miscere
810 806 1078 850 carminibus
1122 807 1208 850 suis
1243 807 1472 864 aenigmata
1509 805 1787 862 fabularum,

399 874 559 934 quibus
586 873 749 935 aliquid
781 876 1022 934 significare
1053 876 1369 935 intelligantur.
1395 879 1493 921 Non
1524 878 1640 920 enim
1666 876 1788 920 aliter

398 954 538 988 essent
560 945 788 1003 aenigmata
804 981 814 1001 ,
841 945 922 990 nisi
944 945 1032 990 illic
1055 956 1165 990 esset
1188 947 1352 1006 tropica
1373 945 1535 991 locutio
1552 982 1562 1002 ,
1589 963 1675 1006 qua
1696 945 1786 990 dis-

394 1031 532 1071 cussa,
559 1016 856 1076 perveniretur
878 1015 935 1061 ad
956 1016 1246 1073 intellectum,
1267 1019 1343 1078 qui
1364 1018 1411 1061 in
1432 1018 1665 1076 aenigmate
1687 1015 1786 1062 lati-

401 1095 528 1132 taret.

904 1202 1138 1250 QUAESTlo
1171 1203 1302 1240 xmi.

457 1303 583 1353 Qnon
615 1301 721 1346 dicit
744 1303 989 1361 Scriptura,
1019 1311 1302 1363 posteaquam
1335 1301 1465 1346 Israel
1494 1302 1596 1347 vicit
1627 1306 1784 1348 Amor-

397 1371 535 1415 rhaeos
552 1407 562 1427 ‚
588 1381 631 1416 et
652 1372 841 1432 possedit
863 1389 1011 1417 omnes
1033 1373 1225 1418 civitates
1248 1387 1415 1427 eorum,
1439 1372 1599 1417 misisse
1620 1370 1784 1432 legatos

396 1440 526 1486 Balac
548 1458 693 1501 regem
725 1443 1015 1487 Moabitarum
1034 1479 1045 1498 ,
1077 1443 1131 1488 ad
1163 1443 1501 1487 conducendum
1530 1443 1705 1487 Balaam
1722 1479 1733 1499 ‚
1758 1461 1782 1488 a

396 1528 486 1573 quo
519 1513 850 1558 malediceretur
883 1514 1056 1569 Israe11,
1097 1514 1196 1558 satis
1231 1513 1474 1558 ostenditur
1508 1530 1597 1558 non
1633 1529 1782 1560 omnes

396 1583 610 1628 Moabitas
639 1585 804 1629 venisse
831 1585 876 1628 in
907 1585 1200 1629 conditionem
1225 1587 1336 1630 Seon
1371 1585 1480 1644 regis
1508 1586 1782 1630 Amorrhaeo-

396 1669 519 1710 rum,
565 1655 742 1715 quando
776 1671 847 1700 eos
884 1655 1001 1699 bello
1032 1656 1250 1715 superavit
1288 1675 1296 1700 :
1330 1655 1543 1717 siquidem
1577 1657 1781 1701 remansit

393 1741 496 1784 gens
522 1727 815 1772 Moabitarum
842 1743 981 1788 usque
1013 1726 1068 1771 ad
1095 1727 1206 1771 illud
1237 1737 1432 1786 tempus,
1467 1728 1543 1771 ubi
1575 1737 1795 1786 regnaret·

393 1795 522 1843 Balac
540 1813 613 1841 rex
629 1799 775 1843 Moab.
798 1798 927 1851 Quod
941 1813 1041 1842 vero
1054 1799 1184 1843 Moab
1203 1798 1309 1842 dixit
1326 1798 1565 1842 senioribus
1582 1798 1773 1854 Madian,

392 1871 436 1917 id
459 1881 542 1927 est,
569 1869 774 1915 Moabitae
796 1868 1035 1912 senioribus
1057 1868 1394 1913 Madianitarum
1412 1888 1420 1912 :
1449 1888 1469 1910 «
1489 1871 1615 1913 Nunc
1633 1868 1776 1912 ablin-

395 1962 415 1985 »
452 1951 555 2001 guet
576 1954 791 1999 synagoga
808 1940 901 1983 haec
925 1954 1073 1982 omnes
1090 1939 1226 1998 quiin
1243 1939 1427 1984 circuitu
1445 1949 1592 1984 nostro
1614 1948 1730 1995 sunt,
1752 1957 1771 1980 »

392 2029 481 2057 non
511 2028 597 2056 una
629 2026 731 2069 gens
754 2019 865 2064 erat,
899 2008 972 2054 sed
993 2009 1123 2054 vicini
1146 2009 1202 2052 ad
1233 2009 1396 2054 vicinos
1418 2009 1623 2053 dixerunt
1654 2010 1776 2070 quod

388 2084 548 2144 pariter
570 2081 812 2126 cavendum
835 2089 958 2124 esset.
979 2083 1088 2125 Nam
1106 2079 1236 2124 Moab
1255 2080 1368 2123 filius
1382 2078 1466 2123 fuit
1489 2077 1601 2124 Loth
1617 2095 1667 2123 ex
1685 2095 1771 2123 una

387 2154 615 2207 filiart1m²‚
646 2151 822 2197 Madian
843 2166 944 2195 vcro
964 2149 1077 2193 filius
1112 2150 1299 2194 Abrahae
1321 2149 1375 2194 de
1403 2150 1634 2195 Cethurass.
1672 2153 1773 2195 Non

386 2225 535 2285 itaque
569 2239 656 2267 una
695 2238 798 2282 gens
838 2230 955 2276 erat,
997 2221 1072 2265 sed
1106 2221 1206 2266 (luae
1243 2221 1396 2266 vicinae
1431 2231 1562 2281 atque
1595 2230 1770 2265 conter-

387 2309 537 2338 mmae.

437 2396 445 2412 ¹
469 2391 562 2423 Num.
583 2399 664 2431 xxu,
682 2387 717 2430 4,
735 2382 768 2420 5}
787 2404 829 2410 —
847 2393 858 2409 ²
880 2390 958 2420 Gen.
974 2398 1041 2427 xix,
1060 2384 1176 2430 37.⁷{—
1197 2384 1209 2409 3
1227 2387 1272 2418 Id.
1295 2397 1368 2428 xxv,
1394 2396 1425 2418 2.
