1872 3267
358 248 624 285 QUAESTIONES
656 248 701 275 IN
734 245 958 286 NUMEROS‚
994 248 1076 275 nn.
1114 249 1174 274 ιν.
1375 232 1457 272 457

73 314 113 357 in
133 313 328 358 medium
345 313 660 358 combustionis
682 311 797 356 illius
814 348 823 366 ‚
849 322 1011 358 utcum
1031 313 1105 357 illo
1128 313 1181 356 sit
1204 309 1458 355 abscondita

72 385 158 429 vita
181 395 350 441 nostra,
386 386 496 430 sicut
523 384 628 430 dicit
650 385 883 445 Apostolus
910 406 917 431 :
948 405 966 427 «
992 388 1050 430 Et
1069 385 1156 430 vita
1184 392 1325 429 vestra
1360 382 1458 427 abs-

76 476 95 498 »
130 456 304 502 condita
327 467 390 502 est
413 473 513 502 curn
531 456 703 502 Christo
725 456 771 500 in
794 460 924 501 De01.
955 476 974 498 »

131 531 230 572 VII.
268 548 287 570 «
314 531 371 572 Et
395 528 557 573 lavabit
578 528 835 572 vestimenta
865 543 939 572 sua
975 525 1171 571 sacerdos
1189 561 1199 581 ,
1224 534 1267 569 et
1299 524 1464 569 lavabit

74 618 95 640 »
129 614 284 659 corpus
311 615 435 644 suum
468 615 607 660 aqua,
640 608 683 643 et
716 608 864 658 postea
899 598 1097 642 introibit
1129 597 1174 640 in
1213 605 1377 649 castra,
1420 605 1463 639 et

75 689 95 712 »
130 670 383 714 immundus
405 670 486 714 erit
503 669 701 714 sacerdos
724 685 863 730 usque
882 669 936 713 ad
954 682 1177 728 vesperam
1191 671 1222 710 ².
1241 685 1260 707 »
1284 666 1463 710 Lavatio

72 741 430 786 vestimentorum
454 750 497 785 et
518 741 709 800 corporis
733 739 839 800 quid
862 749 946 794 est,
979 738 1058 783 nisi
1086 737 1315 781 mundatio
1341 745 1463 780 exte-

6 839 8 842 >
73 812 234 855 riorum
271 822 314 857 et
347 812 632 857 interiorum?
665 812 748 855 hoc
780 810 992 855 sacerdos.
1030 808 1198 854 Deinde
1234 807 1462 868 sequitur:

76 903 95 924 «
130 885 186 927 Et
208 884 284 944 qui
306 884 538 928 comburet
554 898 649 928 eam
667 918 676 938 ‚
697 881 861 926 lavabit
881 881 1138 926 vestimenta
1159 895 1266 935 sua,
1292 888 1333 923 et
1353 878 1467 923 lava-

75 972 96 996 »
131 955 194 999 bit
212 970 369 1014 corpus
388 970 517 999 suum
539 970 651 1015 aqua
665 990 675 1009 ‚
696 963 739 998 et
756 952 1009 997 immundus
1028 952 1109 996 erit
1130 966 1273 1011 usque
1292 949 1347 994 ad
1367 965 1466 994 ves—

75 1042 96 1067 »
130 1027 326 1085 peram3.
356 1044 376 1067 »
405 1029 456 1070 In
484 1041 535 1070 eo
563 1025 640 1085 qui
662 1024 881 1069 comburit
898 1059 908 1078 ,
931 1038 1003 1067 eos
1031 1023 1239 1080 figuratos
1263 1021 1463 1075 arbitror,

72 1097 146 1157 qui
171 1097 329 1141 Christi
361 1111 536 1141 carnem
558 1094 846 1155 sepelierunt,
873 1092 1175 1138 resurrectioni
1203 1107 1297 1136 eam
1330 1091 1465 1137 veluti

73 1168 402 1225 conflagrationi
422 1166 692 1211 mandantes.

132 1240 254 1282 VIII.
283 1258 302 1280 «
327 1241 384 1282 Et
408 1237 693 1296 congregabit
713 1237 848 1281 homo
871 1235 1062 1280 mundus
1091 1235 1281 1279 cinerem
1305 1234 1467 1294 juven-

75 1328 96 1352 »
131 1326 192 1354 cae
207 1345 218 1365 ,
245 1319 288 1354 et
313 1318 448 1369 ponet
469 1318 589 1353 extra
611 1317 748 1353 castra
775 1308 822 1351 in
842 1306 990 1352 locum
1014 1304 1275 1350 mundum&
1305 1324 1324 1346 n
1348 1304 1465 1358 Quid

73 1380 257 1425 dicimus
279 1381 469 1425 cinerem
487 1382 710 1441 juvencae,
736 1379 938 1439 reliquias
962 1377 1165 1422 videlicet
1190 1376 1306 1420 illius
1330 1376 1468 1420 inter-

75 1452 270 1497 fectionis
293 1462 336 1497 et
362 1451 698 1505 combustionis,
729 1451 809 1494 nisi
838 1449 1000 1493 famam
1023 1465 1122 1509 quae
1153 1457 1385 1492 consecuta
1404 1456 1467 1491 est

73 1524 317 1583 passionem
351 1523 800 1581 resurrectionemque
834 1520 1025 1565 Christi?
1062 1538 1081 1561 «
1117 1518 1333 1572 Quoniam
1366 1528 1469 1563 sunt

77 1611 97 1635 »
134 1593 330 1653 reliquiae
363 1593 530 1638 homini
556 1592 782 1652 pacifico-⁵.
813 1610 831 1631 »
864 1593 974 1635 Nam
999 1599 1042 1634 et
1075 1589 1181 1633 cinis
1211 1598 1329 1643 erat,
1366 1589 1466 1649 quia

75 1664 195 1708 velut
221 1674 420 1708 mortuus
449 1664 503 1707 ab
531 1662 782 1706 infidelibus
816 1659 1211 1706 contemnebatur:
1248 1668 1291 1703 et
1321 1668 1469 1703 tamen

27 1741 30 1804 ξ
76 1734 342 1789 mundabat,
364 1735 465 1795 quia
484 1743 526 1778 et
550 1733 827 1777 resurrexisse
845 1749 868 1776 a
889 1731 1093 1776 fidelibus
1111 1730 1386 1775 credebatur.
1414 1733 1471 1774 Et

76 1806 176 1866 quia
193 1806 287 1850 haee
309 1804 426 1849 fama
444 1803 561 1864 apud
589 1819 660 1848 eos
685 1804 868 1847 maxime
890 1803 1048 1847 claruit
1064 1838 1074 1858 ,
1101 1803 1177 1863 qui
1206 1803 1251 1845 in
1273 1802 1438 1846 caeteris
1455 1837 1467 1856 ,

78 1877 277 1936 gentibus
303 1886 450 1931 erant,
492 1885 535 1920 et
564 1891 654 1920 non
687 1884 810 1919 erant
838 1875 893 1918 de
931 1874 1151 1918 consortio
1184 1873 1439 1917 Judaeorum
1457 1908 1468 1928 ‚

78 1946 173 1992 ideo
191 1947 359 1992 dictum
374 1962 464 1991 esse
481 1946 698 1991 existimo:
724 1948 815 1989 «Et
832 1945 1115 2004 congregabit
1131 1945 1263 1988 homo
1279 1943 1471 1987 mundus

81 2036 101 2058 »
135 2017 323 2061 cinerem
347 2018 546 2077 juvencae
573 2036 581 2061 ;
618 2034 638 2057 »
669 2015 861 2060 mundus
896 2016 1049 2075 utique
1075 2016 1134 2058 rb
1168 2013 1472 2059 interfectione

78 2088 263 2142 Christi,
289 2103 389 2148 quae
412 2090 437 2131 J
442 2086 588 2131 udaeos
610 2085 770 2130 fecerat
792 2102 900 2130 reos.
932 2105 951 2128 «
978 2089 1034 2130 Et
1057 2094 1240 2145 reponet
1261 2086 1306 2128 in
1324 2084 1471 2129 locum

83 2177 102 2199 »
138 2158 383 2214 mundum,
422 2178 442 2199 »
485 2157 528 2202 id
564 2166 657 2212 est,
698 2156 1014 2202 honorabiliter
1051 2157 1289 2201 tractabit:
1328 2166 1471 2201 tamen

85 2248 103 2271 «
137 2233 266 2274 Extra
287 2239 451 2284 eastra,
481 2248 500 2270 »
527 2228 629 2289 quia
651 2238 771 2273 extra
789 2228 1127 2272 celebrationem
1146 2226 1340 2287 judaicae
1363 2242 1472 2271 con-

80 2299 317 2344 suetudinis
339 2301 481 2344 honor
502 2298 774 2357 evangelicus
797 2297 965 2343 claruit.
1000 2318 1018 2340 «
1054 2301 1111 2342 Et
1139 2298 1219 2341 erit
1240 2312 1474 2356 synagogae

83 2387 102 2410 n
137 2370 326 2415 filiorum
362 2369 493 2414 Israel
525 2370 571 2413 in
603 2370 992 2413 conservationem.
1026 2372 1152 2429 Aqua
1187 2367 1470 2427 aspersioniS,

83 2459 104 2481 »
136 2442 378 2502 purificatio
401 2451 478 2486 est.
495 2460 515 2482 n
533 2445 685 2485 Postea
698 2439 889 2485 declarat
904 2441 1074 2500 plenius
1089 2439 1463 2501 quemadmodum

30 2578 31 2587 ἵ
129 2544 137 2559 ¹
154 2539 272 2570 Coloss.
292 2550 348 2579 in,
371 2539 399 2570 ἶ.
426 2555 466 2561 -
487 2545 500 2560 ³
519 2540 611 2570 Num.
640 2548 690 2569 xix·
708 2562 715 2576 ‚
737 2548 767 2578 7.
789 2554 830 2560 —-
848 2536 860 2559 3
882 2537 1010 2570 11›i‹l.8.
1042 2554 1082 2559 —-
1100 2536 1116 2562 4
1142 2535 1361 2578 1bi‹1.9.——⁵
1381 2537 1451 2567 psal

29 2609 32 2620 ι
84 2603 199 2635 unu,
221 2594 271 2637 37.
