1872 3267
427 236 692 271 QvAEs‘rioNEs
725 235 770 262 IN
803 233 991 270 sumens,
1028 235 1108 260 nu.
1149 234 1224 259 ιιι.
1439 220 1522 258 599

142 319 164 344 ιι
198 300 440 345 holocausti
463 299 649 344 hostiam
672 299 838 358 accepit
858 296 971 342 illlos
986 300 1013 342 ¹.
1043 316 1061 338 »
1088 295 1213 341 Unde
1231 305 1274 341 et
1291 296 1523 356 Apostolus

138 372 270 417 dicit:
300 389 320 413 «
344 373 439 429 Ego
461 370 576 414 enim
595 371 685 430 jam
707 368 948 414 immolor‘2.
978 388 997 410 η

200 444 276 487 IV.
305 440 388 487 Sed
406 457 495 486 non
517 441 577 485 sic
599 441 757 500 Jcphte
779 439 833 485 de
856 440 944 485 filia
969 439 1070 485 fecit
1086 439 1415 484 holocaustoma
1437 442 1526 484 Do-

136 514 257 559 mino
275 533 286 569 3
306 513 382 558 sed
408 513 521 557 sicut
536 521 805 572 praeceptum
826 510 965 556 fuerat
988 527 1142 572 pecora
1171 511 1335 565 offerri,
1356 520 1400 555 et
1420 526 1525 571 pro-

136 585 326 630 hibitum
357 582 500 628 fuerat
531 584 728 627 homines
751 583 980 627 immolari.
1013 582 1149 641 Magis
1176 583 1259 627 hoc
1291 581 1354 626 illi
1387 583 1526 627 simile

132 655 309 701 videtur
328 654 449 716 quod
476 654 580 699 fecit
602 655 871 709 Abrahamss,
901 653 1021 715 quod
1047 653 1256 698 Dominus
1284 653 1526 713 specialiter

134 726 229 771 fieri
251 726 473 787 praecepit,
500 741 589 769 non
613 725 801 785 generali
821 725 916 784 lege
931 734 979 780 ut
998 724 1099 768 talia
1117 724 1200 768 sibi
1218 724 1426 769 sacrificia
1445 725 1525 768 fie-

135 807 234 842 rent
251 797 487 858 aliquando
510 797 748 852 mandavit,
769 797 857 841 imo
887 797 1015 840 etiam
1045 796 1139 839 ficri
1166 796 1346 840 omnino
1374 797 1527 856 prohi-

135 869 247 914 buit.
268 870 406 914 Distat
428 870 575 930 itaque
597 869 681 914 hoc
703 870 821 930 quod
843 869 1000 928 Jephte
1023 868 1125 912 fecit
1142 885 1165 912 a
1182 867 1296 912 facto
1318 868 1522 925 Abrahae,

134 941 343 1002 quoniam
362 941 453 1000 ipse
469 942 613 1001 jussus
636 941 798 985 obtulit
822 940 960 984 filium
981 957 992 984 .·
1016 939 1096 984 iste
1118 948 1263 984 autem
1283 938 1385 984 fecit
1406 940 1526 1001 quod

133 1022 178 1057 et
200 1015 315 1072 Lege
341 1012 593 1065 vetabatur,
626 1022 670 1057 ct
696 1012 820 1057 nullo
851 1011 1025 1072 speciali
1052 1011 1294 1072 jubebatur
1326 1011 1522 1072 imperio.

135 1083 300 1129 Deinde
322 1098 412 1128 non
434 1083 575 1129 solum
603 1085 649 1128 in
680 1101 754 1128 sua
780 1088 893 1142 Lege
917 1092 1083 1143 postea,
1107 1081 1393 1127 verumetiam
1422 1092 1528 1128 tunc

133 1159 250 1201 Deus
278 1155 323 1199 in
352 1156 445 1215 ipso
480 1153 669 1200 Abrahae
704 1155 794 1199 filio
829 1152 988 1199 talibus
1019 1153 1236 1198 sacrificiis
1268 1168 1400 1214 quam
1438 1170 1527 1199 non

133 1225 424 1271 delectaretur
446 1225 664 1284 ostendit,
689 1241 790 1270 cum
823 1235 991 1286 patrem
1022 1226 1145 1285 cujus
1172 1223 1303 1268 fidem
1326 1225 1527 1285 jubendo

131 1300 406 1360 probaverat,
433 1315 456 1343 a
479 1296 554 1343 filii
578 1308 723 1342 tamen
750 1296 1055 1341 interfectione
1078 1297 1320 1356 prohibuit,
1345 1313 1394 1341 ac
1413 1298 1526 1341 arie-

131 1380 237 1421 tem,
263 1387 352 1430 quo
374 1369 630 1414 sacrificium
653 1368 770 1412 licite
796 1367 1038 1412 secundum
1062 1376 1260 1411 veterum
1287 1383 1525 1426 congruam

131 1441 403 1500 temporibus
420 1438 782 1484 consuetudinem
802 1438 1117 1498 compleretur,
1140 1438 1356 1498 apposuit.

208 1514 262 1556 V.
311 1512 350 1557 Si
389 1521 534 1555 autem
573 1512 655 1555 hoc
688 1523 952 1571 quemquam
984 1519 1149 1565 movet,
1189 1511 1413 1571 quomodo
1456 1512 1527 1572 pie

131 1582 364 1628 crediderit
386 1583 608 1627 Abraham
644 1585 780 1625 Deum
801 1582 1017 1626 sacrificiis
1045 1580 1205 1625 talibus
1237 1580 1467 1638 delectari,
1492 1583 1527 1627 si

129 1655 223 1699 haec
246 1654 395 1699 illicite
417 1653 664 1698 offeruntur
689 1656 803 1710 Deo,
828 1661 871 1696 et
891 1652 990 1696 ideo
1010 1661 1136 1712 putat
1163 1661 1278 1697 recte
1293 1652 1526 1698 credidisse

130 1728 258 1771 etiam
278 1727 435 1786 ,Iephte
452 1724 573 1787 quod
596 1725 680 1769 tale
698 1725 954 1769 sacrificium
978 1728 1068 1769 Deo
1089 1733 1233 1784 posset
1255 1740 1345 1769 esse
1371 1741 1526 1786 accep-

131 1808 224 1843 tum
245 1818 253 1843 :
292 1799 434 1858 primo
460 1797 705 1843 consideret
728 1793 847 1840 aliud
870 1812 959 1840 esse
982 1795 1097 1840 ultro
1114 1811 1294 1847 vovere,
1317 1795 1434 1841 aliud
1452 1798 1526 1858 ju-

131 1868 253 1913 benti
274 1869 590 1928 obtemperare.
612 1871 708 1912 Non
734 1869 849 1912 enim
874 1868 905 1911 si
927 1867 1090 1927 aliquid
1122 1877 1279 1927 praeter
1296 1882 1460 1912 morem
1480 1869 1526 1913 in

130 1940 262 1985 domo
285 1956 308 1983 a
331 1937 509 1983 domino
525 1939 774 1982 institutum
796 1939 1138 1999 servojubetur,
1165 1948 1297 1999 atque
1315 1938 1526 1984 idlauda-

130 2011 208 2056 bili
232 2010 481 2055 obedientia
500 2009 626 2064 facit,
659 2009 757 2054 idco
780 2025 869 2054 non
892 2020 956 2054 est
976 2010 1255 2070 plectendus,
1281 2010 1314 2054 si
1338 2011 1421 2056 hoc
1459 2009 1525 2055 fa-

131 2098 228 2127 cere
250 2092 403 2142 sponte
426 2081 764 2141 praesumpserit.
793 2080 958 2126 Deinde
978 2081 1171 2126 habebat
1186 2081 1306 2142 quod
1328 2081 1525 2127 crederet

131 2154 353 2199 Abraham
369 2189 379 2208 ,
405 2163 454 2197 ut
473 2162 653 2213 propter
670 2151 865 2196 divinum
889 2153 1120 2212 imperium
1145 2169 1232 2197 non
1252 2163 1447 2213 parceret
1472 2154 1525 2198 fi-

132 2224 212 2279 lio,
249 2240 339 2269 non
372 2224 552 2268 credens
587 2227 725 2267 Deum
757 2222 862 2267 tales
884 2224 1079 2268 victimas
1095 2222 1281 2268 libenter
1303 2224 1522 2284 accipere,

132 2295 207 2341 sed
232 2297 313 2340 hoc
340 2311 439 2340 eum
468 2304 695 2355 propterea
717 2295 913 2355 jussisse,
939 2305 989 2340 ut
1012 2295 1283 2340 resuscitaret
1303 2296 1492 2340 occisum
1509 2332 1521 2355 :-

133 2377 175 2412 et
195 2368 297 2412 hinc
320 2366 483 2428 aliquid
510 2377 716 2427 tanquam
740 2370 851 2411 Deus
875 2367 1042 2426 sapiens
1058 2366 1389 2411 demonstraret.
1415 2370 1525 2413 Nam

131 2438 216 2483 hoc
238 2438 292 2481 de
324 2437 399 2482 illo
427 2438 554 2481 etiam
588 2437 634 2480 in
655 2436 846 2496 Epistola
867 2436 1046 2495 legitur,
1072 2454 1171 2498 quae
1194 2437 1443 2482 inscribitur
1470 2437 1525 2483 ad

135 2510 400 2566 Hebraeos⁴3
437 2518 481 2553 et
506 2508 612 2552 fides
644 2510 759 2568 ojus,
797 2509 901 2569 quia
936 2510 1019 2554 hoc
1058 2508 1111 2553 de
1144 2512 1235 2554 Deo
1264 2509 1520 2565 crediderit,

183 2597 280 2637 ¹Sap.
298 2607 346 2631 ιιι,
373 2596 404 2626 6.
427 2613 468 2617 —
489 2602 501 2617 ἒ·
517 2606 535 2625 ·),
551 2595 629 2626 Tim.
652 2605 693 2634 iv,
715 2594 748 2625 (ἰ.
772 2611 812 2616 -
834 2593 846 2615 ³
866 2597 932 2625 Gen
968 2606 1043 2627 xxti.
1065 2612 1106 2617 -
1129 2592 1144 2623 4
1159 2595 1257 2627 Hebr.
1278 2606 1322 2636 xi,
1348 2595 1400 2638 37.
