1872 3267
355 270 622 309 QUAESTIONES
653 272 698 298 IN
731 272 940 308 ΕΧοουΜ,
976 272 1058 298 Lus.
1097 273 1144 297 11.
1361 259 1444 298 287

122 341 179 382 ll.
219 356 239 379 «
265 339 323 382 Et
355 336 464 382 stola
493 336 655 391 sancti,
692 351 793 396 quae
824 344 888 380 cst
914 338 1081 391 Aaron,
1116 335 1199 379 erit
1229 334 1327 378 filiis
1358 335 1449 395 ejus

64 426 84 450 »
118 416 216 468 post
234 422 335 452 eum
349 443 360 464 ,
385 422 581 467 unguere
603 421 674 451 eos
692 406 738 449 in
754 405 880 465 ipsis,
907 415 950 451 et
971 420 1274 450 consummare
1295 419 1450 450 manus

64 496 84 520 »
119 494 286 524 eorum.
311 481 484 539 Septem
503 477 658 522 diebus
688 477 842 522 vestiet
871 493 915 521 se
936 492 986 521 ea
1007 475 1204 522 sacerdos
1218 512 1230 532 ,
1253 476 1329 537 qui
1349 492 1450 521 suc-

64 569 84 592 »
119 552 292 595 cesserit
314 551 353 594 ei
379 549 434 595 de
462 549 559 593 filiis
582 550 673 610 ejus
689 584 700 605 ,
735 549 811 609 qui
838 548 1019 593 intrabit
1046 548 1092 593 in
1117 547 1450 592 tabernaculum

119 622 353 666 testimonii
384 620 598 667 deservire
631 621 678 664 in
715 621 916 664 sanctis1.
946 621 1093 664 »Haec
1125 618 1259 663 verba
1291 619 1452 663 multas

60 693 322 753 quaestiones
344 692 524 736 habent.
541 694 649 737 Nam
665 691 854 751 primum
872 691 943 735 hic
966 688 1214 735 notandum
1231 698 1317 743 est,
1341 705 1454 750 quo-

60 763 193 809 modo
227 779 326 808 cum
365 762 564 808 «stolam
599 761 753 807 dixerit
784 762 946 818 sancti,
980 780 1000 803 »
1040 770 1189 822 postea
1226 757 1454 820 pluraliter

61 834 168 881 dicit
193 854 214 878 ‹<
237 850 402 894 ungere
424 851 496 880 cos
518 835 562 878 in
588 835 711 895 ipsis,
737 853 756 876 »
782 844 993 896 tanquam
1024 833 1072 878 in
1104 833 1239 878 stoliS.
1265 835 1373 879 Nam
1410 842 1454 877 61

61 922 192 967 supra
213 906 370 951 multas
401 906 530 951 stolas
562 921 632 951 cas
665 906 856 962 dixerat,
895 905 1055 966 quibus
1094 921 1182 949 una
1216 913 1449 949 constaret.

62 981 324 1039 Quanquam
347 978 602 1036 ambiguum
625 978 700 1034 sit,
724 988 874 1022 utrum
896 996 916 1020 «
940 978 984 1020 in
1006 977 1108 1037 ipsis
1128 995 1148 1018 »
1174 977 1229 1020 ab
1253 992 1304 1020 eo
1333 975 1454 1036 quod

62 1059 163 1094 sunt
199 1050 289 1109 ipsa
324 1064 478 1107 genere
511 1059 695 1106 neutro,
732 1064 1025 1111 quaecumque
1059 1058 1161 1093 sunt
1185 1048 1347 1108 quibus
1379 1047 1453 1091 illa

63 1119 172 1165 stola
195 1120 455 1180 completur,
487 1120 533 1165 id
558 1131 644 1177 cst,
669 1121 798 1166 vestis
820 1118 1098 1164 sacerdotalis
1125 1139 1133 1164 :
1160 1118 1282 1179 quod
1317 1119 1454 1177 magis

61 1191 310 1252 putandum
329 1200 407 1246 631,
433 1206 482 1235 ex
500 1207 551 1236 6ο
574 1192 695 1252 quod
709 1191 753 1235 in
772 1190 1144 1250 consequentibus
1160 1188 1281 1244 dicit⁷
1312 1208 1332 1230 «
1355 1192 1455 1249 Sep-

67 1281 86 1304 »
121 1272 209 1306 tem
233 1262 388 1306 diebus
408 1263 561 1307 vestiet
583 1277 626 1305 36
653 1277 702 1305 ea
725 1260 923 1305 sacerdos
953 1261 1029 1321 qui
1061 1261 1314 1305 successerit
1335 1261 1402 1318 ei3
1430 1279 1451 1301 »

62 1349 111 1378 ea
133 1333 297 1378 scilicet
318 1326 580 1394 omniaquae
598 1334 982 1389 commemoravit,
1008 1348 1110 1377 cum
1126 1343 1291 1378 vestem
1314 1348 1455 1377 sacer-

61 1404 254 1450 dotalem
272 1404 552 1449 describeret.
574 1405 796 1465 Repetivit
818 1420 920 1449 sane
949 1403 1070 1465 quod
1101 1420 1230 1464 supra
1259 1403 1452 1459 dixerat,

66 1495 86 1518 «
115 1478 430 1522 Consummare
456 1491 610 1520 manus
633 1471 811 1520 eorum:
835 1493 855 1517 »
881 1475 1001 1519 unde
1025 1475 1134 1535 quid
1154 1475 1264 1518 mihi
1283 1475 1457 1520 videre—

60 1555 134 1592 tur
151 1547 372 1607 exposui2.
398 1546 530 1599 Quod
540 1562 643 1591 vero
662 1547 737 1600 ait,
767 1566 786 1588 «
805 1549 979 1605 Septem
995 1544 1150 1590 diebus
1168 1546 1322 1591 vestiet
1344 1561 1388 1590 se
1406 1561 1455 1590 ea

63 1636 85 1660 »
120 1617 344 1673 sacerdos,
378 1636 398 1659 >1
430 1616 650 1677 numquid
678 1616 771 1661 aliis
802 1616 958 1661 diebus
986 1632 1030 1661 36
1058 1632 1149 1662 non
1169 1618 1357 1662 vestiet?
1379 1617 1454 1661 sed

61 1688 145 1733 illis
173 1698 337 1748 septem
362 1687 579 1732 continuis
605 1687 790 1746 intelligi
817 1687 979 1744 voluit,
1004 1689 1165 1749 quibus
1196 1691 1289 1750 ejus
1311 1699 1454 1733 sacer—

61 1759 232 1804 dotium
254 1757 447 1819 quodam
478 1757 611 1802 modo
634 1757 888 1813 dedica-tur,
921 1767 1053 1818 atque
1074 1758 1363 1804 hebdomadis
1391 1768 1456 1804 est

63 1830 108 1874 in
136 1830 227 1890 ejus
256 1829 534 1874 inchoatione
556 1827 778 1872 festivitas.
803 1831 1103 1873 Successorem
1131 1839 1279 1875 autem
1308 1833 1455 1875 Aaron

63 1916 165 1946 eum
187 1900 314 1956 dicit,
351 1919 373 1943 ι(
398 1900 482 1953 Qui
508 1900 642 1944 intrat
663 1899 710 1943 in
732 1899 1067 1945 tabernaculum
1089 1901 1351 1958 testimonii,
1377 1902 1456 1946 de-

67 1991 89 2015 »
123 1973 281 2017 servire
310 1972 356 2016 in
376 1972 533 2016 sanctis
560 1992 569 2017 :
598 1991 619 2014 >›
655 1987 756 2016 eum
777 1971 941 2017 scilicet
969 1972 1213 2032 significans
1229 2009 1240 2029 ,
1267 1974 1343 2034 qui
1365 1990 1456 2019 non
1491 1980 1493 1982 ’

65 2052 235 2104 poterat
251 2059 341 2088 esse
356 2043 438 2087 nisi
459 2059 594 2098 unus,
615 2059 706 2088 non
722 2041 872 2104 quales
885 2052 1008 2087 erant
1030 2053 1073 2088 et
1094 2042 1171 2088 filii
1190 2047 1337 2089 Aaron
1353 2060 1456 2089 curn

65 2118 164 2162 vivo
190 2125 314 2176 patre
336 2131 437 2168 suo,
467 2114 543 2158 sed
574 2113 714 2176 qualis
740 2130 962 2160 successor
988 2115 1121 2175 ipsius
1143 2119 1304 2161 Aaron.
1334 2119 1456 2171 Quo-

65 2186 197 2232 modo
219 2202 322 2246 ergo
353 2186 582 2246 proprium
611 2185 719 2230 dicit
740 2186 869 2246 hujus
890 2187 1020 2232 unius
1042 2202 1148 2244 esse,
1177 2206 1198 2231 «
1219 2191 1388 2234 Intrare
1408 2189 1455 2233 in

69 2276 89 2300 »
126 2257 457 2303 tabernaculum
480 2257 743 2314 testimonii,
772 2257 988 2303 deservire
1022 2259 1069 2302 in
1099 2259 1278 2316 sanctis,
1306 2279 1326 2302 ³)
1353 2276 1455 2305 cum

67 2337 110 2373 et
126 2328 198 2374 illa
221 2345 320 2390 quae
338 2337 440 2373 sunt
462 2337 579 2372 extra
594 2327 759 2384 velum,
779 2344 869 2389 quo
889 2328 1091 2374 velantur
1115 2332 1270 2375 Sancta
1284 2341 1456 2376 sancto-

66 2415 163 2444 rum
176 2436 187 2457 ,
232 2409 380 2445 sancta
422 2398 724 2459 appellentur,
772 2408 815 2443 et
856 2399 1187 2446 tabernaculum
1219 2402 1455 2447 testimonii

67 2471 194 2516 etiam
216 2471 329 2516 illud
344 2480 540 2527 vocetur,
561 2471 640 2514 ubi
662 2480 764 2515 sunt
781 2472 1003 2528 sancta,id
1026 2483 1105 2529 631,
1131 2489 1278 2518 mensa
1299 2483 1342 2517 61
1358 2480 1458 2518 can-

68 2540 295 2587 delabrum
323 2562 338 2587 :v
358 2542 437 2587 ubi
455 2557 555 2586 cum
567 2541 812 2587 deserviant
834 2551 877 2587 et
893 2553 1124 2604 sequentes
1145 2544 1387 2590 sacerdotes
1402 2543 1458 2590 ad

116 2634 124 2650 ¹
144 2629 242 2662 Exod.
265 2639 354 2670 xxm,
374 2638 431 2671 29,
457 2628 508 2662 30.
534 2645 577 2650 -—
594 2634 607 2650 ²
624 2628 703 2660 Vide
719 2637 813 2670 supra
834 2632 945 2672 quaest.
963 2640 1056 2663 cxxv.

63 639 74 663 )

75 639 84 663 v
