1872 3267
397 251 481 289 220
821 257 855 285 s.
890 256 1119 287 Auous'rmr
1150 259 1333 287 Emscom

394 333 496 369 runt
516 324 668 378 etiam,
693 332 975 383 posteaquam
995 323 1068 368 illa
1094 339 1335 384 compressa
1357 330 1458 367 sunt
1475 357 1485 377 ,
1511 320 1673 380 facere3
1698 322 1774 367 sed

395 395 613 455 Scriptura
632 395 717 440 cito
735 394 949 440 narrando
973 396 1196 455 conjunxit
1217 394 1338 456 quod
1354 394 1483 439 etiam
1504 402 1649 453 postea
1677 393 1771 437 fieri
1820 404 1823 437 t
1843 413 1845 422 <

393 467 553 526 potuit.

886 575 1120 626 QUAESTIO
1151 577 1290 615 xxlv.

456 698 475 720 «
497 680 560 722 ET
581 676 691 722 vidit
714 676 879 721 Pharao
902 678 1108 737 quoniam
1126 677 1238 721 facta
1261 685 1325 721 est
1345 674 1630 735 refrigeratio,
1649 684 1691 719 et
1707 675 1775 718 in-
1824 705 1827 708 ψ

397 767 416 789 »
453 757 675 806 gravatum
694 757 757 791 est
774 763 847 791 cor
859 749 965 807 ejus,
983 756 1026 790 et
1038 763 1127 791 non
1141 747 1358 791 exaudivit
1376 762 1463 802 eos,
1485 747 1597 790 sicut
1612 746 1775 789 dixerat

397 837 416 858 »
454 819 702 862 Dominus1.
723 836 743 858 n
766 818 846 862 Hic
868 826 1045 877 apparet
1066 833 1155 861 non
1177 817 1271 861 illas
1296 826 1467 861 tantum
1485 816 1614 860 fuisse
1632 831 1777 860 causas

396 889 695 933 obdurationis
734 888 873 932 cordis
911 888 1142 932 Pharaonis
1159 924 1169 943 ,
1207 888 1327 948 quod
1368 888 1655 932 incantatores
1690 887 1777 946 ejus

393 960 545 1004 similia
570 958 805 1018 faciebant3
831 960 1114 1005 verumetiam
1135 961 1271 1019 ipsam
1293 959 1370 1004 Dei
1392 959 1667 1018 patientiam,
1693 973 1777 1017 qua
1814 1015 1816 1018 .
1844 962 1845 965 ’

393 1032 612 1091 parcebat.
640 1032 850 1075 Patientia
873 1032 949 1076 Dei
972 1031 1213 1076 secundum
1235 1030 1366 1075 corda
1394 1030 1620 1074 hominum
1637 1065 1647 1084 ⁷
1680 1029 1778 1089 qui-
1814 1050 1816 1079 i

394 1101 577 1146 busdam
605 1103 721 1145 utilis
750 1102 804 1146 ad
832 1102 1161 1162 poenitendum,
1200 1101 1464 1163 quibusdam
1497 1099 1659 1145 inutilis
1678 1136 1688 1155 ‚
1726 1099 1779 1144 ad
1813 1146 1815 1156 ¹

395 1171 679 1216 resistendum
703 1175 792 1216 Deo
822 1182 865 1215 et
894 1172 937 1215 in
958 1172 1073 1216 malo
1103 1171 1468 1231 perseverandum
1491 1191 1500 1216 z
1526 1187 1615 1217 non
1634 1181 1779 1215 tamen

394 1258 470 1302 per
491 1258 535 1287 se
556 1244 646 1302 ipsa
679 1241 841 1286 inutilis
865 1252 953 1297 est,
979 1242 1054 1286 sed
1075 1243 1317 1286 secundum
1340 1258 1415 1287 cor
1441 1241 1603 1286 malum
1625 1277 1636 1297 ‚
1672 1242 1780 1285 sicut
1811 1288 1813 1308 a

390 1315 481 1374 jam
503 1312 703 1357 diximus.
731 1316 823 1356 Hoc
848 1321 890 1356 et
908 1312 1138 1371 Apostolus
1163 1312 1268 1356 dicit
1295 1332 1303 1357 :
1334 1332 1353 1354 «
1380 1316 1556 1372 Ignoras
1585 1313 1685 1373 quia
1702 1327 1780 1372 pa·
1810 1310 1813 1355 ἑ
1840 1337 1843 1348 ·

399 1403 419 1425 »
457 1384 689 1428 tientiaDei
704 1383 759 1427 ad
775 1383 1078 1443 poenitentiam
1099 1393 1138 1427 te
1152 1383 1354 1428 adducit?
1367 1384 1615 1428 Secundum
1634 1393 1780 1428 autem

399 1473 419 1496 »
455 1454 659 1498 duritiam
682 1454 822 1498 cordis
846 1453 909 1497 tui
936 1463 979 1497 et
999 1454 1276 1513 impoenitens
1298 1470 1388 1509 cor,
1414 1454 1673 1498 thesaurizas
1701 1454 1779 1500 tibi
1808 1479 1811 1514 j

398 1543 418 1566 i)
454 1525 561 1569 iram
578 1527 623 1569 in
641 1524 710 1569 die
727 1525 801 1568 irae
814 1534 857 1568 et
871 1523 1142 1568 revelationis
1154 1524 1258 1584 justi
1265 1524 1421 1584 judicii
1431 1524 1522 1580 Dei‚
1538 1525 1614 1584 qui
1629 1524 1779 1570 reddet

399 1616 418 1638 »
454 1597 692 1657 unicuique
707 1595 948 1640 secundum
966 1611 1096 1655 opera
1114 1597 1245 1656 ejus2.
1265 1598 1409 1641 »Nam
1424 1605 1466 1639 et
1481 1595 1584 1639 alibi
1602 1612 1702 1641 cum
1719 1595 1780 1640 di-

396 1677 512 1711 ceret
535 1687 543 1712 ι
567 1687 586 1709 «
610 1667 769 1711 Christi
794 1667 934 1711 bonus
956 1666 1063 1710 odor
1081 1681 1227 1710 sumus
1250 1665 1296 1709 in
1318 1666 1437 1710 omni
1459 1665 1584 1724 loco3
1607 1684 1627 1707 »
1651 1667 1778 1711 etiam

400 1755 422 1779 »
456 1737 566 1781 illud
589 1738 783 1797 adjunxit
804 1757 812 1781 :
843 1757 862 1779 «
886 1739 943 1781 Et
966 1738 1009 1779 in
1036 1737 1084 1780 iis
1107 1737 1184 1796 qui
1205 1736 1309 1781 salvi
1330 1737 1466 1790 fiunt,
1492 1745 1536 1780 et
1561 1737 1608 1780 in
1628 1738 1676 1781 iis
1704 1738 1778 1798 qui

399 1827 419 1849 »
445 1818 629 1868 pereunt
639 1810 669 1852 ³.
680 1826 699 1848 »
711 1811 809 1853 Non
823 1807 1099 1852 dixitChristi
1111 1807 1277 1851 bonum
1291 1822 1334 1850 se
1349 1807 1527 1851 odorem
1541 1822 1630 1852 esse
1644 1808 1692 1852 iis
1705 1809 1778 1869 qui
1805 1828 1806 1832 ¹

396 1879 499 1923 salvi
522 1880 655 1933 fiunt⁷
677 1878 840 1922 malum
863 1887 1006 1921 autem
1025 1878 1073 1921 iis
1095 1878 1171 1938 qui
1190 1887 1374 1937 pereunt
1388 1899 1398 1935 3
1414 1877 1488 1922 sed
1509 1887 1677 1922 tantum
1697 1880 1774 1926 bo-

397 1965 502 1993 num
523 1949 699 1993 odorem
714 1965 757 1992 se
776 1948 896 1992 dixit.
920 1948 988 1992 Illi
1005 1964 1107 1993 vero
1123 1947 1227 1992 tales
1243 1958 1365 2003 sunt,
1382 1958 1432 1992 ut
1449 1958 1492 1993 ct
1510 1949 1628 1994 bono
1647 1950 1778 1995 odore
1803 2001 1805 2012 s

397 2028 573 2079 percant
597 2019 835 2063 secundum
858 2020 922 2062 sui
945 2019 1106 2073 cordis,
1129 2028 1178 2062 ut
1200 2034 1312 2078 scepe
1338 2020 1502 2064 dictum
1526 2030 1611 2075 est,
1638 2020 1777 2081 quali-

398 2101 552 2145 tatem,
579 2107 676 2151 quae
699 2089 906 2134 mutanda
930 2100 993 2134 est
1016 2091 1128 2135 bona
1146 2089 1371 2135 voluntate
1388 2091 1432 2134 in
1449 2092 1524 2135 Dei
1547 2093 1704 2149 gratia,
1730 2101 1777 2136 ut

397 2163 605 2221 incipiant
627 2163 664 2204 ci
682 2162 882 2220 prodesse
899 2161 1063 2222 judicia
1085 2163 1183 2216 Dei,
1210 2178 1308 2221 quae
1329 2161 1453 2205 malis
1470 2162 1673 2207 cordibus
1696 2179 1775 2207 no·-

397 2241 510 2275 cent.
536 2232 655 2275 Unde
681 2231 752 2274 'ille
769 2241 936 2275 mutato
958 2232 1002 2274 in
1023 2231 1177 2274 melius
1198 2232 1328 2275 corde
1351 2232 1580 2277 cantabat:
1610 2252 1630 2275 «
1652 2233 1776 2277 Vivet
1798 2235 1801 2278 ἒ

401 2321 420 2343 n
457 2303 597 2346 anima
628 2317 745 2356 mea,
773 2311 814 2345 et
837 2301 1034 2345 laudabit
1060 2311 1102 2345 te
1114 2338 1128 2357 ,
1155 2311 1197 2345 ct
1218 2301 1380 2361 judicia
1409 2311 1483 2346 tua
1508 2303 1775 2362 adjuvabunt
1798 2322 1800 2332 ·

400 2391 420 2414 »
456 2375 568 2417 me⁴.
599 2393 616 2412 »
649 2375 746 2417 Non
779 2372 883 2416 dixit
911 2388 1091 2416 munera
1124 2381 1220 2426 tua,
1245 2372 1315 2415 vel
1347 2372 1523 2431 praemia
1546 2382 1646 2429 tua,
1672 2375 1771 2419 sed:

400 2463 421 2485 «
455 2446 477 2486 J
485 2442 625 2486 udicia
646 2452 736 2486 tua.
757 2460 777 2483 υ
802 2441 992 2487 Multum
1016 2451 1079 2487 est
1101 2451 1245 2486 autem
1262 2451 1311 2486 ut
1328 2446 1491 2488 sincera
1511 2443 1668 2488 fiducia
1690 2443 1772 2488 dici

444 2555 453 2570 ¹
484 2549 583 2581 Exod,
614 2560 684 2590 νιιι,
719 2549 768 2581 15.
799 2566 840 2572 —-
872 2556 884 2571 τ’
916 2551 1006 2582 Rom.
1029 2560 1070 2588 u,
1100 2548 1131 2591 l}
1162 2565 1201 2572 -
1231 2547 1281 2581 32
1309 2552 1380 2583 Cor.
1414 2561 1455 2592 n,
1488 2550 1536 2583 15.
1564 2567 1606 2574 -—-
1638 2549 1653 2580 4
1684 2550 1761 2585 Psal.
1795 2575 1796 2584 1

395 2615 488 2636 cxvm
505 2630 513 2645 ,
538 2605 610 2646 ¹75·
