1872 3267
0 1054 8 1062 ι
0 972 7 1000 (υ
0 884 7 930 »⁴—
0 834 5 854 0
0 759 7 787 m
0 688 8 716 υ,
0 617 8 645 ...a
1 539 8 574 μη-
0 474 8 502 e:
0 400 7 429 ——o
1 324 8 358 .—-

382 258 648 295 QUAEs‘rloivEs
681 259 726 286 nv
759 258 953 296 sumens,
988 258 1070 284 miz.
1107 257 1185 283 v11.
1400 243 1478 281 601

96 340 219 370 suam
248 324 443 368 nesciens
478 324 684 379 intravit,
718 338 870 368 verum
897 332 1111 384 quantum
1144 322 1190 365 in
1221 322 1314 381 ipso
1350 318 1491 365 fuerat

97 394 336 440 fornicatus
354 404 439 450 est,
465 395 567 455 quia
580 394 852 438 meretricem
875 394 1071 454 putavit,
1103 407 1247 453 neque
1281 391 1494 452 approba-

98 468 161 512 vit
177 467 261 511 hoc
284 466 527 526 Scriptura,
552 481 696 526 neque
719 466 992 526 reprobavit,
1028 464 1103 509 sed
1126 464 1293 525 justitia
1327 473 1371 508 et
1397 462 1494 522 lege

98 537 175 583 Dei
197 537 395 582 consulta
429 536 735 581 aestimandum
763 535 1128 597 pensandumque
1145 534 1332 579 dimisit1
1357 553 1365 578 :
1393 533 1495 594 quia

99 624 202 668 ergo
228 607 283 652 de
310 608 393 652 isto
417 607 575 667 Jephte
593 607 709 652 lacto
732 607 778 651 in
803 616 1003 651 neutram
1035 614 1203 666 partem
1237 604 1495 649 sententiam

103 680 326 739 Scriptura
348 679 425 723 Dei
451 677 656 738 protulit,
683 687 732 722 ut
754 687 901 723 noster
925 676 1170 722 intellectus
1193 676 1239 720 in
1257 673 1496 736 judicando

100 758 394 804 exerceretur,
418 764 640 808 possemus
657 750 746 809 jam
768 748 911 793 dicere
930 752 1018 793 Deo
1032 747 1303 808 displicuisse
1319 742 1497 790 tale‘vo-

100 830 218 877 tum,
244 829 288 864 et
310 819 364 864 ad
387 818 504 864 illam
523 819 784 880 perductum
806 835 895 864 esse
909 819 1170 874 vindictam,
1196 826 1245 862 ut
1267 817 1378 877 patri
1415 832 1497 877 po-

100 892 315 938 tissimum
340 890 429 935 filia
456 891 584 936 unica
619 901 892 937 occurreret:
920 890 1042 951 quod
1069 891 1101 934 si
1127 897 1336 950 sperasset
1368 898 1499 949 atque

101 964 336 1019 voluisset,
373 979 463 1008 non
495 964 727 1018 continuo,
760 973 810 1008 ut
842 979 938 1007 eam
969 962 1102 1017 vidit,
1139 961 1332 1006 scidisset
1365 960 1498 1004 vesti-

102 1044 248 1080 menta
271 1050 364 1090 sua,
383 1043 426 1078 et
447 1033 646 1079 dixisset:
677 1037 809 1079 «Heu
824 1050 895 1078 me
916 1034 1003 1078 filia
1020 1049 1116 1077 mea
1134 1033 1142 1077 l
1168 1032 1388 1092 impedisti
1409 1046 1497 1086 me,

106 1125 126 1148 »
152 1107 198 1150 in
220 1104 541 1150 offendiculum
561 1104 674 1150 facta
697 1121 740 1149 es
761 1106 807 1149 in
827 1104 965 1149 oculis
983 1104 1130 1148 meis2.
1152 1122 1172 1144 »
1192 1103 1360 1148 Deinde
1381 1119 1502 1147 sexa-

104 1178 223 1237 ginta
248 1176 419 1221 dierum
452 1187 540 1221 tam
568 1176 700 1236 longa
732 1175 939 1220 dilatione
969 1175 1069 1219 data
1103 1174 1205 1218 filiae
1227 1191 1316 1219 suae
1348 1174 1502 1218 Domi-

104 1264 185 1294 nus
203 1248 258 1293 ab
277 1249 420 1293 unicae
436 1248 699 1293 charissimae
717 1263 823 1292 nece
845 1263 946 1291 cum
969 1262 1069 1290 eum
1087 1263 1177 1291 non
1194 1245 1473 1306 prohibuerit
1489 1280 1499 1300 ,

104 1320 216 1364 sicut
237 1319 464 1379 prohibuit
485 1319 728 1372 Abraham,
756 1317 896 1361 donec
923 1316 1192 1376 perficiendo
1224 1316 1346 1376 quod
1369 1331 1504 1360 vovc-

105 1399 172 1434 rat
188 1405 232 1434 se
253 1390 394 1449 ipsum
417 1397 666 1449 percuteret
695 1388 881 1432 orbitate
904 1387 1173 1445 gravissima,
1194 1390 1335 1431 Deum
1358 1395 1503 1430 autem

106 1475 386 1520 nequaquam
408 1459 596 1505 hominis
613 1458 911 1503 immolatione
927 1457 1144 1517 placaret:
1171 1467 1214 1501 et
1232 1457 1331 1502 ideo
1349 1458 1505 1518 hujus-

108 1530 277 1576 cemodi
308 1531 422 1590 patri
454 1545 632 1589 poenam
672 1528 803 1573 fuisse
834 1528 1114 1583 retributam,
1152 1544 1207 1572 ne
1237 1528 1506 1588 impunitum

108 1603 205 1648 talis
235 1602 327 1647 voti
357 1601 678 1662 relinqueretur
704 1600 980 1661 exemplum,
1012 1610 1062 1644 ut
1091 1609 1167 1644 aut
1194 1616 1403 1659 magnum
1428 1599 1507 1645 ali-

108 1672 217 1734 quid
237 1688 281 1717 se
302 1688 460 1717 vovere
473 1676 563 1717 Deo
586 1681 793 1732 putarent
813 1672 1010 1715 homines
1025 1706 1035 1726 ,
1066 1686 1168 1715 cum
1193 1670 1387 1714 victimas
1419 1671 1506 1714 hu-

108 1760 258 1788 manas
269 1753 479 1788 voverent
491 1780 501 1799 ,
519 1752 562 1788 et
579 1743 701 1804 quod
713 1752 776 1786 est
788 1741 1059 1797 horribilius,
1078 1740 1268 1785 filiorum
1287 1762 1298 1799 3
1324 1750 1400 1785 aut
1418 1757 1507 1786 non

109 1831 233 1869 vera,
265 1814 341 1859 sed
368 1815 512 1874 potius
540 1812 741 1858 simulata
771 1812 924 1857 eadem
953 1821 1054 1856 vota
1078 1821 1242 1867 essent,
1265 1828 1365 1856 cum
1387 1811 1508 1856 velut

111 1885 310 1945 exemplo
332 1885 521 1929 Abrahae
544 1893 767 1944 sperarent
782 1884 858 1944 qui
872 1884 1090 1929 vovissent
1105 1887 1243 1928 Deum
1258 1883 1510 1943 prohibitu-

111 1973 210 2001 rum
233 1955 335 2000 talia
355 1963 457 1998 vota
479 1955 703 2013 compleri.

172 2031 296 2073 VIII.
321 2031 548 2072 Possemus
563 2062 573 2081 ,
595 2026 796 2086 inquam,
822 2027 916 2069 haee
938 2025 1106 2082 dicere,
1131 2026 1213 2070 nisi
1236 2026 1290 2070 ab
1313 2026 1392 2071 ista
1410 2042 1509 2070 sen-

115 2100 251 2146 tentia
287 2098 376 2143 duo
406 2114 484 2142 nos
512 2097 732 2158 praecipue
759 2095 1005 2140 divinarum
1039 2097 1362 2156 Scripturarum
1395 2098 1512 2141 testi-

116 2171 263 2216 monia
284 2170 582 2224 retardarent,
608 2178 658 2212 ut
674 2169 785 2212 hanc
805 2184 896 2212 rem
919 2178 1082 2226 gestam
1105 2178 1148 2212 et
1170 2169 1214 2213 in
1231 2169 1354 2213 libris
1378 2178 1511 2214 tantae

117 2243 384 2288 auctoritatis
401 2241 621 2286 memoriae
638 2239 987 2285 commendatam
1003 2276 1013 2295 ,
1032 2239 1281 2299 diligentius
1296 2251 1511 2301 quantum

119 2314 328 2359 Dominus
352 2313 527 2374 adjuvat
545 2348 555 2367 ,
582 2321 625 2355 et
642 2311 808 2355 cautius
838 2321 1182 2371 perscrutemur,
1210 2327 1265 2355 ne
1299 2312 1343 2355 in
1376 2311 1511 2356 ullam

118 2395 287 2447 partem
298 2384 515 2446 judicium
533 2383 809 2428 temerarium
830 2382 1114 2443 proferamus.
1136 2386 1282 2427 Unum
1297 2419 1308 2439 ,
1334 2384 1512 2444 quodin

120 2455 315 2516 Epistola
333 2455 387 2499 ad
401 2455 609 2500 Hebraeos
621 2454 699 2498 iste
713 2457 736 2498 J
741 2455 870 2513 ephte
883 2454 996 2497 inter
1013 2454 1117 2497 tales
1128 2463 1509 2510 commemoratur,

121 2537 173 2572 ut
193 2543 293 2571 eum
315 2527 491 2587 culpare
504 2541 756 2581 vereamur,
782 2525 936 2577 ubisic
953 2526 1163 2585 scriptum
1180 2535 1244 2571 est
1263 2546 1270 2570 :
1299 2545 1318 2568 «
1334 2529 1391 2571 Et
1405 2526 1514 2587 quid

173 2620 181 2636 ¹
207 2615 286 2646 Gen.
306 2624 442 2655 xxxvm,
461 2613 511 2646 15.
530 2630 571 2636 -
592 2620 604 2636 2
624 2613 694 2645 Jud.
715 2624 758 2654 xi,
781 2612 831 2645 313.
