<?xml version="1.0" encoding="UTF-8"?>
<!DOCTYPE html PUBLIC "-//W3C//DTD XHTML 1.0 Transitional//EN"
    "http://www.w3.org/TR/xhtml1/DTD/xhtml1-transitional.dtd">
<html xmlns="http://www.w3.org/1999/xhtml" xml:lang="en" lang="en">
 <head>
  <title>
</title>
<meta http-equiv="Content-Type" content="text/html;charset=utf-8" />
  <meta name='ocr-system' content='tesseract 3.04.00' />
  <meta name='ocr-capabilities' content='ocr_page ocr_carea ocr_par ocr_line ocrx_word'/>
</head>
<body>
  <div class='ocr_page' id='page_1' title='image "./operaomniaaccura06auguuoft_0307.png"; bbox 0 0 1872 3267; ppageno 0'>
   <div class='ocr_carea' id='block_1_1' title="bbox 341 295 1428 465">
    <p class='ocr_par' dir='ltr' id='par_1_1' title="bbox 341 295 1428 465">
     <span class='ocr_line' id='line_1_1' title="bbox 341 295 1428 350; baseline -0.005 -10"><span class='ocrx_word' id='word_1_1' title='bbox 341 308 607 350; x_wconf 67' lang='lat' dir='ltr'>Qvffisnouns</span> <span class='ocrx_word' id='word_1_2' title='bbox 639 310 683 339; x_wconf 69' lang='lat' dir='ltr'>lu</span> <span class='ocrx_word' id='word_1_3' title='bbox 717 309 922 347; x_wconf 70' lang='lat' dir='ltr'>Exoncm,</span> <span class='ocrx_word' id='word_1_4' title='bbox 958 310 1040 337; x_wconf 77' lang='lat' dir='ltr'>mn.</span> <span class='ocrx_word' id='word_1_5' title='bbox 1076 309 1124 335; x_wconf 90' lang='lat'>11.</span> <span class='ocrx_word' id='word_1_6' title='bbox 1344 295 1428 336; x_wconf 79' lang='lat'>297</span> 
     </span>
     <span class='ocr_line' id='line_1_2' title="bbox 517 411 968 465; baseline -0.004 -11"><span class='ocrx_word' id='word_1_7' title='bbox 517 411 753 465; x_wconf 89' lang='lat' dir='ltr'>QUAESTIO</span> <span class='ocrx_word' id='word_1_8' title='bbox 785 412 968 453; x_wconf 81' lang='lat' dir='ltr'><strong>CXLVII.</strong></span> 
     </span>
    </p>
   </div>
   <div class='ocr_carea' id='block_1_2' title="bbox 49 511 1438 1215">
    <p class='ocr_par' dir='ltr' id='par_1_2' title="bbox 49 511 1438 1215">
     <span class='ocr_line' id='line_1_3' title="bbox 106 511 1433 575; baseline -0.005 -12"><span class='ocrx_word' id='word_1_9' title='bbox 106 519 209 563; x_wconf 77' lang='lat' dir='ltr'>CUM</span> <span class='ocrx_word' id='word_1_10' title='bbox 231 519 402 575; x_wconf 84' lang='lat' dir='ltr'>Moyses</span> <span class='ocrx_word' id='word_1_11' title='bbox 420 514 592 562; x_wconf 83' lang='lat' dir='ltr'>dicitad</span> <span class='ocrx_word' id='word_1_12' title='bbox 609 519 766 571; x_wconf 81' lang='lat' dir='ltr'>Deum,</span> <span class='ocrx_word' id='word_1_13' title='bbox 792 533 812 556; x_wconf 84' lang='lat'>«</span> <span class='ocrx_word' id='word_1_14' title='bbox 830 518 1003 570; x_wconf 79' lang='lat' dir='ltr'>Precor,</span> <span class='ocrx_word' id='word_1_15' title='bbox 1032 511 1228 574; x_wconf 88' lang='lat' dir='ltr'>peccavit</span> <span class='ocrx_word' id='word_1_16' title='bbox 1245 511 1433 572; x_wconf 88' lang='lat' dir='ltr'>populus</span> 
     </span>
     <span class='ocr_line' id='line_1_4' title="bbox 51 583 1435 648; baseline -0.003 -19"><span class='ocrx_word' id='word_1_17' title='bbox 51 607 72 630; x_wconf 87' lang='lat'>»</span> <span class='ocrx_word' id='word_1_18' title='bbox 95 589 174 632; x_wconf 90' lang='lat' dir='ltr'>iste</span> <span class='ocrx_word' id='word_1_19' title='bbox 194 597 424 648; x_wconf 86' lang='lat' dir='ltr'>peecatum</span> <span class='ocrx_word' id='word_1_20' title='bbox 445 602 671 646; x_wconf 83' lang='lat' dir='ltr'>magnum,</span> <span class='ocrx_word' id='word_1_21' title='bbox 689 595 732 630; x_wconf 91' lang='lat' dir='ltr'>et</span> <span class='ocrx_word' id='word_1_22' title='bbox 750 584 948 630; x_wconf 88' lang='lat' dir='ltr'>fecerunt</span> <span class='ocrx_word' id='word_1_23' title='bbox 971 585 1051 628; x_wconf 90' lang='lat' dir='ltr'>sibi</span> <span class='ocrx_word' id='word_1_24' title='bbox 1064 583 1168 628; x_wconf 87' lang='lat' dir='ltr'>deos</span> <span class='ocrx_word' id='word_1_25' title='bbox 1189 598 1340 627; x_wconf 86' lang='lat' dir='ltr'>aureos</span> <span class='ocrx_word' id='word_1_26' title='bbox 1355 618 1366 637; x_wconf 85' lang='lat'>‚</span> <span class='ocrx_word' id='word_1_27' title='bbox 1391 591 1435 626; x_wconf 88' lang='lat' dir='ltr'>et</span> 
     </span>
     <span class='ocr_line' id='line_1_5' title="bbox 50 654 1432 720; baseline -0.003 -19"><span class='ocrx_word' id='word_1_28' title='bbox 50 679 72 701; x_wconf 83' lang='lat'>»</span> <span class='ocrx_word' id='word_1_29' title='bbox 97 675 216 704; x_wconf 91' lang='lat' dir='ltr'>nunc</span> <span class='ocrx_word' id='word_1_30' title='bbox 238 659 454 720; x_wconf 85' lang='lat' dir='ltr'>siquidem</span> <span class='ocrx_word' id='word_1_31' title='bbox 469 658 650 703; x_wconf 86' lang='lat' dir='ltr'>remittis</span> <span class='ocrx_word' id='word_1_32' title='bbox 662 656 746 702; x_wconf 79' lang='lat' dir='ltr'>illis</span> <span class='ocrx_word' id='word_1_33' title='bbox 773 666 1002 717; x_wconf 88' lang='lat' dir='ltr'>peccatum</span> <span class='ocrx_word' id='word_1_34' title='bbox 1024 655 1215 709; x_wconf 81' lang='lat' dir='ltr'>illorum,</span> <span class='ocrx_word' id='word_1_35' title='bbox 1232 654 1432 709; x_wconf 83' lang='lat' dir='ltr'>remitte3</span> 
     </span>
     <span class='ocr_line' id='line_1_6' title="bbox 51 724 1431 788; baseline -0.006 -15"><span class='ocrx_word' id='word_1_36' title='bbox 51 731 160 775; x_wconf 89' lang='lat' dir='ltr'>»sin</span> <span class='ocrx_word' id='word_1_37' title='bbox 182 740 351 785; x_wconf 84' lang='lat' dir='ltr'>autem,</span> <span class='ocrx_word' id='word_1_38' title='bbox 376 730 474 775; x_wconf 88' lang='lat' dir='ltr'>dele</span> <span class='ocrx_word' id='word_1_39' title='bbox 501 746 571 774; x_wconf 90' lang='lat' dir='ltr'>me</span> <span class='ocrx_word' id='word_1_40' title='bbox 606 729 661 774; x_wconf 90' lang='lat' dir='ltr'>de</span> <span class='ocrx_word' id='word_1_41' title='bbox 691 729 804 773; x_wconf 86' lang='lat' dir='ltr'>libro</span> <span class='ocrx_word' id='word_1_42' title='bbox 836 738 935 784; x_wconf 82' lang='lat' dir='ltr'>tuo,</span> <span class='ocrx_word' id='word_1_43' title='bbox 971 742 1102 788; x_wconf 85' lang='lat' dir='ltr'>quem</span> <span class='ocrx_word' id='word_1_44' title='bbox 1135 724 1381 785; x_wconf 83' lang='lat' dir='ltr'>scripsisti1.</span> <span class='ocrx_word' id='word_1_45' title='bbox 1411 743 1431 765; x_wconf 87' lang='lat'>»</span> 
     </span>
     <span class='ocr_line' id='line_1_7' title="bbox 51 795 1436 862; baseline -0.006 -15"><span class='ocrx_word' id='word_1_46' title='bbox 51 804 237 847; x_wconf 88' lang='lat' dir='ltr'>Securus</span> <span class='ocrx_word' id='word_1_47' title='bbox 251 801 429 862; x_wconf 91' lang='lat' dir='ltr'>quidem</span> <span class='ocrx_word' id='word_1_48' title='bbox 443 802 526 846; x_wconf 91' lang='lat' dir='ltr'>hoc</span> <span class='ocrx_word' id='word_1_49' title='bbox 539 800 663 855; x_wconf 81' lang='lat' dir='ltr'>dixit,</span> <span class='ocrx_word' id='word_1_50' title='bbox 679 809 729 844; x_wconf 88' lang='lat' dir='ltr'>ut</span> <span class='ocrx_word' id='word_1_51' title='bbox 746 815 768 843; x_wconf 89' lang='lat' dir='ltr'>a</span> <span class='ocrx_word' id='word_1_52' title='bbox 786 797 1151 860; x_wconf 83' lang='lat' dir='ltr'>consequentibus</span> <span class='ocrx_word' id='word_1_53' title='bbox 1164 795 1436 840; x_wconf 85' lang='lat' dir='ltr'>ratiocinatio</span> 
     </span>
     <span class='ocr_line' id='line_1_8' title="bbox 49 865 1438 932; baseline -0.006 -14"><span class='ocrx_word' id='word_1_54' title='bbox 49 872 360 928; x_wconf 84' lang='lat' dir='ltr'>concludatur,</span> <span class='ocrx_word' id='word_1_55' title='bbox 386 872 432 917; x_wconf 93' lang='lat' dir='ltr'>id</span> <span class='ocrx_word' id='word_1_56' title='bbox 449 882 528 928; x_wconf 83' lang='lat' dir='ltr'>est,</span> <span class='ocrx_word' id='word_1_57' title='bbox 553 881 604 916; x_wconf 91' lang='lat' dir='ltr'>ut</span> <span class='ocrx_word' id='word_1_58' title='bbox 623 872 725 932; x_wconf 86' lang='lat' dir='ltr'>quia</span> <span class='ocrx_word' id='word_1_59' title='bbox 753 875 866 916; x_wconf 91' lang='lat' dir='ltr'>Deus</span> <span class='ocrx_word' id='word_1_60' title='bbox 880 873 1064 929; x_wconf 87' lang='lat' dir='ltr'>Moysen</span> <span class='ocrx_word' id='word_1_61' title='bbox 1094 885 1180 913; x_wconf 90' lang='lat' dir='ltr'>non</span> <span class='ocrx_word' id='word_1_62' title='bbox 1197 866 1362 912; x_wconf 87' lang='lat' dir='ltr'>deleret</span> <span class='ocrx_word' id='word_1_63' title='bbox 1383 865 1438 910; x_wconf 93' lang='lat' dir='ltr'>de</span> 
     </span>
     <span class='ocr_line' id='line_1_9' title="bbox 49 941 1437 1003; baseline -0.004 -17"><span class='ocrx_word' id='word_1_64' title='bbox 49 942 162 988; x_wconf 86' lang='lat' dir='ltr'>libro</span> <span class='ocrx_word' id='word_1_65' title='bbox 179 959 279 999; x_wconf 87' lang='lat' dir='ltr'>suo,</span> <span class='ocrx_word' id='word_1_66' title='bbox 297 942 463 1003; x_wconf 86' lang='lat' dir='ltr'>populo</span> <span class='ocrx_word' id='word_1_67' title='bbox 474 952 702 1003; x_wconf 81' lang='lat' dir='ltr'>peccatum</span> <span class='ocrx_word' id='word_1_68' title='bbox 720 942 830 987; x_wconf 91' lang='lat' dir='ltr'>illud</span> <span class='ocrx_word' id='word_1_69' title='bbox 849 942 1102 986; x_wconf 86' lang='lat' dir='ltr'>remitteret.</span> <span class='ocrx_word' id='word_1_70' title='bbox 1123 941 1437 984; x_wconf 83' lang='lat' dir='ltr'>Verumtamen</span> 
     </span>
     <span class='ocr_line' id='line_1_10' title="bbox 50 1012 1438 1075; baseline -0.004 -17"><span class='ocrx_word' id='word_1_71' title='bbox 50 1013 367 1059; x_wconf 83' lang='lat' dir='ltr'>advertendum</span> <span class='ocrx_word' id='word_1_72' title='bbox 389 1024 472 1070; x_wconf 85' lang='lat' dir='ltr'>est,</span> <span class='ocrx_word' id='word_1_73' title='bbox 504 1024 720 1075; x_wconf 86' lang='lat' dir='ltr'>quantum</span> <span class='ocrx_word' id='word_1_74' title='bbox 742 1014 906 1058; x_wconf 85' lang='lat' dir='ltr'>malum</span> <span class='ocrx_word' id='word_1_75' title='bbox 927 1014 985 1057; x_wconf 75' lang='lat' dir='ltr'>‘in</span> <span class='ocrx_word' id='word_1_76' title='bbox 1006 1012 1081 1057; x_wconf 93' lang='lat' dir='ltr'>illo</span> <span class='ocrx_word' id='word_1_77' title='bbox 1117 1019 1295 1071; x_wconf 86' lang='lat' dir='ltr'>peccato</span> <span class='ocrx_word' id='word_1_78' title='bbox 1316 1024 1438 1069; x_wconf 87' lang='lat' dir='ltr'>pers-</span> 
     </span>
     <span class='ocr_line' id='line_1_11' title="bbox 49 1079 1436 1145; baseline -0.004 -18"><span class='ocrx_word' id='word_1_79' title='bbox 49 1084 214 1144; x_wconf 77' lang='lat' dir='ltr'>pexerit</span> <span class='ocrx_word' id='word_1_80' title='bbox 247 1087 419 1143; x_wconf 84' lang='lat' dir='ltr'>Moyses</span> <span class='ocrx_word' id='word_1_81' title='bbox 449 1084 570 1145; x_wconf 90' lang='lat' dir='ltr'>quod</span> <span class='ocrx_word' id='word_1_82' title='bbox 591 1094 711 1129; x_wconf 84' lang='lat' dir='ltr'>tanta</span> <span class='ocrx_word' id='word_1_83' title='bbox 734 1083 854 1129; x_wconf 78' lang='lat' dir='ltr'>caede</span> <span class='ocrx_word' id='word_1_84' title='bbox 883 1083 1116 1128; x_wconf 86' lang='lat' dir='ltr'>crediderit</span> <span class='ocrx_word' id='word_1_85' title='bbox 1149 1079 1436 1141; x_wconf 80' lang='lat' dir='ltr'>expiandum,</span> 
     </span>
     <span class='ocr_line' id='line_1_12' title="bbox 49 1149 1435 1215; baseline -0.004 -17"><span class='ocrx_word' id='word_1_86' title='bbox 49 1155 126 1214; x_wconf 87' lang='lat' dir='ltr'>qui</span> <span class='ocrx_word' id='word_1_87' title='bbox 148 1170 219 1200; x_wconf 88' lang='lat' dir='ltr'>eos</span> <span class='ocrx_word' id='word_1_88' title='bbox 243 1156 302 1200; x_wconf 90' lang='lat' dir='ltr'>sic</span> <span class='ocrx_word' id='word_1_89' title='bbox 325 1154 534 1214; x_wconf 82' lang='lat' dir='ltr'>diligebat</span> <span class='ocrx_word' id='word_1_90' title='bbox 549 1191 560 1211; x_wconf 81' lang='lat'>‚</span> <span class='ocrx_word' id='word_1_91' title='bbox 584 1165 634 1200; x_wconf 92' lang='lat' dir='ltr'>ut</span> <span class='ocrx_word' id='word_1_92' title='bbox 655 1171 734 1215; x_wconf 84' lang='lat' dir='ltr'>pro</span> <span class='ocrx_word' id='word_1_93' title='bbox 755 1155 813 1199; x_wconf 90' lang='lat' dir='ltr'>eis</span> <span class='ocrx_word' id='word_1_94' title='bbox 846 1153 920 1198; x_wconf 86' lang='lat' dir='ltr'>illa</span> <span class='ocrx_word' id='word_1_95' title='bbox 945 1153 1078 1197; x_wconf 86' lang='lat' dir='ltr'>verba</span> <span class='ocrx_word' id='word_1_96' title='bbox 1099 1155 1192 1197; x_wconf 88' lang='lat' dir='ltr'>Deo</span> <span class='ocrx_word' id='word_1_97' title='bbox 1214 1149 1435 1195; x_wconf 87' lang='lat' dir='ltr'>funderet.</span> 
     </span>
    </p>
   </div>
   <div class='ocr_carea' id='block_1_3' title="bbox 514 1264 986 1315">
    <p class='ocr_par' dir='ltr' id='par_1_3' title="bbox 514 1264 986 1315">
     <span class='ocr_line' id='line_1_13' title="bbox 514 1264 986 1315; baseline -0.006 -11"><span class='ocrx_word' id='word_1_98' title='bbox 514 1264 751 1315; x_wconf 76' lang='lat' dir='ltr'>QUAEsTIO</span> <span class='ocrx_word' id='word_1_99' title='bbox 783 1264 986 1304; x_wconf 70' lang='lat' dir='ltr'>cximn.</span> 
     </span>
    </p>
   </div>
   <div class='ocr_carea' id='block_1_4' title="bbox 7 1361 1453 2626">
    <p class='ocr_par' dir='ltr' id='par_1_4' title="bbox 52 1361 1447 1637">
     <span class='ocr_line' id='line_1_14' title="bbox 110 1361 1442 1423; baseline -0.002 -16"><span class='ocrx_word' id='word_1_100' title='bbox 110 1365 283 1408; x_wconf 70' lang='lat' dir='ltr'>Mmrro</span> <span class='ocrx_word' id='word_1_101' title='bbox 326 1363 558 1423; x_wconf 79' lang='lat' dir='ltr'>quaeritur,</span> <span class='ocrx_word' id='word_1_102' title='bbox 604 1378 705 1408; x_wconf 90' lang='lat' dir='ltr'>cum</span> <span class='ocrx_word' id='word_1_103' title='bbox 739 1363 936 1423; x_wconf 88' lang='lat' dir='ltr'>superius</span> <span class='ocrx_word' id='word_1_104' title='bbox 968 1361 1185 1423; x_wconf 88' lang='lat' dir='ltr'>populum</span> <span class='ocrx_word' id='word_1_105' title='bbox 1217 1361 1442 1422; x_wconf 87' lang='lat' dir='ltr'>dissipasse</span> 
     </span>
     <span class='ocr_line' id='line_1_15' title="bbox 52 1432 1439 1494; baseline -0.001 -17"><span class='ocrx_word' id='word_1_106' title='bbox 52 1432 194 1478; x_wconf 89' lang='lat' dir='ltr'>dictus</span> <span class='ocrx_word' id='word_1_107' title='bbox 216 1434 270 1478; x_wconf 90' lang='lat' dir='ltr'>sit</span> <span class='ocrx_word' id='word_1_108' title='bbox 287 1437 433 1479; x_wconf 85' lang='lat' dir='ltr'>Aaron</span> <span class='ocrx_word' id='word_1_109' title='bbox 451 1469 462 1489; x_wconf 87' lang='lat'>,</span> <span class='ocrx_word' id='word_1_110' title='bbox 489 1434 629 1478; x_wconf 85' lang='lat' dir='ltr'>curin</span> <span class='ocrx_word' id='word_1_111' title='bbox 651 1435 792 1494; x_wconf 88' lang='lat' dir='ltr'>ipsum</span> <span class='ocrx_word' id='word_1_112' title='bbox 815 1433 1007 1479; x_wconf 82' lang='lat' dir='ltr'>vindicta</span> <span class='ocrx_word' id='word_1_113' title='bbox 1026 1433 1148 1478; x_wconf 86' lang='lat' dir='ltr'>nulla</span> <span class='ocrx_word' id='word_1_114' title='bbox 1167 1432 1439 1493; x_wconf 83' lang='lat' dir='ltr'>processerit,</span> 
     </span>
     <span class='ocr_line' id='line_1_16' title="bbox 52 1504 1447 1566; baseline -0.001 -17"><span class='ocrx_word' id='word_1_115' title='bbox 52 1520 197 1565; x_wconf 90' lang='lat' dir='ltr'>neque</span> <span class='ocrx_word' id='word_1_116' title='bbox 214 1521 314 1550; x_wconf 89' lang='lat' dir='ltr'>cum</span> <span class='ocrx_word' id='word_1_117' title='bbox 327 1509 498 1563; x_wconf 88' lang='lat' dir='ltr'>Moyses</span> <span class='ocrx_word' id='word_1_118' title='bbox 515 1506 702 1550; x_wconf 87' lang='lat' dir='ltr'>interfici</span> <span class='ocrx_word' id='word_1_119' title='bbox 712 1506 841 1566; x_wconf 83' lang='lat' dir='ltr'>jussit</span> <span class='ocrx_word' id='word_1_120' title='bbox 856 1521 1047 1560; x_wconf 84' lang='lat' dir='ltr'>omnem,</span> <span class='ocrx_word' id='word_1_121' title='bbox 1068 1505 1145 1565; x_wconf 89' lang='lat' dir='ltr'>qui</span> <span class='ocrx_word' id='word_1_122' title='bbox 1160 1504 1320 1549; x_wconf 88' lang='lat' dir='ltr'>Levitis</span> <span class='ocrx_word' id='word_1_123' title='bbox 1337 1519 1447 1548; x_wconf 91' lang='lat' dir='ltr'>eun-</span> 
     </span>
     <span class='ocr_line' id='line_1_17' title="bbox 52 1576 1446 1637; baseline -0.001 -17"><span class='ocrx_word' id='word_1_124' title='bbox 52 1576 170 1621; x_wconf 85' lang='lat' dir='ltr'>tibus</span> <span class='ocrx_word' id='word_1_125' title='bbox 193 1576 248 1621; x_wconf 87' lang='lat' dir='ltr'>ad</span> <span class='ocrx_word' id='word_1_126' title='bbox 268 1586 440 1637; x_wconf 87' lang='lat' dir='ltr'>portam</span> <span class='ocrx_word' id='word_1_127' title='bbox 466 1586 510 1621; x_wconf 86' lang='lat' dir='ltr'>et</span> <span class='ocrx_word' id='word_1_128' title='bbox 540 1576 849 1625; x_wconf 80' lang='lat' dir='ltr'>redeuntibus,</span> <span class='ocrx_word' id='word_1_129' title='bbox 866 1577 1122 1621; x_wconf 87' lang='lat' dir='ltr'>occurrisset</span> <span class='ocrx_word' id='word_1_130' title='bbox 1149 1576 1344 1631; x_wconf 85' lang='lat' dir='ltr'>armatis,</span> <span class='ocrx_word' id='word_1_131' title='bbox 1369 1591 1446 1620; x_wconf 90' lang='lat' dir='ltr'>ne·</span> 
     </span>
    </p>

    <p class='ocr_par' dir='ltr' id='par_1_5' title="bbox 14 1645 1444 1848">
     <span class='ocr_line' id='line_1_18' title="bbox 53 1645 1444 1707; baseline 0.001 -17"><span class='ocrx_word' id='word_1_132' title='bbox 53 1662 140 1707; x_wconf 88' lang='lat' dir='ltr'>que</span> <span class='ocrx_word' id='word_1_133' title='bbox 163 1662 262 1691; x_wconf 92' lang='lat' dir='ltr'>cum</span> <span class='ocrx_word' id='word_1_134' title='bbox 291 1656 441 1707; x_wconf 83' lang='lat' dir='ltr'>postea</span> <span class='ocrx_word' id='word_1_135' title='bbox 468 1645 635 1691; x_wconf 84' lang='lat' dir='ltr'>factum</span> <span class='ocrx_word' id='word_1_136' title='bbox 667 1657 730 1691; x_wconf 91' lang='lat' dir='ltr'>est</span> <span class='ocrx_word' id='word_1_137' title='bbox 763 1647 885 1707; x_wconf 91' lang='lat' dir='ltr'>quod</span> <span class='ocrx_word' id='word_1_138' title='bbox 918 1648 1139 1707; x_wconf 86' lang='lat' dir='ltr'>Scriptura</span> <span class='ocrx_word' id='word_1_139' title='bbox 1166 1646 1272 1691; x_wconf 88' lang='lat' dir='ltr'>dicit</span> <span class='ocrx_word' id='word_1_140' title='bbox 1312 1666 1320 1691; x_wconf 92' lang='lat'>:</span> <span class='ocrx_word' id='word_1_141' title='bbox 1342 1665 1362 1689; x_wconf 89' lang='lat'>«</span> <span class='ocrx_word' id='word_1_142' title='bbox 1386 1649 1444 1691; x_wconf 92' lang='lat' dir='ltr'>Et</span> 
     </span>
     <span class='ocr_line' id='line_1_19' title="bbox 14 1707 1442 1778; baseline 0.001 -20"><span class='ocrx_word' id='word_1_143' title='bbox 14 1707 15 1713; x_wconf 35' lang='lat'>¹</span> <span class='ocrx_word' id='word_1_144' title='bbox 57 1735 78 1758; x_wconf 86' lang='lat'>»</span> <span class='ocrx_word' id='word_1_145' title='bbox 104 1717 314 1777; x_wconf 88' lang='lat' dir='ltr'>percussit</span> <span class='ocrx_word' id='word_1_146' title='bbox 346 1717 558 1761; x_wconf 90' lang='lat' dir='ltr'>Dominus</span> <span class='ocrx_word' id='word_1_147' title='bbox 592 1717 808 1777; x_wconf 90' lang='lat' dir='ltr'>populum</span> <span class='ocrx_word' id='word_1_148' title='bbox 836 1727 1014 1778; x_wconf 86' lang='lat' dir='ltr'>propter</span> <span class='ocrx_word' id='word_1_149' title='bbox 1044 1717 1261 1762; x_wconf 83' lang='lat' dir='ltr'>facturam</span> <span class='ocrx_word' id='word_1_150' title='bbox 1291 1715 1442 1772; x_wconf 89' lang='lat' dir='ltr'>vituli,</span> 
     </span>
     <span class='ocr_line' id='line_1_20' title="bbox 59 1786 1444 1848; baseline 0.001 -18"><span class='ocrx_word' id='word_1_151' title='bbox 59 1806 79 1829; x_wconf 74' lang='lat' dir='ltr'>n</span> <span class='ocrx_word' id='word_1_152' title='bbox 104 1802 237 1847; x_wconf 89' lang='lat' dir='ltr'>quem</span> <span class='ocrx_word' id='word_1_153' title='bbox 269 1786 373 1831; x_wconf 87' lang='lat' dir='ltr'>fecit</span> <span class='ocrx_word' id='word_1_154' title='bbox 400 1789 576 1831; x_wconf 79' lang='lat' dir='ltr'>Aaron2</span> <span class='ocrx_word' id='word_1_155' title='bbox 604 1807 611 1832; x_wconf 89' lang='lat'>:</span> <span class='ocrx_word' id='word_1_156' title='bbox 641 1806 661 1829; x_wconf 91' lang='lat'>»</span> <span class='ocrx_word' id='word_1_157' title='bbox 704 1788 890 1832; x_wconf 82' lang='lat' dir='ltr'>maxime</span> <span class='ocrx_word' id='word_1_158' title='bbox 921 1789 1022 1848; x_wconf 88' lang='lat' dir='ltr'>quia</span> <span class='ocrx_word' id='word_1_159' title='bbox 1047 1797 1090 1832; x_wconf 92' lang='lat' dir='ltr'>et</span> <span class='ocrx_word' id='word_1_160' title='bbox 1120 1788 1192 1832; x_wconf 88' lang='lat' dir='ltr'>hic</span> <span class='ocrx_word' id='word_1_161' title='bbox 1224 1788 1307 1832; x_wconf 89' lang='lat' dir='ltr'>hoc</span> <span class='ocrx_word' id='word_1_162' title='bbox 1328 1786 1444 1831; x_wconf 90' lang='lat' dir='ltr'>idem</span> 
     </span>
    </p>

    <p class='ocr_par' dir='ltr' id='par_1_6' title="bbox 7 1856 1453 2626">
     <span class='ocr_line' id='line_1_21' title="bbox 57 1856 1448 1919; baseline 0.001 -17"><span class='ocrx_word' id='word_1_163' title='bbox 57 1857 293 1919; x_wconf 87' lang='lat' dir='ltr'>repetendo</span> <span class='ocrx_word' id='word_1_164' title='bbox 333 1856 603 1902; x_wconf 88' lang='lat' dir='ltr'>inculcatum</span> <span class='ocrx_word' id='word_1_165' title='bbox 637 1867 714 1902; x_wconf 89' lang='lat' dir='ltr'>est.</span> <span class='ocrx_word' id='word_1_166' title='bbox 754 1861 853 1904; x_wconf 90' lang='lat' dir='ltr'>Non</span> <span class='ocrx_word' id='word_1_167' title='bbox 887 1859 1004 1902; x_wconf 83' lang='lat' dir='ltr'>enim</span> <span class='ocrx_word' id='word_1_168' title='bbox 1034 1857 1201 1903; x_wconf 92' lang='lat' dir='ltr'>dictum</span> <span class='ocrx_word' id='word_1_169' title='bbox 1232 1867 1317 1915; x_wconf 86' lang='lat' dir='ltr'>est,</span> <span class='ocrx_word' id='word_1_170' title='bbox 1347 1878 1368 1900; x_wconf 89' lang='lat'>«</span> <span class='ocrx_word' id='word_1_171' title='bbox 1390 1861 1448 1903; x_wconf 90' lang='lat' dir='ltr'>Et</span> 
     </span>
     <span class='ocr_line' id='line_1_22' title="bbox 23 1919 1444 1989; baseline 0.002 -19"><span class='ocrx_word' id='word_1_172' title='bbox 23 1919 27 1924; x_wconf 61' lang='grc'><em>’</em></span> <span class='ocrx_word' id='word_1_173' title='bbox 59 1948 80 1971; x_wconf 70' lang='lat' dir='ltr'>n</span> <span class='ocrx_word' id='word_1_174' title='bbox 112 1928 324 1988; x_wconf 86' lang='lat' dir='ltr'>percussit</span> <span class='ocrx_word' id='word_1_175' title='bbox 355 1929 567 1973; x_wconf 87' lang='lat' dir='ltr'>Dominus</span> <span class='ocrx_word' id='word_1_176' title='bbox 598 1928 813 1989; x_wconf 85' lang='lat' dir='ltr'>populum</span> <span class='ocrx_word' id='word_1_177' title='bbox 841 1939 1019 1989; x_wconf 87' lang='lat' dir='ltr'>propter</span> <span class='ocrx_word' id='word_1_178' title='bbox 1047 1929 1262 1974; x_wconf 85' lang='lat' dir='ltr'>facturam</span> <span class='ocrx_word' id='word_1_179' title='bbox 1292 1929 1444 1985; x_wconf 83' lang='lat' dir='ltr'>vituli,</span> 
     </span>
     <span class='ocr_line' id='line_1_23' title="bbox 14 1998 1448 2060; baseline 0.002 -18"><span class='ocrx_word' id='word_1_180' title='bbox 14 2039 15 2042; x_wconf 73' lang='grc'>,</span> <span class='ocrx_word' id='word_1_181' title='bbox 62 2019 82 2042; x_wconf 84' lang='lat'>»</span> <span class='ocrx_word' id='word_1_182' title='bbox 105 2015 238 2060; x_wconf 89' lang='lat' dir='ltr'>quem</span> <span class='ocrx_word' id='word_1_183' title='bbox 249 1998 490 2054; x_wconf 82' lang='lat' dir='ltr'>fecerunt‚»</span> <span class='ocrx_word' id='word_1_184' title='bbox 506 1999 583 2044; x_wconf 91' lang='lat' dir='ltr'>sed</span> <span class='ocrx_word' id='word_1_185' title='bbox 602 2020 620 2042; x_wconf 90' lang='lat'>«</span> <span class='ocrx_word' id='word_1_186' title='bbox 639 2003 781 2054; x_wconf 84' lang='lat' dir='ltr'>Quem</span> <span class='ocrx_word' id='word_1_187' title='bbox 794 2000 1058 2046; x_wconf 78' lang='lat' dir='ltr'>feeitAaron</span> <span class='ocrx_word' id='word_1_188' title='bbox 1074 2021 1082 2046; x_wconf 88' lang='grc'>;</span> <span class='ocrx_word' id='word_1_189' title='bbox 1101 2021 1119 2042; x_wconf 72' lang='lat' dir='ltr'>n</span> <span class='ocrx_word' id='word_1_190' title='bbox 1141 2011 1183 2045; x_wconf 90' lang='lat' dir='ltr'>et</span> <span class='ocrx_word' id='word_1_191' title='bbox 1203 2010 1345 2046; x_wconf 81' lang='lat' dir='ltr'>tamen</span> <span class='ocrx_word' id='word_1_192' title='bbox 1359 2017 1448 2045; x_wconf 87' lang='lat' dir='ltr'>non</span> 
     </span>
     <span class='ocr_line' id='line_1_24' title="bbox 13 2070 1450 2132; baseline 0.001 -17"><span class='ocrx_word' id='word_1_193' title='bbox 13 2088 17 2109; x_wconf 68' lang='grc' dir='ltr'><strong><em>τ</em></strong></span> <span class='ocrx_word' id='word_1_194' title='bbox 59 2080 124 2115; x_wconf 86' lang='lat' dir='ltr'>est</span> <span class='ocrx_word' id='word_1_195' title='bbox 146 2085 372 2130; x_wconf 87' lang='lat' dir='ltr'>percussus</span> <span class='ocrx_word' id='word_1_196' title='bbox 395 2073 541 2115; x_wconf 84' lang='lat' dir='ltr'>Aaron</span> <span class='ocrx_word' id='word_1_197' title='bbox 563 2090 571 2115; x_wconf 90' lang='lat'>:</span> <span class='ocrx_word' id='word_1_198' title='bbox 595 2071 834 2130; x_wconf 84' lang='lat' dir='ltr'>quinetiam</span> <span class='ocrx_word' id='word_1_199' title='bbox 857 2071 983 2126; x_wconf 83' lang='lat' dir='ltr'>illud,</span> <span class='ocrx_word' id='word_1_200' title='bbox 1003 2072 1123 2132; x_wconf 87' lang='lat' dir='ltr'>quod</span> <span class='ocrx_word' id='word_1_201' title='bbox 1140 2071 1194 2115; x_wconf 87' lang='lat' dir='ltr'>de</span> <span class='ocrx_word' id='word_1_202' title='bbox 1208 2070 1450 2116; x_wconf 85' lang='lat' dir='ltr'>sacerdotio</span> 
     </span>
     <span class='ocr_line' id='line_1_25' title="bbox 8 2141 1446 2204; baseline 0.001 -20"><span class='ocrx_word' id='word_1_203' title='bbox 8 2149 19 2204; x_wconf 60' lang='lat' dir='ltr'>p</span> <span class='ocrx_word' id='word_1_204' title='bbox 60 2141 149 2200; x_wconf 84' lang='lat' dir='ltr'>ejus</span> <span class='ocrx_word' id='word_1_205' title='bbox 172 2150 272 2185; x_wconf 87' lang='lat' dir='ltr'>ante</span> <span class='ocrx_word' id='word_1_206' title='bbox 292 2149 520 2200; x_wconf 86' lang='lat' dir='ltr'>peccatum</span> <span class='ocrx_word' id='word_1_207' title='bbox 543 2141 634 2200; x_wconf 88' lang='lat' dir='ltr'>ejus</span> <span class='ocrx_word' id='word_1_208' title='bbox 654 2144 768 2185; x_wconf 90' lang='lat' dir='ltr'>Deus</span> <span class='ocrx_word' id='word_1_209' title='bbox 786 2142 1087 2201; x_wconf 80' lang='lat' dir='ltr'>praecipiebat,</span> <span class='ocrx_word' id='word_1_210' title='bbox 1113 2142 1343 2202; x_wconf 86' lang='lat' dir='ltr'>impletum</span> <span class='ocrx_word' id='word_1_211' title='bbox 1368 2151 1446 2186; x_wconf 90' lang='lat' dir='ltr'>est.</span> 
     </span>
     <span class='ocr_line' id='line_1_26' title="bbox 8 2211 1452 2272; baseline -0.001 -15"><span class='ocrx_word' id='word_1_212' title='bbox 8 2227 17 2265; x_wconf 64' lang='grc' dir='ltr'><strong><em>ξ</em></strong></span> <span class='ocrx_word' id='word_1_213' title='bbox 63 2211 146 2257; x_wconf 87' lang='lat' dir='ltr'>Sed</span> <span class='ocrx_word' id='word_1_214' title='bbox 160 2213 288 2272; x_wconf 85' lang='lat' dir='ltr'>jussit</span> <span class='ocrx_word' id='word_1_215' title='bbox 310 2221 353 2257; x_wconf 90' lang='lat' dir='ltr'>et</span> <span class='ocrx_word' id='word_1_216' title='bbox 374 2212 518 2272; x_wconf 88' lang='lat' dir='ltr'>ipsum</span> <span class='ocrx_word' id='word_1_217' title='bbox 541 2222 583 2256; x_wconf 88' lang='lat' dir='ltr'>et</span> <span class='ocrx_word' id='word_1_218' title='bbox 606 2211 718 2257; x_wconf 88' lang='lat' dir='ltr'>filios</span> <span class='ocrx_word' id='word_1_219' title='bbox 740 2212 884 2271; x_wconf 77' lang='lat' dir='ltr'>ablui3</span> <span class='ocrx_word' id='word_1_220' title='bbox 915 2223 959 2258; x_wconf 88' lang='lat' dir='ltr'>et</span> <span class='ocrx_word' id='word_1_221' title='bbox 991 2214 1049 2258; x_wconf 90' lang='lat' dir='ltr'>sic</span> <span class='ocrx_word' id='word_1_222' title='bbox 1072 2213 1260 2259; x_wconf 82' lang='lat' dir='ltr'>ordinati</span> <span class='ocrx_word' id='word_1_223' title='bbox 1283 2223 1385 2257; x_wconf 89' lang='lat' dir='ltr'>sunt</span> <span class='ocrx_word' id='word_1_224' title='bbox 1407 2214 1452 2257; x_wconf 89' lang='lat' dir='ltr'>in</span> 
     </span>
     <span class='ocr_line' id='line_1_27' title="bbox 7 2275 1453 2346; baseline 0.001 -20"><span class='ocrx_word' id='word_1_225' title='bbox 7 2275 19 2326; x_wconf 46' lang='lat'>&#39;2</span> <span class='ocrx_word' id='word_1_226' title='bbox 63 2282 315 2328; x_wconf 84' lang='lat' dir='ltr'>sacerdotio.</span> <span class='ocrx_word' id='word_1_227' title='bbox 343 2286 409 2327; x_wconf 89' lang='lat' dir='ltr'>Ita</span> <span class='ocrx_word' id='word_1_228' title='bbox 431 2283 554 2327; x_wconf 89' lang='lat' dir='ltr'>novit</span> <span class='ocrx_word' id='word_1_229' title='bbox 584 2282 657 2326; x_wconf 79' lang='lat' dir='ltr'>ille</span> <span class='ocrx_word' id='word_1_230' title='bbox 679 2283 750 2328; x_wconf 89' lang='lat' dir='ltr'>cui</span> <span class='ocrx_word' id='word_1_231' title='bbox 781 2293 930 2343; x_wconf 83' lang='lat' dir='ltr'>parcat</span> <span class='ocrx_word' id='word_1_232' title='bbox 961 2301 1099 2346; x_wconf 82' lang='lat' dir='ltr'>usque</span> <span class='ocrx_word' id='word_1_233' title='bbox 1131 2284 1187 2329; x_wconf 88' lang='lat' dir='ltr'>ad</span> <span class='ocrx_word' id='word_1_234' title='bbox 1209 2294 1453 2329; x_wconf 84' lang='lat' dir='ltr'>commuta-</span> 
     </span>
     <span class='ocr_line' id='line_1_28' title="bbox 64 2352 1452 2415; baseline 0.001 -18"><span class='ocrx_word' id='word_1_235' title='bbox 64 2353 224 2398; x_wconf 78' lang='lat' dir='ltr'>tionem</span> <span class='ocrx_word' id='word_1_236' title='bbox 245 2354 291 2397; x_wconf 92' lang='lat' dir='ltr'>in</span> <span class='ocrx_word' id='word_1_237' title='bbox 312 2352 491 2411; x_wconf 78' lang='lat' dir='ltr'>melius,</span> <span class='ocrx_word' id='word_1_238' title='bbox 517 2362 560 2397; x_wconf 88' lang='lat' dir='ltr'>et</span> <span class='ocrx_word' id='word_1_239' title='bbox 580 2353 651 2398; x_wconf 91' lang='lat' dir='ltr'>cui</span> <span class='ocrx_word' id='word_1_240' title='bbox 675 2364 823 2414; x_wconf 86' lang='lat' dir='ltr'>parcat</span> <span class='ocrx_word' id='word_1_241' title='bbox 845 2355 900 2399; x_wconf 85' lang='lat' dir='ltr'>ad</span> <span class='ocrx_word' id='word_1_242' title='bbox 918 2364 1106 2415; x_wconf 85' lang='lat' dir='ltr'>tempus,</span> <span class='ocrx_word' id='word_1_243' title='bbox 1132 2356 1330 2415; x_wconf 83' lang='lat' dir='ltr'>quamvis</span> <span class='ocrx_word' id='word_1_244' title='bbox 1350 2370 1452 2398; x_wconf 88' lang='lat' dir='ltr'>eum</span> 
     </span>
     <span class='ocr_line' id='line_1_29' title="bbox 64 2423 1452 2485; baseline 0 -18"><span class='ocrx_word' id='word_1_245' title='bbox 64 2424 294 2483; x_wconf 82' lang='lat' dir='ltr'>praescierit</span> <span class='ocrx_word' id='word_1_246' title='bbox 310 2424 356 2467; x_wconf 90' lang='lat' dir='ltr'>in</span> <span class='ocrx_word' id='word_1_247' title='bbox 373 2423 526 2468; x_wconf 89' lang='lat' dir='ltr'>melius</span> <span class='ocrx_word' id='word_1_248' title='bbox 540 2439 629 2468; x_wconf 90' lang='lat' dir='ltr'>non</span> <span class='ocrx_word' id='word_1_249' title='bbox 650 2425 832 2482; x_wconf 74' lang='lat' dir='ltr'>mutari3</span> <span class='ocrx_word' id='word_1_250' title='bbox 851 2434 894 2469; x_wconf 89' lang='lat' dir='ltr'>ct</span> <span class='ocrx_word' id='word_1_251' title='bbox 915 2426 986 2469; x_wconf 89' lang='lat' dir='ltr'>cui</span> <span class='ocrx_word' id='word_1_252' title='bbox 1007 2441 1096 2470; x_wconf 91' lang='lat' dir='ltr'>non</span> <span class='ocrx_word' id='word_1_253' title='bbox 1114 2436 1263 2485; x_wconf 87' lang='lat' dir='ltr'>parcat</span> <span class='ocrx_word' id='word_1_254' title='bbox 1285 2435 1335 2469; x_wconf 83' lang='lat' dir='ltr'>ut</span> <span class='ocrx_word' id='word_1_255' title='bbox 1355 2440 1452 2468; x_wconf 90' lang='lat' dir='ltr'>mu-</span> 
     </span>
     <span class='ocr_line' id='line_1_30' title="bbox 66 2494 1449 2554; baseline 0.001 -17"><span class='ocrx_word' id='word_1_256' title='bbox 66 2501 179 2538; x_wconf 86' lang='lat' dir='ltr'>tetur</span> <span class='ocrx_word' id='word_1_257' title='bbox 200 2494 244 2538; x_wconf 91' lang='lat' dir='ltr'>in</span> <span class='ocrx_word' id='word_1_258' title='bbox 260 2494 437 2549; x_wconf 84' lang='lat' dir='ltr'>melius,</span> <span class='ocrx_word' id='word_1_259' title='bbox 462 2504 506 2538; x_wconf 89' lang='lat' dir='ltr'>et</span> <span class='ocrx_word' id='word_1_260' title='bbox 528 2495 599 2539; x_wconf 89' lang='lat' dir='ltr'>cui</span> <span class='ocrx_word' id='word_1_261' title='bbox 621 2510 711 2539; x_wconf 84' lang='lat' dir='ltr'>non</span> <span class='ocrx_word' id='word_1_262' title='bbox 723 2505 872 2554; x_wconf 85' lang='lat' dir='ltr'>parcat</span> <span class='ocrx_word' id='word_1_263' title='bbox 886 2531 897 2551; x_wconf 80' lang='grc'>,</span> <span class='ocrx_word' id='word_1_264' title='bbox 922 2496 981 2540; x_wconf 88' lang='lat' dir='ltr'>ita</span> <span class='ocrx_word' id='word_1_265' title='bbox 997 2506 1047 2540; x_wconf 93' lang='lat' dir='ltr'>ut</span> <span class='ocrx_word' id='word_1_266' title='bbox 1064 2512 1144 2541; x_wconf 92' lang='lat' dir='ltr'>nec</span> <span class='ocrx_word' id='word_1_267' title='bbox 1161 2497 1449 2540; x_wconf 83' lang='lat' dir='ltr'>mutationem</span> 
     </span>
     <span class='ocr_line' id='line_1_31' title="bbox 65 2565 1449 2626; baseline 0.001 -19"><span class='ocrx_word' id='word_1_268' title='bbox 65 2565 155 2623; x_wconf 86' lang='lat' dir='ltr'>ejus</span> <span class='ocrx_word' id='word_1_269' title='bbox 171 2574 367 2624; x_wconf 80' lang='lat' dir='ltr'>expectet</span> <span class='ocrx_word' id='word_1_270' title='bbox 393 2584 402 2609; x_wconf 88' lang='lat'>:</span> <span class='ocrx_word' id='word_1_271' title='bbox 429 2574 473 2609; x_wconf 86' lang='lat' dir='ltr'>et</span> <span class='ocrx_word' id='word_1_272' title='bbox 488 2574 631 2610; x_wconf 91' lang='lat' dir='ltr'>totum</span> <span class='ocrx_word' id='word_1_273' title='bbox 654 2565 738 2609; x_wconf 92' lang='lat' dir='ltr'>hoc</span> <span class='ocrx_word' id='word_1_274' title='bbox 761 2565 875 2611; x_wconf 79' lang='lat' dir='ltr'>adid</span> <span class='ocrx_word' id='word_1_275' title='bbox 909 2566 1043 2621; x_wconf 80' lang='lat' dir='ltr'>redit,</span> <span class='ocrx_word' id='word_1_276' title='bbox 1070 2567 1191 2626; x_wconf 87' lang='lat' dir='ltr'>quod</span> <span class='ocrx_word' id='word_1_277' title='bbox 1213 2566 1449 2625; x_wconf 78' lang='lat' dir='ltr'>Apostolus</span> 
     </span>
    </p>
   </div>
   <div class='ocr_carea' id='block_1_5' title="bbox 0 701 33 2140">
    <p class='ocr_par' dir='ltr' id='par_1_7' title="bbox 0 701 33 2140">
     <span class='ocr_line' id='line_1_32' title="bbox 0 701 33 2140; baseline 0 0"><span class='ocrx_word' id='word_1_278' title='bbox 0 701 33 2140; x_wconf 95' lang='lat' dir='ltr'> </span> 
     </span>
    </p>
   </div>
   <div class='ocr_carea' id='block_1_6' title="bbox 33 2370 40 2512">
    <p class='ocr_par' dir='ltr' id='par_1_8' title="bbox 33 2370 40 2512">
     <span class='ocr_line' id='line_1_33' title="bbox 33 2370 40 2512; baseline 0 755"><span class='ocrx_word' id='word_1_279' title='bbox 33 2370 40 2512; x_wconf 95' lang='lat' dir='ltr'> </span> 
     </span>
    </p>
   </div>
   <div class='ocr_carea' id='block_1_7' title="bbox 12 2438 17 2447">
    <p class='ocr_par' dir='ltr' id='par_1_9' title="bbox 12 2438 17 2447">
     <span class='ocr_line' id='line_1_34' title="bbox 12 2438 17 2447; baseline 0 0"><span class='ocrx_word' id='word_1_280' title='bbox 12 2438 17 2447; x_wconf 65' lang='lat' dir='ltr'>x</span> 
     </span>
    </p>
   </div>
   <div class='ocr_carea' id='block_1_8' title="bbox 36 2518 43 2667">
    <p class='ocr_par' dir='ltr' id='par_1_10' title="bbox 36 2518 43 2667">
     <span class='ocr_line' id='line_1_35' title="bbox 36 2518 43 2667; baseline 0 600"><span class='ocrx_word' id='word_1_281' title='bbox 36 2518 43 2667; x_wconf 95' lang='lat' dir='ltr'> </span> 
     </span>
    </p>
   </div>
   <div class='ocr_carea' id='block_1_9' title="bbox 41 2661 720 2733">
    <p class='ocr_par' dir='ltr' id='par_1_11' title="bbox 41 2661 720 2733">
     <span class='ocr_line' id='line_1_36' title="bbox 41 2661 720 2733; baseline 0.003 -42"><span class='ocrx_word' id='word_1_282' title='bbox 41 2670 44 2733; x_wconf 38' lang='lat' dir='ltr'>N</span> <span class='ocrx_word' id='word_1_283' title='bbox 114 2667 122 2683; x_wconf 87' lang='lat'><strong>¹</strong></span> <span class='ocrx_word' id='word_1_284' title='bbox 145 2661 243 2694; x_wconf 68' lang='lat' dir='ltr'>Exod.</span> <span class='ocrx_word' id='word_1_285' title='bbox 262 2672 364 2702; x_wconf 74' lang='lat' dir='ltr'>xum,</span> <span class='ocrx_word' id='word_1_286' title='bbox 385 2661 436 2693; x_wconf 83' lang='lat'>31.</span> <span class='ocrx_word' id='word_1_287' title='bbox 459 2679 501 2684; x_wconf 88' lang='lat'>-—</span> <span class='ocrx_word' id='word_1_288' title='bbox 523 2668 535 2683; x_wconf 82' lang='lat'><strong>⁷</strong></span> <span class='ocrx_word' id='word_1_289' title='bbox 561 2662 643 2694; x_wconf 74' lang='lat' dir='ltr'>ibid.</span> <span class='ocrx_word' id='word_1_290' title='bbox 669 2661 720 2693; x_wconf 63' lang='grc' dir='ltr'>ΒΓ».</span> 
     </span>
    </p>
   </div>
  </div>
 </body>
</html>
