1872 3267
381 302 464 341 «354
827 316 859 340 S.
897 312 1125 341 AUGUSTINI
1160 314 1340 340 Emscom

377 378 506 433 dixit,
532 377 593 421 ibi
614 392 763 431 ovem,
794 386 844 421 ut
871 386 973 422 zetas
1006 393 1215 438 pecorum
1248 377 1439 436 aliquam
1470 375 1764 421 ditl'erentiam

373 447 528 506 iaciat3
552 448 658 492 dum
681 457 830 492 tamen
850 447 1117 506 intelligatur
1141 448 1406 508 pauperibus
1428 462 1634 507 peraeque
1655 448 1762 492 sub-

374 528 577 575 ventum,
603 529 652 564 ut
679 519 713 563 si
735 534 826 563 non
846 519 1059 563 haberent
1085 519 1176 563 ulla
1203 518 1406 563 animalia
1435 518 1759 579 quadrupedia,

375 598 451 633 aut
466 598 723 634 memoratas
741 604 838 633 aves
857 598 934 633 aut
950 589 1233 647 similaginem
1253 590 1463 634 offerrent
1479 604 1558 649 pro
1575 590 1763 649 peccatis

373 660 626 718 ignorantiae
649 676 753 704 suae.
783 661 826 705 Si
849 668 995 704 autem
1028 669 1195 715 movet,
1217 676 1352 720 quare
1381 675 1482 704 cum
1506 658 1764 717 generaliter

373 732 519 774 omnia
545 731 804 790 ignorantiae
832 739 1009 790 peccata
1041 731 1324 787 concluserit,
1361 739 1404 774 et
1433 729 1640 774 sacrificia
1672 745 1762 775 non

370 816 450 860 pro
482 801 683 845 distantia
731 810 1009 861 peccatorum
1054 817 1186 861 quam
1221 817 1311 846 non
1352 799 1534 855 fecerat,
1571 799 1648 843 sed
1679 815 1759 860 pro

371 871 575 915 distantia
610 887 893 931 personarum
923 870 1190 918 distinxerit:
1220 881 1368 931 postea
1408 870 1596 915 voluerit
1629 871 1759 914 etiam

372 951 549 1000 peccata
582 941 884 1000 distinguere,
905 951 949 985 et
978 958 1056 1001 pro
1091 958 1242 986 eorum
1274 941 1522 986 diversitate-
1556 941 1761 985 sacrificia

372 1011 538 1056 diversa
561 1012 810 1072 praecipere,
831 1012 954 1071 quasi
975 1027 1065 1056 non
1095 1012 1151 1055 ad
1175 1010 1295 1056 illam
1318 1010 1642 1070 generalitatem
1664 1025 1760 1065 om-

373 1083 444 1126 nia
458 1083 748 1142 pertinerent:
773 1083 832 1127 sic
855 1082 1013 1127 factam
1035 1083 1248 1142 posterius
1271 1083 1567 1142 exceptionem
1589 1091 1761 1141 oportet

372 1152 577 1212 intelligi,
609 1163 659 1197 ut
690 1169 980 1213 quaecumque
1012 1153 1318 1208 remanserint,
1342 1153 1408 1196 his
1441 1152 1628 1212 exceptis
1660 1168 1759 1212 quae

373 1223 630 1267 nominatim
665 1232 708 1267 et
736 1223 958 1283 speciatim
991 1224 1363 1279 commemoravit,
1385 1222 1500 1268 dicta
1522 1223 1567 1266 in
1589 1222 1660 1266 illa
1684 1237 1758 1280 ge-

373 1293 599 1338 neralitate
620 1292 929 1352 intelligamus.
957 1296 1097 1347 Quem
1121 1293 1301 1338 modum
1327 1293 1558 1338 locutionis
1587 1309 1676 1337 non
1697 1302 1760 1337 est

373 1363 474 1408 alibi
506 1363 715 1423 reperire:
741 1362 816 1407 sed
843 1364 888 1407 in
918 1359 1148 1423 Seripfflris
1177 1366 1333 1409 sanctis
1356 1363 1439 1408 tale
1463 1374 1527 1408 est
1547 1362 1659 1407 illud
1682 1363 1760 1407 ubi

373 1434 606 1494 Apostolus
641 1435 725 1479 ait:
768 1453 787 1476 «
822 1436 963 1478 Omne
1004 1445 1231 1494 peccatum
1266 1430 1760 1496 quodcumquefecerit

378 1526 395 1548 »
430 1507 564 1550 homo
582 1515 700 1550 extra
723 1522 880 1565 corpus
902 1508 1005 1550 est1.
1035 1525 1052 1547 »
1081 1507 1162 1550 Hic
1184 1507 1299 1550 enim
1318 1506 1427 1550 nihil
1449 1505 1622 1550 videtur
1643 1521 1758 1565 prae-

372 1576 600 1620 termisisse
627 1575 810 1635 peccati,
829 1572 1188 1636 quandoquidem
1210 1576 1294 1620 ait:
1324 1595 1344 1618 ‹<
1368 1577 1509 1619 Omne
1530 1585 1758 1635 peccatum
1830 1627 1832 1636 Ι

374 1666 394 1688 »
429 1646 741 1707 quodcumque
758 1645 909 1690 fecerit
935 1646 1092 1690 homo:
1112 1665 1131 1687 >›
1149 1655 1299 1706 postea
1322 1655 1468 1690 tamen
1486 1646 1654 1706 excepit
1675 1644 1760 1703 for-
1823 1643 1832 1700 ,⁵

372 1718 652 1773 nicationem,
671 1733 771 1762 cum
785 1717 955 1761 intulit:
976 1735 995 1758 «
1012 1718 1097 1771 Qui
1115 1726 1260 1761 autem
1273 1716 1527 1772 fornicatur,
1544 1717 1590 1760 in
1602 1728 1759 1777 corpus

374 1808 394 1830 ))
430 1789 654 1848 proprium
687 1791 878 1848 peccat'2.
915 1805 935 1828 »
968 1786 1098 1840 Quod
1125 1786 1365 1831 secundum
1396 1787 1758 1831 consuetudinem

372 1868 529 1904 nostrae
551 1859 781 1904 locutionis
810 1858 869 1901 ita
897 1858 1134 1902 diceretur:
1161 1878 1180 1900 «
1205 1859 1345 1901 Omne
1367 1866 1594 1916 peccatum
1616 1856 1761 1918 quod-'

375 1949 394 1971 »
431 1945 620 1989 cumque
642 1928 792 1973 fecerit
807 1929 961 1982 homo,
982 1937 1159 1987 excepta
1189 1928 1491 1982 fornicatione,
1517 1937 1635 1971 extra
1658 1944 1757 1972 cor-
1818 1969 1822 1982 ,

375 2019 396 2042 »
431 2017 510 2060 pus
543 2009 632 2044 est:
667 2000 742 2059 qui
778 2007 922 2043 autem
963 1998 1225 2053 fornicatur,
1263 1999 1308 2042 in
1344 2013 1500 2057 corpus
1532 1998 1757 2058 proprium

374 2090 393 2113 »
428 2081 594 2130 peccat.
628 2088 647 2111 ³>
673 2073 739 2114 Ita
762 2078 805 2113 et
826 2069 912 2123 hic,
931 2084 1031 2113 cum
1054 2069 1172 2129 prius
1191 2068 1449 2128 generaliter
1471 2068 1615 2112 omnia
1630 2068 1759 2129 igno-v

370 2142 520 2186 rantiae
546 2150 722 2200 peccata
754 2139 917 2183 diceret
938 2138 1036 2195 illis⁷
1064 2156 1163 2200 quae
1195 2139 1567 2194 commemoravit,
1590 2133 1756 2183 sacrifi-

373 2213 446 2257 ciis
468 2209 703 2270 expianda,
729 2218 876 2268 postea
901 2218 1044 2252 tamen
1076 2209 1244 2269 excepit
1266 2209 1354 2262 illa,
1379 2209 1538 2269 quibus
1561 2219 1755 2268 expresse

372 2291 416 2325 et
435 2280 633 2325 distincte
651 2279 798 2339 positis
815 2293 885 2322 cel
890 2288 976 2322 tam
994 2279 1300 2323 sacrificiorum
1319 2280 1620 2339 purgationem
1635 2277 1756 2323 adhi-

373 2353 515 2407 beret,
553 2361 603 2396 ut
636 2351 702 2394 his
738 2349 925 2410 exceptis
962 2365 1249 2410 quaecumque
1293 2349 1459 2410 reliqua
1502 2358 1665 2405 essent,
1700 2348 1759 2428 ad

372 2422 491 2466 illam
517 2419 842 2480 generalitatem
864 2435 940 2478 per
946 2420 1053 2464 [inei
1057 2429 1144 2464 ent.

422 2521 568 2552 ¹1Cor.
591 2516 906 2561 v1,18.—-21bid.
