1872 3267
313 236 573 267 LOCUTIONES
604 235 660 265 nr.
692 235 916 275 uwrnco,
951 237 1033 264 Lm.
1071 236 1138 264 111.
1359 223 1417 263 63

0 288 1 324 ἒ
27 305 130 367 quia
156 318 260 350 vero
292 318 389 348 eam
417 318 578 362 graecos
599 300 833 348 transferre
855 317 946 346 non
972 300 1137 362 piguit,
1164 315 1242 346 cur
1261 299 1419 346 latinos

25 375 230 437 pigucrit,
255 375 425 435 ignoro.

82 449 245 491 XXIV.
282 465 303 488 «
340 446 533 504 TrIginta
566 454 611 490 et
643 454 729 490 tres
766 444 857 489 dies
895 443 1067 489 sedebit
1118 443 1164 487 in
1209 443 1419 501 sanguine

27 535 50 560 ι»
84 515 250 561 mundo
262 531 341 562 suo
357 518 386 560 ¹.
407 535 427 558 «
446 515 651 561 Similiter
660 525 702 560 et
716 515 771 559 de
789 514 862 559 illa
879 530 980 576 quae
994 513 1222 561 foeminam
1231 513 1416 573 peperit,

27 587 285 642 dictumest,
315 606 335 629 «
361 585 540 631 Sedebit
556 586 603 630 in
619 585 830 645 sanguine
846 584 1014 630 mundo
1035 600 1133 640 suo,
1160 602 1181 626 υ
1207 582 1284 628 sed
1299 582 1418 643 dup-

24 657 160 703 licatis
173 656 336 702 eisdem
351 656 523 712 diebus,
543 656 590 701 id
612 666 691 713 est,
713 656 934 715 sexaginta
954 671 1027 700 sex
1049 655 1220 700 diebus.
1244 673 1267 697 ,α
1283 653 1419 700 Sede-

27 747 49 771 »
84 729 149 773 bit
171 746 192 770 η
218 743 321 787 crgo
339 727 507 771 dictum
528 736 607 783 est,
633 727 854 783 manebit,
873 741 964 772 non
986 725 1105 771 enim
1131 741 1211 786 per
1230 733 1299 770 tot
1326 724 1418 770 dies

26 798 82 845 de
101 798 203 843 sella
219 799 259 843 ei
279 813 454 857 surgere
473 814 564 843 non
580 798 756 843 licebat.

82 873 222 915 XXV.
248 890 269 913 «
289 871 464 916 Homini
488 870 609 915 sicui
630 871 745 916 facta
767 870 902 915 fuerit
922 870 969 914 in
990 879 1091 914 cute
1112 868 1305 929 corporis
1324 868 1418 928 ejus

26 960 49 985 ν
81 943 256 987 cicatrix
284 942 393 1001 signi
429 942 621 987 lucida2.
662 961 682 984 n
708 942 960 988 Notandum
997 941 1242 985 cicatricem
1273 939 1417 984 dicere

27 1014 293 1072 Scripturam
311 1028 401 1057 non
436 1011 645 1068 vulneris,
671 1012 746 1057 sed
763 1013 894 1056 etiam
915 1011 1051 1056 solius
1068 1010 1225 1056 coloris
1246 1018 1412 1054 notam.

82 1087 246 1129 XXVI.
277 1103 297 1126 «
317 1087 375 1128 Et
392 1082 522 1128 fuerit
546 1084 590 1127 in
612 1093 712 1128 cute
733 1082 888 1128 coloris
906 1084 998 1143 ejus
1021 1092 1158 1127 tactus
1179 1081 1313 1141 leprae
1327 1082 1342 1107 ³
1361 1095 1370 1121 z
1391 1098 1413 1122 »

24 1164 190 1200 tactum
219 1155 324 1201 dicit
350 1157 488 1216 ipsam
515 1156 753 1211 maculam,
785 1155 906 1216 quod
936 1155 1028 1215 ipse
1055 1155 1190 1200 homo
1221 1153 1343 1214 lepra
1360 1153 1418 1197 'sit

24 1235 179 1271 tactus.

80 1299 267 1341 XXVII.
316 1316 338 1339 ‹<
381 1299 439 1341 Et
477 1296 642 1341 videbit
678 1312 780 1341 eum
824 1296 1039 1353 sacerdos,
1085 1305 1131 1340 et
1166 1294 1417 1356 inquinabit

26 1385 47 1409 >›
83 1383 183 1411 eum
200 1369 215 1392 ⁴
245 1383 253 1408 t
282 1386 302 1409 »
328 1383 408 1426 pro
445 1383 498 1412 eo
531 1367 653 1428 quod
682 1377 761 1423 est,
783 1368 1061 1428 inquinatum
1091 1366 1414 1427 pronuntiabit.

80 1440 291 1483 XXVIII.
315 1457 336 1480 «
351 1441 408 1482 Et
420 1437 534 1498 pilus
550 1438 628 1499 qui
641 1440 762 1483 estin
777 1448 898 1484 tactu
910 1448 1191 1484 convertatur
1204 1436 1330 1482 albus
1339 1439 1372 1493 ⁵,
1391 1455 1413 1478 η

21 1507 67 1553 id
90 1518 169 1563 est,
195 1517 476 1553 convertatur
497 1509 544 1553 in
561 1508 727 1553 album.

81 1580 247 1622 XXIX.
268 1597 287 1619 «
307 1582 364 1622 Et
380 1580 587 1638 purgabit
602 1595 703 1623 eum
717 1579 913 1624 sacerdos
931 1595 939 1621 ε
957 1580 1130 1639 signum
1147 1578 1264 1622 enim
1278 1579 1361 1623 estG
1373 1593 1382 1620 ε
1392 1595 1414 1620 »

21 1657 258 1709 purgatum
278 1650 598 1709 pronuntiabit,
619 1650 732 1694 sicut
743 1650 993 1710 inquinabit
1006 1650 1128 1711 quod
1139 1665 1270 1710 supra
1286 1648 1414 1705 dixit,

22 1720 300 1781 inquinatum
322 1719 640 1779 pronuntiabit.

81 1792 224 1834 XXX.
244 1792 335 1834 «Et
356 1789 515 1834 viderit
535 1804 636 1833 eum
654 1790 851 1834 sacerdos
866 1825 876 1845 ,
895 1799 938 1834 et
952 1806 1051 1835 ecce
1068 1799 1337 1836 commutata
1353 1800 1418 1836 est

25 1880 48 1904 ·›»
81 1861 338 1921 significatio
367 1862 412 1905 in
450 1870 572 1916 cute,
597 1870 642 1905 et
669 1862 919 1922 inquinabit
949 1862 1077 1906 illum
1107 1862 1331 1908 sacerdos⁷
1355 1883 1364 1908 ε
1391 1882 1414 1905 »

22 1933 280 1993 -plushabet,
302 1952 322 1975 «
337 1942 407 1990 et,
429 1951 448 1974 >1
475 1948 594 1989 nam,
619 1949 669 1977 ea
690 1934 1001 1994 conjunctione
1017 1933 1228 1991 detracta,
1249 1935 1418 1995 integer

25 2019 172 2050 sensus
194 2014 260 2050 est
286 2006 371 2049 hoc
392 2005 552 2050 modo:
581 2024 602 2047 «
640 2006 683 2050 Si
706 2015 852 2050 autem
875 2022 1083 2052 conversa
1100 2005 1232 2051 fuerit
1253 2006 1418 2065 signifi-

27 2095 48 2118 »
83 2078 198 2122 catio
219 2077 265 2121 in
283 2086 399 2132 cute,
426 2086 711 2137 posteaquam
734 2077 844 2122 vidit
866 2093 968 2123 eum
997 2077 1211 2134 sacerdos,
1236 2089 1287 2123 ut
1307 2094 1418 2139 pur-

25 2166 49 2190 »
84 2157 154 2208 get
170 2148 312 2205 illum,
330 2158 375 2193 et
389 2149 506 2194 visus
523 2147 655 2194 suerit
669 2149 817 2195 denuo
838 2150 1067 2206 sacerdoti,
1086 2160 1129 2195 et
1145 2150 1305 2195 viderit
1315 2166 1419 2195 eum

21 2238 50 2262 ·»
83 2220 296 2275 sacerdos,
330 2229 373 2264 et
408 2235 508 2264 ecce
549 2230 819 2266 commutata
852 2231 916 2266 est
945 2221 1204 2281 significatio
1226 2221 1273 2266 in
1298 2231 1415 2278 cute,

30 2309 50 2332 »
82 2291 330 2352 inquinabit
345 2290 471 2335 illum
488 2290 687 2336 sacerdos
700 2294 733 2336 8.
972 2281 976 2289 .

83 2363 247 2406 XXXI.
278 2381 299 2404 «
329 2365 387 2406 Et
418 2371 560 2407 tactus
586 2362 743 2422 leprae,
778 2362 812 2406 si
840 2361 972 2407 suerit
992 2363 1039 2407 in
1054 2363 1249 2419 homine,
1273 2363 1420 2408 veniet

31 2450 51 2473 >›
85 2432 139 2477 ad
153 2433 437 2491 sacerdotem,
457 2443 502 2479 et
520 2434 688 2479 videbit
705 2434 919 2491 sacerdos,
944 2444 988 2479 et
1009 2450 1109 2480 ecce
1127 2434 1304 2480 cicatrix
1319 2434 1420 2479 alba

71 2531 148 2563 Lev.
170 2541 228 2572 xu,
242 2530 274 2574 4.
287 2548 329 2554 -
342 2538 356 2554 ²
374 2532 420 2564 ld.
438 2542 506 2574 xm,
529 2540 560 2564 2.
578 2548 620 2555 —
641 2531 751 2565 31bid.
766 2530 832 2562 -4
850 2532 933 2565 Ibid.
951 2541 982 2565 2.
1004 2549 1046 2555 —
1070 2530 1180 2564 51bid.
1203 2529 1270 2555 -6
1284 2530 1412 2565 1bid.6.

31 2602 70 2609 —
86 2594 97 2619 τ
114 2587 196 2620 ιω.
219 2597 250 2629 7.
267 2605 308 2610 —
323 2586 337 2610 8
355 2587 437 2620 Ibid.
454 2588 486 2619 8.
