1872 3267
327 263 591 300 QUAEsriousss
623 263 669 289 11<
700 263 907 300 Exomm,
943 263 1025 289 mn.
1061 263 1108 289 ιῐ.
1324 247 1407 287 325

28 347 49 372 »
84 343 212 383 auro,
233 337 276 373 et
293 327 477 373 annulos
498 326 628 372 facies
650 343 801 381 aereos,
826 328 871 372 in
892 342 1000 389 quos
1020 326 1344 380 induces'seras,
1364 335 1408 370 et

26 399 243 446 inaurabis
270 415 375 445 auro
397 401 548 444 seras¹.
573 418 592 440 »
625 401 688 445 Ne
713 399 930 444 columnae
952 398 1238 443 foraminibus
1259 412 1409 442 caver-

25 481 248 527 narentur,
273 488 362 533 quo
383 472 597 516 intrarent
613 486 733 527 serae,
759 470 943 516 annulos
965 469 1220 531 fierijussit,
1246 469 1408 530 quibus

22 558 72 588 ex
93 552 278 604 utraque
298 553 421 603 parte
442 543 770 588 continerentur
786 543 893 587 fines
912 556 1117 587 serarum.
1134 538 1324 584 Proinde
1340 540 1409 583 in-

24 612 281 673 telliguntur
306 615 351 658 hi
378 613 528 658 annuli
550 614 642 659 fixis
665 613 710 657 in
732 613 852 673 ligno
874 611 1032 657 ansulis
1055 609 1334 671 pependisse,
1359 619 1410 655 ut

23 694 230 730 extremas
251 694 394 746 partes
421 701 610 730 serarum
634 695 809 745 possent
826 699 979 744 capere
1001 692 1044 728 et
1060 681 1298 727 continere.

81 759 201 801 VIII.
243 776 263 799 (ι
291 759 349 801 Et
380 757 542 815 eriges,
579 755 746 817 inquit,
790 753 1124 800 tabernaculum
1167 751 1411 798 secundum

25 846 45 869 »
79 829 293 887 speciem,
327 844 426 889 quae
450 837 693 873 monstrata
725 837 788 872 est
819 827 898 871 tibi
931 826 977 870 in
999 835 1164 870 monte.
1201 827 1259 869 Et
1282 823 1411 868 facies

25 917 46 940 »
79 898 277 943 velamen
309 899 363 943 dc
396 899 656 957 hyacintho,
687 909 730 943 et
766 914 986 959 purpura,
1029 906 1072 941 et
1097 911 1229 941 cocco
1262 904 1406 949 torto,

24 988 46 1012 »
79 979 121 1014 ct
150 971 275 1028 bysso
308 980 432 1028 neta,
464 987 572 1031 opus
601 970 746 1015 textile
772 970 902 1014 facies
924 968 1035 1012 illud
1061 966 1317 1012 Cherubim.
1353 968 1410 1010 Et

24 1059 45 1082 »
79 1042 407 1101 superimpones
443 1040 552 1085 illud
577 1057 707 1101 super
735 1050 924 1101 quatuor
952 1037 1176 1083 columnas
1207 1036 1411 1096 imputri-

0 1163 2 1166 ,
25 1130 44 1151 »
80 1111 186 1155 biles
219 1112 434 1156 inauratas
464 1129 593 1168 auro,
619 1123 661 1156 et
691 1111 830 1170 capita
864 1125 1015 1154 earum
1043 1124 1194 1163 aurea,
1221 1116 1263 1151 et
1287 1106 1411 1150 bases

0 1229 1 1234 ¹
25 1201 43 1223 η
77 1197 225 1225 earum
247 1192 437 1242 quatuor
460 1192 691 1241 argenteae.
723 1185 780 1225 Et
805 1196 940 1240 pones
967 1179 1163 1223 velamen
1184 1192 1315 1237 super
1336 1193 1411 1221 co-

26 1271 44 1293 »
79 1252 271 1307 lumnas,
303 1262 347 1297 ot
371 1253 551 1297 induces
571 1252 674 1296 illuc
691 1288 700 1306 ,
728 1252 907 1296 interius
936 1266 1068 1311 quani
1097 1249 1297 1293 velamen
1321 1257 1408 1302 est,

22 1342 42 1365 »
77 1340 218 1369 arcam
242 1325 475 1369 testimonii
504 1345 511 1369 :
539 1334 581 1368 et
604 1323 770 1368 dividet
797 1323 921 1368 vobis
949 1322 1146 1367 velamen
1171 1322 1286 1366 inter
1315 1336 1411 1364 me-

23 1414 43 1437 »
77 1395 200 1440 dium
225 1397 370 1442 Sancti
387 1406 430 1440 et
452 1397 565 1440 inter
584 1395 778 1440 medinm
799 1396 945 1440 Sancti
964 1403 1229 1438 sanctornm.
1257 1395 1315 1437 Et
1334 1407 1410 1437 co-

24 1486 42 1509 »
79 1468 244 1527 operies
267 1468 322 1512 de
344 1467 559 1512 velamine
578 1483 722 1512 arcam
742 1466 975 1510 testimonii
991 1466 1037 1509 in
1057 1468 1215 1509 Sancto
1236 1473 1412 1509 sancto-

22 1556 41 1579 »
77 1554 175 1582 rum
192 1543 223 1582 ’ἦ
264 1560 280 1580 »
322 1541 424 1582 Haec
453 1538 598 1582 omnia
638 1537 867 1581 manifesta
904 1546 1033 1590 sunt,
1077 1536 1257 1580 interius
1297 1535 1410 1580 intra

0 1609 216 1653 ¹velamen
247 1610 332 1654 hoc
360 1618 549 1670 quatuor
577 1608 792 1653 columnis
828 1608 1074 1667 impositam
1106 1605 1238 1652 fuisse
1268 1622 1411 1651 arcam

0 1680 252 1724 ·testimonii
271 1700 279 1725 z
298 1696 430 1740 qnam
454 1695 543 1723 non
566 1679 624 1723 sic
647 1679 805 1738 operiri
817 1679 943 1739 jussit
958 1677 1190 1732 velamine,
1215 1687 1265 1722 ut
1281 1693 1412 1737 super

19 1765 126 1794 arcae
143 1749 453 1810 cooperculum
472 1752 637 1810 jaceret
657 1748 879 1803 velamen,
906 1748 981 1793 sed
1004 1757 1221 1794 utcontra
1244 1757 1411 1792 statue-

20 1830 151 1864 retur.
173 1819 340 1864 Deinde
362 1819 468 1864 dicit
488 1835 496 1860 ε
528 1839 547 1861 «
572 1822 630 1863 Et
650 1835 786 1879 pones
807 1835 1000 1863 mensam
1026 1818 1128 1864 foris
1151 1828 1271 1863 extra
1290 1818 1411 1863 vela-

23 1909 42 1932 »
75 1906 198 1942 men;
216 1899 258 1934 et
279 1889 591 1934 candelabrum
612 1899 763 1934 contra
787 1905 980 1933 mensam
1003 1890 1049 1933 in
1067 1898 1189 1949 parte
1208 1889 1412 1933 taberna-

23 1980 42 2002 »
77 1960 185 2016 culi,
222 1977 321 2021 quse
353 1961 522 2020 respicit
552 1959 607 2004 ad
636 1964 842 2004 Austrum
870 1980 877 2004 :
914 1969 958 2003 et
982 1974 1177 2003 mensam
1208 1975 1343 2018 pones
1366 1961 1410 2003 in

24 2050 42 2073 »
77 2042 197 2092 parte
212 2030 498 2085 tabernaculi,
515 2047 614 2091 quae
636 2030 808 2090 respicit
832 2029 887 2074 ad
908 2029 1187 2090 Aquilonem.
1219 2049 1238 2070 »
1264 2031 1408 2075 Etiam

21 2102 100 2147 hoc
118 2101 298 2162 planum
315 2111 392 2145 est.
415 2100 545 2154 Quod
563 2110 707 2145 autem
730 2101 926 2161 sequitur
950 2117 957 2142 ε
991 2121 1010 2143 ‹<
1032 2104 1088 2145 Et
1104 2100 1231 2145 facies
1249 2100 1409 2146 adduc-

23 2192 42 2214 »
78 2173 235 2217 torium
272 2174 326 2217 de
356 2173 622 2231 hyacintho,
659 2181 703 2216 et
731 2188 953 2232 purpura,
990 2182 1033 2216 ct
1060 2189 1191 2217 cocco
1220 2182 1336 2218 torto
1365 2183 1409 2218 et
1448 2220 1454 2227 δ

23 2262 42 2284 »
77 2244 203 2302 bysso
226 2253 353 2299 torta,
371 2259 478 2304 opus
500 2244 737 2288 variatoris.
761 2247 818 2288 Et
836 2244 965 2288 facies
983 2244 1187 2288 velamini
1211 2245 1410 2305 quinque

23 2332 43 2355 »
77 2314 320 2370 columnas,
346 2325 389 2358 ct
414 2314 634 2359 inaurabis
657 2314 749 2359 illas
772 2332 902 2370 auro,
930 2325 973 2360 et
995 2316 1136 2375 capita
1164 2331 1312 2360 earum
1335 2332 1410 2360 au-

25 2404 44 2426 »
78 2401 170 2444 rea,
194 2396 237 2430 et
269 2387 479 2431 conflabis
502 2387 560 2430 eis
583 2387 777 2447 quinque
800 2388 922 2431 bases
951 2403 1081 2431 aereas
1097 2390 1128 2431 ³.
1153 2406 1172 2428 ·»
1208 2388 1288 2431 Cui
1311 2389 1411 2431 usui

24 2455 214 2501 velamen
229 2458 312 2502 lioc
335 2458 410 2501 siat
430 2458 625 2518 quinque
647 2456 859 2501 columnis
882 2467 1107 2502 extentum
1125 2493 1135 2512 ,
1157 2467 1254 2517 post
1275 2474 1410 2517 appa-

24 2528 131 2573 rebit
146 2564 156 2583 ,
178 2544 275 2573 nam
294 2529 365 2573 liic
387 2545 476 2573 non
496 2538 687 2588 apparet.
710 2528 817 2573 Vult
839 2530 952 2573 onim
978 2529 1087 2573 illud
1106 2544 1195 2574 esse
1213 2529 1410 2574 velamen

73 2620 80 2636 ¹
108 2616 206 2647 Fxod.
227 2627 313 2656 xxvi,
330 2625 383 2658 ¹29.
404 2633 445 2638 ·—-
471 2623 482 2637 ²
503 2615 584 2647 ibid.
610 2615 728 2657 llo—3334.
747 2633 787 2638 --
808 2614 820 2637 3
840 2616 919 2647 lbid.
939 2616 1046 2658 33-37.
