<?xml version="1.0" encoding="UTF-8"?>
<!DOCTYPE html PUBLIC "-//W3C//DTD XHTML 1.0 Transitional//EN"
    "http://www.w3.org/TR/xhtml1/DTD/xhtml1-transitional.dtd">
<html xmlns="http://www.w3.org/1999/xhtml" xml:lang="en" lang="en">
 <head>
  <title>
</title>
<meta http-equiv="Content-Type" content="text/html;charset=utf-8" />
  <meta name='ocr-system' content='tesseract 3.04.00' />
  <meta name='ocr-capabilities' content='ocr_page ocr_carea ocr_par ocr_line ocrx_word'/>
</head>
<body>
  <div class='ocr_page' id='page_1' title='image "./operaomniaaccura06auguuoft_0082.png"; bbox 0 0 1872 3267; ppageno 0'>
   <div class='ocr_carea' id='block_1_1' title="bbox 366 243 1746 674">
    <p class='ocr_par' dir='ltr' id='par_1_1' title="bbox 367 243 1313 283">
     <span class='ocr_line' id='line_1_1' title="bbox 367 243 1313 283; baseline 0.004 -4"><span class='ocrx_word' id='word_1_1' title='bbox 367 243 421 280; x_wconf 77' lang='lat'>72</span> <span class='ocrx_word' id='word_1_2' title='bbox 805 251 838 279; x_wconf 84' lang='lat' dir='ltr'>S.</span> <span class='ocrx_word' id='word_1_3' title='bbox 876 253 1102 282; x_wconf 64' lang='lat' dir='ltr'>Arausa-im</span> <span class='ocrx_word' id='word_1_4' title='bbox 1133 256 1313 283; x_wconf 64' lang='lat' dir='ltr'>xeriscom</span> 
     </span>
    </p>

    <p class='ocr_par' dir='ltr' id='par_1_2' title="bbox 371 319 1744 449">
     <span class='ocr_line' id='line_1_2' title="bbox 424 319 1744 378; baseline 0.002 -16"><span class='ocrx_word' id='word_1_5' title='bbox 424 320 569 363; x_wconf 74' lang='lat' dir='ltr'>XXII.</span> <span class='ocrx_word' id='word_1_6' title='bbox 600 337 619 360; x_wconf 83' lang='lat'>«</span> <span class='ocrx_word' id='word_1_7' title='bbox 638 321 694 362; x_wconf 71' lang='lat' dir='ltr'>Et</span> <span class='ocrx_word' id='word_1_8' title='bbox 708 319 1029 378; x_wconf 85' lang='lat' dir='ltr'>promovebunt</span> <span class='ocrx_word' id='word_1_9' title='bbox 1046 319 1153 364; x_wconf 83' lang='lat' dir='ltr'>ordo</span> <span class='ocrx_word' id='word_1_10' title='bbox 1172 329 1412 365; x_wconf 80' lang='lat' dir='ltr'>castrorum</span> <span class='ocrx_word' id='word_1_11' title='bbox 1430 319 1616 364; x_wconf 83' lang='lat' dir='ltr'>{iliorum</span> <span class='ocrx_word' id='word_1_12' title='bbox 1632 319 1744 364; x_wconf 82' lang='lat' dir='ltr'>Juda</span> 
     </span>
     <span class='ocr_line' id='line_1_3' title="bbox 371 389 643 449; baseline -0.004 -19"><span class='ocrx_word' id='word_1_13' title='bbox 371 408 392 430; x_wconf 82' lang='grc'>»</span> <span class='ocrx_word' id='word_1_14' title='bbox 427 389 594 449; x_wconf 76' lang='lat' dir='ltr'>prlml¹.</span> <span class='ocrx_word' id='word_1_15' title='bbox 623 406 643 430; x_wconf 84' lang='grc'>))</span> 
     </span>
    </p>

    <p class='ocr_par' dir='ltr' id='par_1_3' title="bbox 366 473 1746 674">
     <span class='ocr_line' id='line_1_4' title="bbox 423 473 1741 532; baseline 0.001 -17"><span class='ocrx_word' id='word_1_16' title='bbox 423 474 592 516; x_wconf 86' lang='lat' dir='ltr'>XXIII.</span> <span class='ocrx_word' id='word_1_17' title='bbox 623 491 642 514; x_wconf 89' lang='lat'>«</span> <span class='ocrx_word' id='word_1_18' title='bbox 659 475 715 516; x_wconf 85' lang='lat' dir='ltr'>Et</span> <span class='ocrx_word' id='word_1_19' title='bbox 735 473 1055 532; x_wconf 87' lang='lat' dir='ltr'>promovebunt</span> <span class='ocrx_word' id='word_1_20' title='bbox 1071 475 1148 518; x_wconf 88' lang='lat' dir='ltr'>filii</span> <span class='ocrx_word' id='word_1_21' title='bbox 1167 477 1330 519; x_wconf 81' lang='lat' dir='ltr'>Gerson</span> <span class='ocrx_word' id='word_1_22' title='bbox 1346 483 1389 518; x_wconf 85' lang='lat' dir='ltr'>et</span> <span class='ocrx_word' id='word_1_23' title='bbox 1404 474 1481 518; x_wconf 86' lang='lat' dir='ltr'>filii</span> <span class='ocrx_word' id='word_1_24' title='bbox 1494 475 1670 519; x_wconf 57' lang='grc' dir='ltr'>Μθῐτινί2</span> <span class='ocrx_word' id='word_1_25' title='bbox 1689 493 1698 520; x_wconf 76' lang='lat'>2</span> <span class='ocrx_word' id='word_1_26' title='bbox 1721 493 1741 516; x_wconf 84' lang='lat'>»</span> 
     </span>
     <span class='ocr_line' id='line_1_5' title="bbox 366 542 1746 604; baseline 0.001 -18"><span class='ocrx_word' id='word_1_27' title='bbox 366 542 503 586; x_wconf 85' lang='lat' dir='ltr'>futuri</span> <span class='ocrx_word' id='word_1_28' title='bbox 526 543 727 603; x_wconf 81' lang='lat' dir='ltr'>temporis</span> <span class='ocrx_word' id='word_1_29' title='bbox 751 543 933 588; x_wconf 83' lang='lat' dir='ltr'>verbum</span> <span class='ocrx_word' id='word_1_30' title='bbox 950 544 1116 602; x_wconf 84' lang='lat' dir='ltr'>posuit,</span> <span class='ocrx_word' id='word_1_31' title='bbox 1136 560 1236 588; x_wconf 88' lang='lat' dir='ltr'>eum</span> <span class='ocrx_word' id='word_1_32' title='bbox 1256 560 1348 588; x_wconf 87' lang='lat' dir='ltr'>rem</span> <span class='ocrx_word' id='word_1_33' title='bbox 1367 553 1530 603; x_wconf 82' lang='lat' dir='ltr'>gestam</span> <span class='ocrx_word' id='word_1_34' title='bbox 1550 545 1746 604; x_wconf 75' lang='lat' dir='ltr'>praeteri-</span> 
     </span>
     <span class='ocr_line' id='line_1_6' title="bbox 367 614 1744 674; baseline 0 -16"><span class='ocrx_word' id='word_1_35' title='bbox 367 623 456 659; x_wconf 83' lang='lat' dir='ltr'>tam</span> <span class='ocrx_word' id='word_1_36' title='bbox 474 624 634 669; x_wconf 80' lang='lat' dir='ltr'>narret,</span> <span class='ocrx_word' id='word_1_37' title='bbox 650 615 759 658; x_wconf 88' lang='lat' dir='ltr'>sieut</span> <span class='ocrx_word' id='word_1_38' title='bbox 773 615 817 657; x_wconf 91' lang='lat' dir='ltr'>in</span> <span class='ocrx_word' id='word_1_39' title='bbox 835 614 1144 674; x_wconf 84' lang='lat' dir='ltr'>superioribus,</span> <span class='ocrx_word' id='word_1_40' title='bbox 1163 631 1262 660; x_wconf 88' lang='lat' dir='ltr'>eum</span> <span class='ocrx_word' id='word_1_41' title='bbox 1277 615 1331 659; x_wconf 88' lang='lat' dir='ltr'>de</span> <span class='ocrx_word' id='word_1_42' title='bbox 1345 615 1464 659; x_wconf 83' lang='lat' dir='ltr'>nube</span> <span class='ocrx_word' id='word_1_43' title='bbox 1476 615 1744 674; x_wconf 87' lang='lat' dir='ltr'>loqueretur,</span> 
     </span>
    </p>
   </div>
   <div class='ocr_carea' id='block_1_2' title="bbox 369 684 1748 815">
    <p class='ocr_par' dir='ltr' id='par_1_4' title="bbox 369 684 1748 815">
     <span class='ocr_line' id='line_1_7' title="bbox 369 684 1748 746; baseline 0.001 -17"><span class='ocrx_word' id='word_1_44' title='bbox 369 684 424 729; x_wconf 86' lang='lat' dir='ltr'>ad</span> <span class='ocrx_word' id='word_1_45' title='bbox 458 687 580 745; x_wconf 88' lang='lat' dir='ltr'>eujus</span> <span class='ocrx_word' id='word_1_46' title='bbox 603 695 771 729; x_wconf 88' lang='lat' dir='ltr'>motum</span> <span class='ocrx_word' id='word_1_47' title='bbox 799 684 869 730; x_wconf 87' lang='lat' dir='ltr'>vel</span> <span class='ocrx_word' id='word_1_48' title='bbox 893 685 1213 743; x_wconf 81' lang='lat' dir='ltr'>consistebant,</span> <span class='ocrx_word' id='word_1_49' title='bbox 1240 697 1371 746; x_wconf 83' lang='lat' dir='ltr'>atque</span> <span class='ocrx_word' id='word_1_50' title='bbox 1397 686 1454 730; x_wconf 87' lang='lat' dir='ltr'>ita</span> <span class='ocrx_word' id='word_1_51' title='bbox 1480 685 1682 745; x_wconf 81' lang='lat' dir='ltr'>deinceps</span> <span class='ocrx_word' id='word_1_52' title='bbox 1704 686 1748 730; x_wconf 89' lang='lat' dir='ltr'>in</span> 
     </span>
     <span class='ocr_line' id='line_1_8' title="bbox 369 755 1364 815; baseline 0.002 -17"><span class='ocrx_word' id='word_1_53' title='bbox 369 755 560 815; x_wconf 89' lang='lat' dir='ltr'>plurium</span> <span class='ocrx_word' id='word_1_54' title='bbox 584 756 929 815; x_wconf 83' lang='lat' dir='ltr'>promotionibus</span> <span class='ocrx_word' id='word_1_55' title='bbox 951 757 1034 802; x_wconf 88' lang='lat' dir='ltr'>hoc</span> <span class='ocrx_word' id='word_1_56' title='bbox 1056 757 1189 802; x_wconf 84' lang='lat' dir='ltr'>verbo</span> <span class='ocrx_word' id='word_1_57' title='bbox 1212 758 1364 802; x_wconf 86' lang='lat' dir='ltr'>utitur.</span> 
     </span>
    </p>
   </div>
   <div class='ocr_carea' id='block_1_3' title="bbox 370 839 1752 968">
    <p class='ocr_par' dir='ltr' id='par_1_5' title="bbox 370 839 1752 968">
     <span class='ocr_line' id='line_1_9' title="bbox 426 839 1752 899; baseline 0.001 -17"><span class='ocrx_word' id='word_1_58' title='bbox 426 841 585 883; x_wconf 84' lang='lat' dir='ltr'>XXIV.</span> <span class='ocrx_word' id='word_1_59' title='bbox 626 859 645 881; x_wconf 85' lang='lat'>«</span> <span class='ocrx_word' id='word_1_60' title='bbox 671 843 726 883; x_wconf 90' lang='lat' dir='ltr'>Et</span> <span class='ocrx_word' id='word_1_61' title='bbox 739 839 847 885; x_wconf 76' lang='lat' dir='ltr'>dixit</span> <span class='ocrx_word' id='word_1_62' title='bbox 860 843 1029 897; x_wconf 85' lang='lat' dir='ltr'>Moyses</span> <span class='ocrx_word' id='word_1_63' title='bbox 1046 840 1190 885; x_wconf 86' lang='lat' dir='ltr'>Obeth</span> <span class='ocrx_word' id='word_1_64' title='bbox 1204 841 1293 886; x_wconf 86' lang='lat' dir='ltr'>filio</span> <span class='ocrx_word' id='word_1_65' title='bbox 1316 840 1483 899; x_wconf 79' lang='lat' dir='ltr'>Raguel</span> <span class='ocrx_word' id='word_1_66' title='bbox 1501 839 1752 885; x_wconf 79' lang='lat' dir='ltr'>Madianitae</span> 
     </span>
     <span class='ocr_line' id='line_1_10' title="bbox 370 910 1481 968; baseline 0.002 -15"><span class='ocrx_word' id='word_1_67' title='bbox 370 927 392 950; x_wconf 89' lang='lat'>»</span> <span class='ocrx_word' id='word_1_68' title='bbox 429 925 587 968; x_wconf 78' lang='lat' dir='ltr'>genero</span> <span class='ocrx_word' id='word_1_69' title='bbox 607 910 772 967; x_wconf 76' lang='lat' dir='ltr'>Moysi³</span> <span class='ocrx_word' id='word_1_70' title='bbox 795 930 803 954; x_wconf 91' lang='lat'>:</span> <span class='ocrx_word' id='word_1_71' title='bbox 828 928 848 950; x_wconf 87' lang='lat'>»</span> <span class='ocrx_word' id='word_1_72' title='bbox 874 926 963 954; x_wconf 87' lang='lat' dir='ltr'>non</span> <span class='ocrx_word' id='word_1_73' title='bbox 986 911 1072 955; x_wconf 84' lang='lat' dir='ltr'>ait:</span> <span class='ocrx_word' id='word_1_74' title='bbox 1102 930 1122 953; x_wconf 88' lang='lat'>«</span> <span class='ocrx_word' id='word_1_75' title='bbox 1147 913 1315 956; x_wconf 89' lang='lat' dir='ltr'>Genero</span> <span class='ocrx_word' id='word_1_76' title='bbox 1338 927 1430 956; x_wconf 91' lang='lat' dir='ltr'>suo.</span> <span class='ocrx_word' id='word_1_77' title='bbox 1461 929 1481 952; x_wconf 87' lang='lat'>»</span> 
     </span>
    </p>
   </div>
   <div class='ocr_carea' id='block_1_4' title="bbox 371 992 1751 1122">
    <p class='ocr_par' dir='ltr' id='par_1_6' title="bbox 371 992 1751 1122">
     <span class='ocr_line' id='line_1_11' title="bbox 425 992 1751 1050; baseline 0 -14"><span class='ocrx_word' id='word_1_78' title='bbox 425 995 564 1036; x_wconf 88' lang='lat' dir='ltr'>XXV.</span> <span class='ocrx_word' id='word_1_79' title='bbox 596 1011 615 1034; x_wconf 89' lang='lat'>«</span> <span class='ocrx_word' id='word_1_80' title='bbox 633 995 689 1036; x_wconf 88' lang='lat' dir='ltr'>Et</span> <span class='ocrx_word' id='word_1_81' title='bbox 708 992 817 1037; x_wconf 85' lang='lat' dir='ltr'>dixit</span> <span class='ocrx_word' id='word_1_82' title='bbox 839 992 892 1036; x_wconf 89' lang='lat' dir='ltr'>ad</span> <span class='ocrx_word' id='word_1_83' title='bbox 907 1009 1007 1037; x_wconf 87' lang='lat' dir='ltr'>eum</span> <span class='ocrx_word' id='word_1_84' title='bbox 1025 1014 1032 1038; x_wconf 79' lang='lat'>2</span> <span class='ocrx_word' id='word_1_85' title='bbox 1056 996 1154 1039; x_wconf 91' lang='lat' dir='ltr'>Non</span> <span class='ocrx_word' id='word_1_86' title='bbox 1171 994 1260 1050; x_wconf 88' lang='lat' dir='ltr'>ibo,</span> <span class='ocrx_word' id='word_1_87' title='bbox 1279 993 1355 1039; x_wconf 88' lang='lat' dir='ltr'>sed</span> <span class='ocrx_word' id='word_1_88' title='bbox 1369 993 1424 1038; x_wconf 87' lang='lat' dir='ltr'>ad</span> <span class='ocrx_word' id='word_1_89' title='bbox 1438 1003 1596 1039; x_wconf 87' lang='lat' dir='ltr'>terram</span> <span class='ocrx_word' id='word_1_90' title='bbox 1610 1008 1751 1037; x_wconf 84' lang='lat' dir='ltr'>meam</span> 
     </span>
     <span class='ocr_line' id='line_1_12' title="bbox 371 1062 1617 1122; baseline 0.002 -16"><span class='ocrx_word' id='word_1_91' title='bbox 371 1079 393 1104; x_wconf 85' lang='lat'>»</span> <span class='ocrx_word' id='word_1_92' title='bbox 428 1072 471 1107; x_wconf 89' lang='lat' dir='ltr'>et</span> <span class='ocrx_word' id='word_1_93' title='bbox 492 1062 547 1107; x_wconf 83' lang='lat' dir='ltr'>ad</span> <span class='ocrx_word' id='word_1_94' title='bbox 567 1063 820 1122; x_wconf 84' lang='lat' dir='ltr'>progeniem</span> <span class='ocrx_word' id='word_1_95' title='bbox 843 1079 983 1107; x_wconf 87' lang='lat' dir='ltr'>meam</span> <span class='ocrx_word' id='word_1_96' title='bbox 998 1065 1014 1089; x_wconf 77' lang='lat'>‘²</span> <span class='ocrx_word' id='word_1_97' title='bbox 1041 1083 1097 1108; x_wconf 66' lang='grc' dir='ltr'>ς»</span> <span class='ocrx_word' id='word_1_98' title='bbox 1123 1064 1399 1121; x_wconf 74' lang='lat' dir='ltr'>subauditur,</span> <span class='ocrx_word' id='word_1_99' title='bbox 1429 1085 1449 1107; x_wconf 88' lang='lat'>«</span> <span class='ocrx_word' id='word_1_100' title='bbox 1473 1065 1568 1109; x_wconf 88' lang='lat' dir='ltr'>Ibo.</span> <span class='ocrx_word' id='word_1_101' title='bbox 1597 1082 1617 1105; x_wconf 86' lang='lat'>»</span> 
     </span>
    </p>
   </div>
   <div class='ocr_carea' id='block_1_5' title="bbox 372 1146 1758 1417">
    <p class='ocr_par' dir='ltr' id='par_1_7' title="bbox 372 1146 1758 1417">
     <span class='ocr_line' id='line_1_13' title="bbox 426 1146 1755 1207; baseline -0.001 -17"><span class='ocrx_word' id='word_1_102' title='bbox 426 1148 590 1190; x_wconf 85' lang='lat' dir='ltr'>XXVI.</span> <span class='ocrx_word' id='word_1_103' title='bbox 619 1149 712 1190; x_wconf 89' lang='lat' dir='ltr'>«Et</span> <span class='ocrx_word' id='word_1_104' title='bbox 733 1147 1006 1206; x_wconf 87' lang='lat' dir='ltr'>promiscuus</span> <span class='ocrx_word' id='word_1_105' title='bbox 1032 1147 1107 1207; x_wconf 86' lang='lat' dir='ltr'>qui</span> <span class='ocrx_word' id='word_1_106' title='bbox 1130 1156 1222 1190; x_wconf 84' lang='lat' dir='ltr'>erat</span> <span class='ocrx_word' id='word_1_107' title='bbox 1238 1147 1284 1190; x_wconf 92' lang='lat' dir='ltr'>in</span> <span class='ocrx_word' id='word_1_108' title='bbox 1303 1147 1384 1202; x_wconf 88' lang='lat' dir='ltr'>eis,</span> <span class='ocrx_word' id='word_1_109' title='bbox 1411 1146 1755 1205; x_wconf 85' lang='lat' dir='ltr'>concupiverunt</span> 
     </span>
     <span class='ocr_line' id='line_1_14' title="bbox 372 1215 1749 1276; baseline -0.001 -18"><span class='ocrx_word' id='word_1_110' title='bbox 372 1234 394 1258; x_wconf 86' lang='lat'>»</span> <span class='ocrx_word' id='word_1_111' title='bbox 430 1217 886 1276; x_wconf 77' lang='lat' dir='ltr'>eoncupiscentiam⁵t</span> <span class='ocrx_word' id='word_1_112' title='bbox 926 1235 946 1257; x_wconf 86' lang='lat'>»</span> <span class='ocrx_word' id='word_1_113' title='bbox 984 1215 1246 1276; x_wconf 84' lang='lat' dir='ltr'>singularem</span> <span class='ocrx_word' id='word_1_114' title='bbox 1275 1218 1420 1276; x_wconf 86' lang='lat' dir='ltr'>posuit</span> <span class='ocrx_word' id='word_1_115' title='bbox 1454 1232 1533 1276; x_wconf 85' lang='lat' dir='ltr'>pro</span> <span class='ocrx_word' id='word_1_116' title='bbox 1566 1215 1749 1275; x_wconf 78' lang='lat' dir='ltr'>plurali,</span> 
     </span>
     <span class='ocr_line' id='line_1_15' title="bbox 374 1285 1758 1347; baseline -0.001 -17"><span class='ocrx_word' id='word_1_117' title='bbox 374 1307 396 1330; x_wconf 88' lang='lat'>«</span> <span class='ocrx_word' id='word_1_118' title='bbox 429 1296 479 1331; x_wconf 88' lang='lat' dir='ltr'>ut</span> <span class='ocrx_word' id='word_1_119' title='bbox 496 1288 766 1347; x_wconf 83' lang='lat' dir='ltr'>promiscuus</span> <span class='ocrx_word' id='word_1_120' title='bbox 791 1307 810 1329; x_wconf 90' lang='lat'>»</span> <span class='ocrx_word' id='word_1_121' title='bbox 837 1286 1015 1339; x_wconf 81' lang='lat' dir='ltr'>diceret,</span> <span class='ocrx_word' id='word_1_122' title='bbox 1042 1304 1130 1332; x_wconf 90' lang='lat' dir='ltr'>non</span> <span class='ocrx_word' id='word_1_123' title='bbox 1145 1288 1403 1347; x_wconf 70' lang='lat' dir='ltr'>promiscui,</span> <span class='ocrx_word' id='word_1_124' title='bbox 1426 1297 1468 1331; x_wconf 92' lang='lat' dir='ltr'>et</span> <span class='ocrx_word' id='word_1_125' title='bbox 1493 1296 1639 1331; x_wconf 84' lang='lat' dir='ltr'>tamen</span> <span class='ocrx_word' id='word_1_126' title='bbox 1662 1285 1758 1346; x_wconf 89' lang='lat' dir='ltr'>plu-</span> 
     </span>
     <span class='ocr_line' id='line_1_16' title="bbox 373 1358 1442 1417; baseline -0.005 -15"><span class='ocrx_word' id='word_1_127' title='bbox 373 1358 508 1402; x_wconf 87' lang='lat' dir='ltr'>ralem</span> <span class='ocrx_word' id='word_1_128' title='bbox 530 1358 743 1414; x_wconf 85' lang='lat' dir='ltr'>reddidit,</span> <span class='ocrx_word' id='word_1_129' title='bbox 770 1374 871 1402; x_wconf 88' lang='lat' dir='ltr'>eum</span> <span class='ocrx_word' id='word_1_130' title='bbox 896 1358 956 1402; x_wconf 84' lang='lat' dir='ltr'>ait</span> <span class='ocrx_word' id='word_1_131' title='bbox 981 1377 1001 1400; x_wconf 90' lang='lat'>«</span> <span class='ocrx_word' id='word_1_132' title='bbox 1022 1359 1390 1417; x_wconf 82' lang='lat' dir='ltr'>concupiverunt.</span> <span class='ocrx_word' id='word_1_133' title='bbox 1421 1369 1442 1398; x_wconf 62' lang='grc' dir='ltr'>γ»</span> 
     </span>
    </p>
   </div>
   <div class='ocr_carea' id='block_1_6' title="bbox 372 1439 1762 1779">
    <p class='ocr_par' dir='ltr' id='par_1_8' title="bbox 372 1439 1762 1779">
     <span class='ocr_line' id='line_1_17' title="bbox 430 1439 1761 1498; baseline -0.002 -14"><span class='ocrx_word' id='word_1_134' title='bbox 430 1443 616 1485; x_wconf 85' lang='lat' dir='ltr'>XXVII.</span> <span class='ocrx_word' id='word_1_135' title='bbox 657 1461 674 1481; x_wconf 92' lang='lat'>«</span> <span class='ocrx_word' id='word_1_136' title='bbox 700 1443 826 1486; x_wconf 88' lang='lat' dir='ltr'>Nune</span> <span class='ocrx_word' id='word_1_137' title='bbox 849 1449 995 1484; x_wconf 88' lang='lat' dir='ltr'>autem</span> <span class='ocrx_word' id='word_1_138' title='bbox 1009 1440 1151 1484; x_wconf 81' lang='lat' dir='ltr'>anima</span> <span class='ocrx_word' id='word_1_139' title='bbox 1166 1450 1311 1484; x_wconf 86' lang='lat' dir='ltr'>nostra</span> <span class='ocrx_word' id='word_1_140' title='bbox 1325 1439 1457 1495; x_wconf 85' lang='lat' dir='ltr'>arida,</span> <span class='ocrx_word' id='word_1_141' title='bbox 1477 1439 1582 1483; x_wconf 88' lang='lat' dir='ltr'>nihil</span> <span class='ocrx_word' id='word_1_142' title='bbox 1603 1448 1761 1498; x_wconf 76' lang='lat' dir='ltr'>praeter</span> 
     </span>
     <span class='ocr_line' id='line_1_18' title="bbox 375 1509 1758 1565; baseline 0.001 -12"><span class='ocrx_word' id='word_1_143' title='bbox 375 1529 397 1553; x_wconf 85' lang='lat'>»</span> <span class='ocrx_word' id='word_1_144' title='bbox 432 1512 477 1556; x_wconf 91' lang='lat' dir='ltr'>in</span> <span class='ocrx_word' id='word_1_145' title='bbox 502 1527 663 1555; x_wconf 83' lang='lat' dir='ltr'>manna</span> <span class='ocrx_word' id='word_1_146' title='bbox 692 1509 807 1554; x_wconf 87' lang='lat' dir='ltr'>oculi</span> <span class='ocrx_word' id='word_1_147' title='bbox 832 1511 991 1555; x_wconf 75' lang='lat' dir='ltr'>nostri⁶</span> <span class='ocrx_word' id='word_1_148' title='bbox 1020 1530 1029 1554; x_wconf 89' lang='grc'>;</span> <span class='ocrx_word' id='word_1_149' title='bbox 1058 1529 1077 1551; x_wconf 91' lang='lat'>»</span> <span class='ocrx_word' id='word_1_150' title='bbox 1104 1511 1263 1554; x_wconf 87' lang='lat' dir='ltr'>desunt</span> <span class='ocrx_word' id='word_1_151' title='bbox 1284 1511 1441 1565; x_wconf 84' lang='lat' dir='ltr'>verba,</span> <span class='ocrx_word' id='word_1_152' title='bbox 1468 1520 1533 1554; x_wconf 83' lang='lat' dir='ltr'>est</span> <span class='ocrx_word' id='word_1_153' title='bbox 1565 1520 1608 1553; x_wconf 87' lang='lat' dir='ltr'>et</span> <span class='ocrx_word' id='word_1_154' title='bbox 1626 1518 1758 1554; x_wconf 84' lang='lat' dir='ltr'>sunt:</span> 
     </span>
     <span class='ocr_line' id='line_1_19' title="bbox 372 1578 1762 1642; baseline -0.001 -18"><span class='ocrx_word' id='word_1_155' title='bbox 372 1581 552 1642; x_wconf 86' lang='lat' dir='ltr'>plenum</span> <span class='ocrx_word' id='word_1_156' title='bbox 569 1582 734 1642; x_wconf 87' lang='lat' dir='ltr'>quippe</span> <span class='ocrx_word' id='word_1_157' title='bbox 751 1590 884 1625; x_wconf 87' lang='lat' dir='ltr'>esset:</span> <span class='ocrx_word' id='word_1_158' title='bbox 906 1581 1096 1624; x_wconf 83' lang='lat' dir='ltr'>«Anima</span> <span class='ocrx_word' id='word_1_159' title='bbox 1114 1589 1258 1624; x_wconf 83' lang='lat' dir='ltr'>nostra</span> <span class='ocrx_word' id='word_1_160' title='bbox 1268 1580 1387 1625; x_wconf 86' lang='lat' dir='ltr'>arida</span> <span class='ocrx_word' id='word_1_161' title='bbox 1396 1589 1474 1635; x_wconf 87' lang='lat' dir='ltr'>est,</span> <span class='ocrx_word' id='word_1_162' title='bbox 1487 1578 1595 1623; x_wconf 90' lang='lat' dir='ltr'>nihil</span> <span class='ocrx_word' id='word_1_163' title='bbox 1604 1588 1762 1638; x_wconf 80' lang='lat' dir='ltr'>praeter</span> 
     </span>
     <span class='ocr_line' id='line_1_20' title="bbox 377 1649 1760 1710; baseline -0.001 -14"><span class='ocrx_word' id='word_1_164' title='bbox 377 1671 397 1693; x_wconf 75' lang='lat' dir='ltr'>n</span> <span class='ocrx_word' id='word_1_165' title='bbox 433 1653 476 1696; x_wconf 89' lang='lat' dir='ltr'>in</span> <span class='ocrx_word' id='word_1_166' title='bbox 490 1668 648 1696; x_wconf 85' lang='lat' dir='ltr'>manna</span> <span class='ocrx_word' id='word_1_167' title='bbox 663 1650 889 1696; x_wconf 84' lang='lat' dir='ltr'>suntoculi</span> <span class='ocrx_word' id='word_1_168' title='bbox 905 1651 1041 1694; x_wconf 78' lang='lat' dir='ltr'>nostri</span> <span class='ocrx_word' id='word_1_169' title='bbox 1059 1670 1068 1694; x_wconf 73' lang='grc' dir='ltr'><strong><em>ι</em></strong></span> <span class='ocrx_word' id='word_1_170' title='bbox 1088 1669 1107 1690; x_wconf 74' lang='grc' dir='ltr'>υ</span> <span class='ocrx_word' id='word_1_171' title='bbox 1129 1666 1231 1693; x_wconf 83' lang='lat' dir='ltr'>nam</span> <span class='ocrx_word' id='word_1_172' title='bbox 1243 1649 1421 1710; x_wconf 86' lang='lat' dir='ltr'>quidam</span> <span class='ocrx_word' id='word_1_173' title='bbox 1436 1650 1690 1709; x_wconf 78' lang='lat' dir='ltr'>interpretes</span> <span class='ocrx_word' id='word_1_174' title='bbox 1703 1650 1760 1694; x_wconf 88' lang='lat' dir='ltr'>ita</span> 
     </span>
     <span class='ocr_line' id='line_1_21' title="bbox 375 1719 1758 1779; baseline -0.002 -13"><span class='ocrx_word' id='word_1_175' title='bbox 375 1722 707 1776; x_wconf 82' lang='lat' dir='ltr'>transtulerunt,</span> <span class='ocrx_word' id='word_1_176' title='bbox 734 1730 777 1764; x_wconf 87' lang='lat' dir='ltr'>et</span> <span class='ocrx_word' id='word_1_177' title='bbox 794 1719 1059 1764; x_wconf 83' lang='lat' dir='ltr'>addiderunt</span> <span class='ocrx_word' id='word_1_178' title='bbox 1070 1719 1199 1763; x_wconf 84' lang='lat' dir='ltr'>verba</span> <span class='ocrx_word' id='word_1_179' title='bbox 1210 1736 1309 1779; x_wconf 81' lang='lat' dir='ltr'>quae</span> <span class='ocrx_word' id='word_1_180' title='bbox 1322 1735 1410 1763; x_wconf 89' lang='lat' dir='ltr'>non</span> <span class='ocrx_word' id='word_1_181' title='bbox 1424 1728 1524 1763; x_wconf 88' lang='lat' dir='ltr'>sunt</span> <span class='ocrx_word' id='word_1_182' title='bbox 1539 1720 1584 1763; x_wconf 92' lang='lat' dir='ltr'>in</span> <span class='ocrx_word' id='word_1_183' title='bbox 1603 1734 1758 1777; x_wconf 80' lang='lat' dir='ltr'>graeco.</span> 
     </span>
    </p>
   </div>
   <div class='ocr_carea' id='block_1_7' title="bbox 433 1795 1433 1843">
    <p class='ocr_par' dir='ltr' id='par_1_9' title="bbox 433 1795 1433 1843">
     <span class='ocr_line' id='line_1_22' title="bbox 433 1795 1433 1843; baseline -0.006 0"><span class='ocrx_word' id='word_1_184' title='bbox 433 1801 644 1843; x_wconf 80' lang='lat' dir='ltr'>XXVIII.</span> <span class='ocrx_word' id='word_1_185' title='bbox 674 1801 768 1842; x_wconf 88' lang='lat' dir='ltr'>«Et</span> <span class='ocrx_word' id='word_1_186' title='bbox 790 1796 1014 1841; x_wconf 85' lang='lat' dir='ltr'>molebant</span> <span class='ocrx_word' id='word_1_187' title='bbox 1034 1795 1145 1840; x_wconf 84' lang='lat' dir='ltr'>illud</span> <span class='ocrx_word' id='word_1_188' title='bbox 1168 1797 1214 1840; x_wconf 91' lang='lat' dir='ltr'>in</span> <span class='ocrx_word' id='word_1_189' title='bbox 1232 1796 1347 1841; x_wconf 86' lang='lat' dir='ltr'>mola</span> <span class='ocrx_word' id='word_1_190' title='bbox 1361 1798 1390 1840; x_wconf 91' lang='lat'>⁷.</span> <span class='ocrx_word' id='word_1_191' title='bbox 1417 1817 1433 1837; x_wconf 83' lang='lat'>»</span> 
     </span>
    </p>
   </div>
   <div class='ocr_carea' id='block_1_8' title="bbox 381 1873 1763 1991">
    <p class='ocr_par' dir='ltr' id='par_1_10' title="bbox 381 1873 1763 1991">
     <span class='ocr_line' id='line_1_23' title="bbox 433 1873 1763 1935; baseline -0.002 -14"><span class='ocrx_word' id='word_1_192' title='bbox 433 1879 599 1921; x_wconf 87' lang='lat' dir='ltr'>XXIX.</span> <span class='ocrx_word' id='word_1_193' title='bbox 641 1895 661 1918; x_wconf 88' lang='lat'>«</span> <span class='ocrx_word' id='word_1_194' title='bbox 691 1878 897 1920; x_wconf 84' lang='lat' dir='ltr'>Sexcenta</span> <span class='ocrx_word' id='word_1_195' title='bbox 920 1873 1055 1919; x_wconf 89' lang='lat' dir='ltr'>millia</span> <span class='ocrx_word' id='word_1_196' title='bbox 1081 1874 1303 1934; x_wconf 77' lang='lat' dir='ltr'>peditum,</span> <span class='ocrx_word' id='word_1_197' title='bbox 1334 1875 1379 1919; x_wconf 86' lang='lat' dir='ltr'>in</span> <span class='ocrx_word' id='word_1_198' title='bbox 1402 1875 1560 1935; x_wconf 85' lang='lat' dir='ltr'>quibus</span> <span class='ocrx_word' id='word_1_199' title='bbox 1595 1889 1691 1919; x_wconf 88' lang='lat' dir='ltr'>sum</span> <span class='ocrx_word' id='word_1_200' title='bbox 1718 1876 1763 1919; x_wconf 85' lang='lat' dir='ltr'>in</span> 
     </span>
     <span class='ocr_line' id='line_1_24' title="bbox 381 1948 582 1991; baseline -0.015 0"><span class='ocrx_word' id='word_1_201' title='bbox 381 1967 402 1991; x_wconf 87' lang='lat'>»</span> <span class='ocrx_word' id='word_1_202' title='bbox 438 1948 537 1991; x_wconf 78' lang='lat' dir='ltr'>eiS⁸.</span> <span class='ocrx_word' id='word_1_203' title='bbox 561 1965 582 1988; x_wconf 69' lang='lat' dir='ltr'>&gt;n</span> 
     </span>
    </p>
   </div>
   <div class='ocr_carea' id='block_1_9' title="bbox 435 2015 1831 2076">
    <p class='ocr_par' dir='ltr' id='par_1_11' title="bbox 435 2015 1831 2076">
     <span class='ocr_line' id='line_1_25' title="bbox 435 2015 1831 2076; baseline -0.003 -13"><span class='ocrx_word' id='word_1_204' title='bbox 435 2020 578 2063; x_wconf 87' lang='lat' dir='ltr'>XXX.</span> <span class='ocrx_word' id='word_1_205' title='bbox 607 2036 626 2059; x_wconf 88' lang='lat'>«</span> <span class='ocrx_word' id='word_1_206' title='bbox 647 2015 892 2061; x_wconf 81' lang='lat' dir='ltr'>Etabstulit</span> <span class='ocrx_word' id='word_1_207' title='bbox 903 2015 957 2060; x_wconf 90' lang='lat' dir='ltr'>de</span> <span class='ocrx_word' id='word_1_208' title='bbox 969 2016 1227 2076; x_wconf 88' lang='lat' dir='ltr'>spiritu,qui</span> <span class='ocrx_word' id='word_1_209' title='bbox 1244 2031 1372 2075; x_wconf 89' lang='lat' dir='ltr'>super</span> <span class='ocrx_word' id='word_1_210' title='bbox 1390 2015 1550 2075; x_wconf 80' lang='lat' dir='ltr'>ipsum⁹</span> <span class='ocrx_word' id='word_1_211' title='bbox 1578 2035 1586 2060; x_wconf 78' lang='lat' dir='ltr'>z</span> <span class='ocrx_word' id='word_1_212' title='bbox 1616 2034 1636 2057; x_wconf 88' lang='lat'>»</span> <span class='ocrx_word' id='word_1_213' title='bbox 1660 2015 1764 2060; x_wconf 85' lang='lat' dir='ltr'>sub-</span> <span class='ocrx_word' id='word_1_214' title='bbox 1829 2023 1831 2047; x_wconf 68' lang='lat'><em>²</em></span> 
     </span>
    </p>
   </div>
   <div class='ocr_carea' id='block_1_10' title="bbox 380 2085 1831 2502">
    <p class='ocr_par' dir='ltr' id='par_1_12' title="bbox 380 2085 1831 2433">
     <span class='ocr_line' id='line_1_26' title="bbox 381 2085 1831 2147; baseline -0.003 -12"><span class='ocrx_word' id='word_1_215' title='bbox 381 2090 572 2145; x_wconf 82' lang='lat' dir='ltr'>auditur,</span> <span class='ocrx_word' id='word_1_216' title='bbox 593 2097 668 2133; x_wconf 79' lang='lat' dir='ltr'>aut</span> <span class='ocrx_word' id='word_1_217' title='bbox 684 2096 790 2143; x_wconf 88' lang='lat' dir='ltr'>erat,</span> <span class='ocrx_word' id='word_1_218' title='bbox 812 2096 887 2131; x_wconf 84' lang='lat' dir='ltr'>aut</span> <span class='ocrx_word' id='word_1_219' title='bbox 901 2086 997 2130; x_wconf 87' lang='lat' dir='ltr'>erit.</span> <span class='ocrx_word' id='word_1_220' title='bbox 1019 2085 1102 2131; x_wconf 90' lang='lat' dir='ltr'>Sed</span> <span class='ocrx_word' id='word_1_221' title='bbox 1116 2087 1228 2130; x_wconf 80' lang='lat' dir='ltr'>hane</span> <span class='ocrx_word' id='word_1_222' title='bbox 1240 2085 1524 2142; x_wconf 81' lang='lat' dir='ltr'>locutionem,</span> <span class='ocrx_word' id='word_1_223' title='bbox 1542 2103 1640 2147; x_wconf 76' lang='lat' dir='ltr'>quae</span> <span class='ocrx_word' id='word_1_224' title='bbox 1653 2086 1765 2130; x_wconf 78' lang='lat' dir='ltr'>diei·</span> <span class='ocrx_word' id='word_1_225' title='bbox 1829 2100 1831 2145; x_wconf 69' lang='lat' dir='ltr'>J</span> 
     </span>
     <span class='ocr_line' id='line_1_27' title="bbox 380 2155 1831 2220; baseline -0.004 -13"><span class='ocrx_word' id='word_1_226' title='bbox 380 2172 453 2207; x_wconf 83' lang='lat' dir='ltr'>tur</span> <span class='ocrx_word' id='word_1_227' title='bbox 482 2160 663 2220; x_wconf 81' lang='lat' dir='ltr'>ellipsis,</span> <span class='ocrx_word' id='word_1_228' title='bbox 695 2174 835 2218; x_wconf 81' lang='lat' dir='ltr'>graeco</span> <span class='ocrx_word' id='word_1_229' title='bbox 864 2156 1037 2217; x_wconf 83' lang='lat' dir='ltr'>eloquio</span> <span class='ocrx_word' id='word_1_230' title='bbox 1061 2155 1456 2212; x_wconf 81' lang='lat' dir='ltr'>familiarissimam,</span> <span class='ocrx_word' id='word_1_231' title='bbox 1487 2167 1530 2201; x_wconf 85' lang='lat' dir='ltr'>et</span> <span class='ocrx_word' id='word_1_232' title='bbox 1550 2167 1764 2218; x_wconf 83' lang='lat' dir='ltr'>quantum</span> <span class='ocrx_word' id='word_1_233' title='bbox 1829 2168 1831 2217; x_wconf 68' lang='grc' dir='ltr'><strong><em>ζ</em></strong></span> 
     </span>
     <span class='ocr_line' id='line_1_28' title="bbox 381 2226 1762 2295; baseline -0.004 -18"><span class='ocrx_word' id='word_1_234' title='bbox 381 2242 490 2295; x_wconf 88' lang='lat' dir='ltr'>puto</span> <span class='ocrx_word' id='word_1_235' title='bbox 519 2232 646 2275; x_wconf 88' lang='lat' dir='ltr'>etiam</span> <span class='ocrx_word' id='word_1_236' title='bbox 665 2230 862 2284; x_wconf 81' lang='lat' dir='ltr'>hebraeo,</span> <span class='ocrx_word' id='word_1_237' title='bbox 888 2228 1042 2272; x_wconf 83' lang='lat' dir='ltr'>latinos</span> <span class='ocrx_word' id='word_1_238' title='bbox 1067 2227 1321 2287; x_wconf 87' lang='lat' dir='ltr'>interpretes</span> <span class='ocrx_word' id='word_1_239' title='bbox 1345 2226 1578 2272; x_wconf 79' lang='lat' dir='ltr'>transferre</span> <span class='ocrx_word' id='word_1_240' title='bbox 1602 2229 1762 2288; x_wconf 80' lang='lat' dir='ltr'>piguit,</span> 
     </span>
     <span class='ocr_line' id='line_1_29' title="bbox 382 2298 1830 2359; baseline -0.005 -10"><span class='ocrx_word' id='word_1_241' title='bbox 382 2319 483 2350; x_wconf 89' lang='lat' dir='ltr'>cum</span> <span class='ocrx_word' id='word_1_242' title='bbox 502 2312 545 2346; x_wconf 87' lang='lat' dir='ltr'>et</span> <span class='ocrx_word' id='word_1_243' title='bbox 562 2302 607 2345; x_wconf 88' lang='lat' dir='ltr'>in</span> <span class='ocrx_word' id='word_1_244' title='bbox 619 2300 751 2345; x_wconf 86' lang='lat' dir='ltr'>latina</span> <span class='ocrx_word' id='word_1_245' title='bbox 766 2299 912 2358; x_wconf 81' lang='lat' dir='ltr'>lingua</span> <span class='ocrx_word' id='word_1_246' title='bbox 931 2298 1248 2359; x_wconf 80' lang='lat' dir='ltr'>frequentetur,</span> <span class='ocrx_word' id='word_1_247' title='bbox 1266 2300 1462 2358; x_wconf 85' lang='lat' dir='ltr'>quamvis</span> <span class='ocrx_word' id='word_1_248' title='bbox 1476 2299 1617 2343; x_wconf 89' lang='lat' dir='ltr'>minus</span> <span class='ocrx_word' id='word_1_249' title='bbox 1633 2314 1765 2359; x_wconf 80' lang='lat' dir='ltr'>quam</span> <span class='ocrx_word' id='word_1_250' title='bbox 1829 2308 1830 2354; x_wconf 66' lang='grc' dir='ltr'>ξ</span> 
     </span>
     <span class='ocr_line' id='line_1_30' title="bbox 386 2376 602 2433; baseline -0.014 -14"><span class='ocrx_word' id='word_1_251' title='bbox 386 2376 431 2419; x_wconf 88' lang='lat' dir='ltr'>in</span> <span class='ocrx_word' id='word_1_252' title='bbox 449 2389 602 2433; x_wconf 72' lang='lat' dir='ltr'>graeca.</span> 
     </span>
    </p>

    <p class='ocr_par' dir='ltr' id='par_1_13' title="bbox 439 2440 1762 2502">
     <span class='ocr_line' id='line_1_31' title="bbox 439 2440 1762 2502; baseline -0.008 -12"><span class='ocrx_word' id='word_1_253' title='bbox 439 2447 604 2490; x_wconf 88' lang='lat' dir='ltr'>XXXI.</span> <span class='ocrx_word' id='word_1_254' title='bbox 626 2446 708 2487; x_wconf 87' lang='lat' dir='ltr'>«Et</span> <span class='ocrx_word' id='word_1_255' title='bbox 720 2441 1143 2502; x_wconf 84' lang='lat' dir='ltr'>percussitl)ominus</span> <span class='ocrx_word' id='word_1_256' title='bbox 1154 2441 1325 2501; x_wconf 79' lang='lat' dir='ltr'>plagam</span> <span class='ocrx_word' id='word_1_257' title='bbox 1337 2455 1535 2499; x_wconf 81' lang='lat' dir='ltr'>magnam</span> <span class='ocrx_word' id='word_1_258' title='bbox 1545 2440 1685 2485; x_wconf 87' lang='lat' dir='ltr'>valde¹</span> <span class='ocrx_word' id='word_1_259' title='bbox 1694 2443 1726 2486; x_wconf 91' lang='lat'>⁰:</span> <span class='ocrx_word' id='word_1_260' title='bbox 1742 2458 1762 2481; x_wconf 85' lang='lat'>»</span> 
     </span>
    </p>
   </div>
   <div class='ocr_carea' id='block_1_11' title="bbox 387 2534 1756 2630">
    <p class='ocr_par' dir='ltr' id='par_1_14' title="bbox 387 2534 1756 2630">
     <span class='ocr_line' id='line_1_32' title="bbox 435 2534 1756 2583; baseline -0.004 -10"><span class='ocrx_word' id='word_1_261' title='bbox 435 2549 443 2566; x_wconf 87' lang='lat'>¹</span> <span class='ocrx_word' id='word_1_262' title='bbox 464 2544 557 2574; x_wconf 85' lang='lat' dir='ltr'>Num.</span> <span class='ocrx_word' id='word_1_263' title='bbox 573 2553 605 2582; x_wconf 80' lang='lat' dir='ltr'>x,</span> <span class='ocrx_word' id='word_1_264' title='bbox 633 2540 680 2583; x_wconf 65' lang='lat'>1&#39;1.</span> <span class='ocrx_word' id='word_1_265' title='bbox 702 2556 743 2562; x_wconf 78' lang='lat'>—-</span> <span class='ocrx_word' id='word_1_266' title='bbox 765 2546 777 2561; x_wconf 71' lang='lat'><em>²</em></span> <span class='ocrx_word' id='word_1_267' title='bbox 802 2538 882 2570; x_wconf 80' lang='lat' dir='ltr'>Ibid.</span> <span class='ocrx_word' id='word_1_268' title='bbox 909 2550 957 2580; x_wconf 85' lang='lat'>17.</span> <span class='ocrx_word' id='word_1_269' title='bbox 973 2555 1015 2560; x_wconf 91' lang='lat'>—-</span> <span class='ocrx_word' id='word_1_270' title='bbox 1035 2536 1048 2560; x_wconf 79' lang='lat'><em>3</em></span> <span class='ocrx_word' id='word_1_271' title='bbox 1067 2537 1146 2569; x_wconf 80' lang='lat' dir='ltr'>Ibid.</span> <span class='ocrx_word' id='word_1_272' title='bbox 1168 2547 1221 2579; x_wconf 48' lang='grc' dir='ltr'>Ἲς).</span> <span class='ocrx_word' id='word_1_273' title='bbox 1245 2554 1286 2559; x_wconf 88' lang='lat'>—-</span> <span class='ocrx_word' id='word_1_274' title='bbox 1307 2535 1321 2566; x_wconf 68' lang='lat' dir='ltr'>f·</span> <span class='ocrx_word' id='word_1_275' title='bbox 1339 2537 1418 2568; x_wconf 59' lang='lat' dir='ltr'>lbial.</span> <span class='ocrx_word' id='word_1_276' title='bbox 1438 2536 1491 2567; x_wconf 79' lang='lat'>30.</span> <span class='ocrx_word' id='word_1_277' title='bbox 1506 2554 1548 2560; x_wconf 90' lang='lat'>—</span> <span class='ocrx_word' id='word_1_278' title='bbox 1563 2534 1576 2557; x_wconf 76' lang='lat'><strong><em>⁵</em></strong></span> <span class='ocrx_word' id='word_1_279' title='bbox 1600 2537 1644 2568; x_wconf 79' lang='lat' dir='ltr'>Id.</span> <span class='ocrx_word' id='word_1_280' title='bbox 1662 2547 1704 2577; x_wconf 80' lang='lat' dir='ltr'>xi,</span> <span class='ocrx_word' id='word_1_281' title='bbox 1726 2536 1756 2578; x_wconf 24' lang='grc' dir='ltr'>Αἱ.</span> 
     </span>
     <span class='ocr_line' id='line_1_33' title="bbox 387 2592 1672 2630; baseline -0.005 1"><span class='ocrx_word' id='word_1_282' title='bbox 387 2597 607 2630; x_wconf 59' lang='lat' dir='ltr'>—‘³11·i«1.6.</span> <span class='ocrx_word' id='word_1_283' title='bbox 639 2604 698 2629; x_wconf 75' lang='lat'>—·7</span> <span class='ocrx_word' id='word_1_284' title='bbox 724 2596 800 2627; x_wconf 71' lang='lat' dir='ltr'>ibid.</span> <span class='ocrx_word' id='word_1_285' title='bbox 820 2595 851 2626; x_wconf 71' lang='lat' dir='ltr'>S.</span> <span class='ocrx_word' id='word_1_286' title='bbox 874 2611 912 2619; x_wconf 77' lang='lat'>-—-</span> <span class='ocrx_word' id='word_1_287' title='bbox 931 2594 945 2613; x_wconf 40' lang='grc' dir='ltr'>’ζ</span> <span class='ocrx_word' id='word_1_288' title='bbox 966 2594 1042 2626; x_wconf 57' lang='lat' dir='ltr'>ibid,</span> <span class='ocrx_word' id='word_1_289' title='bbox 1065 2603 1117 2625; x_wconf 81' lang='grc' dir='ltr'>’).ι,</span> <span class='ocrx_word' id='word_1_290' title='bbox 1138 2611 1171 2617; x_wconf 78' lang='lat'>--</span> <span class='ocrx_word' id='word_1_291' title='bbox 1196 2602 1211 2624; x_wconf 66' lang='grc' dir='ltr'>ε)</span> <span class='ocrx_word' id='word_1_292' title='bbox 1231 2593 1310 2625; x_wconf 71' lang='lat' dir='ltr'>thid.</span> <span class='ocrx_word' id='word_1_293' title='bbox 1331 2593 1384 2624; x_wconf 53' lang='grc' dir='ltr'>τί»,</span> <span class='ocrx_word' id='word_1_294' title='bbox 1407 2610 1446 2616; x_wconf 49' lang='lat' dir='ltr'>r-</span> <span class='ocrx_word' id='word_1_295' title='bbox 1467 2600 1494 2615; x_wconf 87' lang='lat'>¹0</span> <span class='ocrx_word' id='word_1_296' title='bbox 1521 2592 1672 2626; x_wconf 68' lang='lat' dir='ltr'>lt›1&#39;‹1.33.</span> 
     </span>
    </p>
   </div>
   <div class='ocr_carea' id='block_1_12' title="bbox 1816 178 1842 2302">
    <p class='ocr_par' dir='ltr' id='par_1_15' title="bbox 1816 178 1842 2302">
     <span class='ocr_line' id='line_1_34' title="bbox 1816 178 1842 2302; baseline 0 0"><span class='ocrx_word' id='word_1_297' title='bbox 1816 178 1842 2302; x_wconf 95' lang='lat' dir='ltr'> </span> 
     </span>
    </p>
   </div>
   <div class='ocr_carea' id='block_1_13' title="bbox 1821 1471 1839 2767">
    <p class='ocr_par' dir='ltr' id='par_1_16' title="bbox 1821 1471 1839 2767">
     <span class='ocr_line' id='line_1_35' title="bbox 1821 1471 1839 2767; baseline 0 0"><span class='ocrx_word' id='word_1_298' title='bbox 1821 1471 1839 2767; x_wconf 95' lang='lat' dir='ltr'> </span> 
     </span>
    </p>
   </div>
  </div>
 </body>
</html>
