1872 3267
341 265 607 306 QUAESTIONES
638 268 684 296 m
715 268 919 305 Exomm,
955 267 1037 295 Lm.
1073 267 1121 293 11.
1340 253 1424 292 217

49 349 188 380 causae
218 343 267 378 ut
299 334 480 380 existant
506 332 576 378 vel
603 349 692 378 non
725 333 930 387 existant,
960 347 1050 376 non
1084 339 1147 375 est
1173 330 1218 374 in
1239 329 1426 374 hominis

48 416 281 468 potestate,
305 407 380 451 sed
400 406 582 451 veniunt
604 421 654 450 ex
677 403 845 451 occulta
868 402 1140 464 providentia
1157 437 1167 457 ,
1194 400 1427 462 justissima

47 478 175 539 plane
199 487 241 522 et
263 478 586 538 sapientissima,
603 478 854 522 universum
876 475 997 537 quod
1018 473 1178 519 creavit
1194 472 1430 532 disponen-

48 550 98 595 tis
120 559 162 593 et
185 548 522 594 administrantis
543 550 635 594 Dei.
653 551 710 594 Ut
725 564 827 607 ergo
853 546 937 592 tale
954 562 1028 592 cor
1044 545 1225 589 haberet
1244 544 1426 598 Pharao,

48 620 167 681 quod
191 620 381 679 patentia
404 620 477 664 Dei
499 636 587 664 non
604 629 852 664 moveretur
876 618 931 662 ad
954 618 1179 677 pietatem,
1201 614 1276 659 sed
1289 615 1431 674 potius

50 691 101 736 ad
125 691 410 750 impietatem,
436 691 528 735 vitii
547 692 709 751 proprii
728 690 809 734 fuit
829 711 836 735 ;
855 688 975 751 quod
987 704 1088 732 vero
1111 704 1157 731 ea
1177 686 1290 730 facta
1312 694 1428 740 sunt,

49 762 206 823 quibus
236 777 310 806 cor
332 777 409 806 suo
431 762 535 806 vitio
563 771 652 806 tam
674 761 915 821 malignum
937 760 1152 804 resisteret
1167 757 1434 818 jussionibus

50 834 123 878 Dei
139 836 155 891 (
171 834 254 878 hoc
272 843 336 877 est
358 834 473 877 enim
496 833 616 894 quod
638 833 796 878 dicitur
818 833 1092 885 induratum,
1122 830 1223 890 quia
1247 845 1335 874 non
1354 828 1434 872 sse-

49 904 234 949 xibiliter
270 905 588 959 consentiebat,
633 904 709 949 sed
732 903 1026 948 inflexibiliter
1064 902 1286 947 resistebat
1307 904 1323 959 )
1345 899 1435 945 dis-

50 975 311 1036 pensationis
334 974 418 1019 fuit
445 975 603 1019 divinae
618 1012 628 1031 ,
655 992 741 1035 qua
764 974 838 1019 tali
866 974 987 1019 cordi
1010 990 1099 1017 non
1130 971 1270 1016 solum
1292 973 1431 1031 ¹iusta,

51 1045 124 1091 sed
146 1045 369 1090 evidenter
386 1048 502 1107 justa
523 1062 655 1106 poena
673 1046 909 1106 parabatur
924 1080 934 1100 ,
960 1060 1046 1104 qua
1068 1044 1268 1086 timentes
1297 1045 1434 1086 Deum

51 1117 381 1174 corrigerentur.
400 1118 626 1176 Proposito
638 1117 801 1177 quippe
822 1116 968 1169 lucro,
984 1113 1106 1158 verbi
1125 1113 1258 1172 gratia
1272 1148 1282 1167 ,
1303 1127 1436 1171 prop-

52 1196 115 1232 ter
135 1187 255 1248 quod
285 1188 569 1232 homicidium
599 1187 923 1241 committatur,
956 1185 1078 1229 aliter
1103 1199 1253 1228 avarus
1269 1218 1280 1238 ,
1314 1182 1438 1227 aliter

51 1261 246 1319 pecuniae
260 1268 535 1319 contemptor
547 1268 763 1310 movetur;
784 1258 855 1302 ille
868 1257 1030 1302 scilicet
1043 1256 1098 1300 ad
1109 1256 1274 1300 facinus
1287 1270 1437 1315 perpe-

51 1329 252 1374 trandum
269 1328 368 1385 ,ille
390 1329 445 1372 ad
466 1329 707 1373 cavendum
726 1349 734 1373 :
759 1328 890 1388 ipsius
907 1337 1054 1372 tamen
1076 1325 1182 1370 lucri
1200 1325 1438 1385 propositio

50 1400 95 1444 in
115 1399 294 1460 alicujus
311 1399 487 1444 illorum
516 1415 606 1444 non
632 1399 717 1443 fuit
737 1408 967 1459 potestate.
999 1401 1063 1442 Ita
1097 1413 1238 1442 causae
1254 1396 1438 1441 veniunt

48 1471 298 1516 hominibus
311 1469 448 1525 malis,
465 1486 564 1531 quae
578 1486 666 1515 non
678 1480 780 1514 sunt
792 1470 970 1530 quidem
984 1469 1029 1513 in
1043 1484 1194 1513 eorum
1206 1476 1435 1528 potestate,

11 1532 13 1545 ³
49 1542 124 1601 sed
150 1542 234 1586 hoc
258 1542 312 1585 de
330 1541 411 1586 illis
433 1540 625 1596 faciunt,
648 1541 796 1601 quales
815 1556 886 1585 eos
907 1540 1153 1585 invenerint
1181 1541 1272 1600 jam
1301 1537 1439 1583 factos

48 1614 230 1673 propriis
251 1613 366 1658 vitiis
381 1629 433 1657 ex
454 1614 673 1673 praeterita
698 1612 940 1657 voluntate.
964 1610 1214 1656 Videndum
1231 1625 1334 1654 sane
1356 1619 1435 1665 est,

49 1693 197 1727 utrum
220 1684 350 1727 etiam
366 1684 424 1727 sic
447 1683 585 1742 accipi
604 1683 753 1742 possit,
774 1702 793 1724 «
818 1685 910 1740 Ego
934 1681 1166 1737 indurabo,
1193 1690 1437 1741 »tanquam

14 1809 17 1812 Δ
50 1753 211 1800 diceret
230 1774 238 1800 :
259 1774 279 1797 «
303 1757 446 1808 Quam
468 1754 629 1799 durum
651 1754 707 1799 sit
727 1753 1052 1798 demonstrabo.
1081 1773 1099 1794 υ

563 1863 800 1913 Quizs'rio
832 1864 934 1902 xlx.

111 1973 131 1996 «
161 1956 204 1999 S1
230 1953 436 2015 loquetur
457 1954 581 1999 vobis
603 1954 765 2013 pharao
786 1953 934 1998 dicens
955 1972 964 1998 ε
994 1956 1103 1998 Date
1124 1954 1250 1998 nobis
1267 1954 1438 2013 signum

50 2041 71 2065 »
101 2033 175 2068 aut
196 2033 449 2084 portentum
465 2059 476 2079 ,
503 2033 546 2068 et
571 2024 686 2068 dices
712 2027 858 2068 Aaron
891 2021 1011 2067 fratri
1042 2033 1118 2068 tuo
1143 2045 1151 2068 ε
1199 2027 1328 2068 Sume
1351 2024 1440 2068 vir-

55 2113 74 2136 »
101 2110 218 2153 gam,
242 2105 285 2139 et
306 2096 468 2156 projice
490 2094 611 2138 illam
638 2095 783 2155 palam
808 2095 1030 2139 Pharaone
1057 2105 1100 2138 et
1133 2094 1276 2154 palam
1309 2096 1441 2139 servis

55 2183 74 2205 »
104 2167 215 2225 ejus,
249 2175 293 2210 et
325 2166 408 2210 erit
436 2166 611 2209 draco1.
641 2184 660 2206 »
688 2166 769 2210 Hic
791 2175 908 2210 certe
937 2182 1027 2210 non
1057 2166 1296 2210 ministerio
1325 2167 1440 2210 vocis

52 2251 157 2295 opus
178 2246 268 2281 erat
274 2273 290 2293 ,
310 2237 381 2281 cui
403 2235 636 2281 videbatur
654 2236 776 2280 velut
797 2252 848 2280 ex
870 2230 1122 2281 necessitate
1145 2236 1271 2280 datus
1295 2239 1440 2280 Aaron

50 2317 222 2367 propter
235 2307 516 2366 gracilitatem
531 2308 646 2352 vocis
660 2309 798 2366 Moysi
812 2330 822 2366 3
841 2309 915 2353 sed
932 2309 1051 2368 virga
1067 2318 1158 2352 crat
1172 2307 1439 2369 projicienda

22 2362 26 2426 l
51 2387 99 2422 ut
118 2377 244 2424 draco
267 2380 390 2424 fieret
417 2399 424 2424 ;
446 2396 524 2424 cur
554 2380 636 2424 hoc
661 2395 764 2438 ergo
785 2383 958 2438 Moyses
981 2380 1071 2439 ipse
1093 2396 1183 2424 non
1205 2379 1330 2434 fecit,
1357 2378 1440 2422 nisi

23 2429 27 2497 l
50 2448 149 2507 quia
169 2449 246 2494 ista
259 2450 463 2494 mediatio
478 2450 610 2509 ipsius
623 2453 769 2494 Aaron
781 2450 894 2494 inter
907 2454 1088 2509 Moysen
1103 2460 1146 2495 et
1165 2450 1437 2495 Pharaonem

24 2511 28 2592 l
52 2515 223 2578 alicujus
245 2535 413 2579 magnae
433 2520 493 2564 rei
515 2520 700 2578 figuram
720 2519 863 2579 gerit?

99 2620 108 2636 ¹
131 2616 227 2649 Exod.
248 2627 305 2657 vu,
330 2627 362 2659 9.
