1872 3267
388 196 470 236 618
821 206 856 236 S.
892 207 1125 237 Anaus'rmr
1158 208 1344 236 Emscom

386 273 488 318 bam
507 288 630 329 cum,
651 282 695 317 et
715 283 864 333 postea
887 272 1121 331 inferatur,
1146 291 1166 315 «
1181 276 1280 320 Non
1299 273 1576 319 annuntiavit
1596 273 1726 329 mihi,
1750 293 1770 315 »

383 360 474 390 non
494 344 629 388 habet
649 345 934 405 quaestionem
952 365 960 390 :
982 345 1038 390 ad
1058 354 1295 406 utrumque
1313 345 1430 389 enim
1448 344 1598 390 referri
1613 353 1772 406 potest,

383 417 504 478 quod
516 416 593 470 ait,
612 435 632 459 «
652 418 750 462 Non
767 417 1044 462 annuntiavit
1063 417 1188 474 mihi,
1211 435 1231 460 »
1253 416 1301 462 id
1316 425 1396 474 est,
1412 432 1494 462 nec
1515 415 1634 462 unde
1647 425 1772 472 esset,

381 503 463 534 nec
485 503 648 534 nomen
669 503 813 535 suum.

905 597 1144 648 QUAEsrlo
1175 599 1258 639 Ln.

438 701 551 743 ITEM
573 699 696 759 quod
715 699 775 744 ait
794 698 947 743 eadem
968 697 1148 754 mulier,
1175 698 1343 743 dictum
1365 699 1447 744 sibi
1474 713 1568 744 esse
1594 698 1650 743 ab
1679 700 1774 744 An·-

383 768 511 829 ge103
536 770 745 831 quoniam
770 789 790 813 «
813 772 1040 815 Nazaraeus
1069 769 1147 814 Dei
1169 769 1250 815 erit
1271 785 1381 830 puer
1411 786 1434 815 a
1463 779 1617 815 ventre
1636 785 1777 831 usquc

379 860 401 884 »
438 840 492 886 ad
515 841 633 886 diem
655 842 807 886 mortis
825 857 914 885 suae
928 843 958 897 ¹,
987 860 1007 883 ³)
1030 857 1120 886 non
1140 841 1299 900 legitur
1323 841 1379 887 ab
1397 841 1565 901 Angelo
1587 840 1771 887 dictum.

377 915 435 957 Et
465 911 588 974 quod
616 912 778 973 legitur
809 911 1005 957 dictum:
1046 931 1066 955 «
1101 915 1198 973 Ipse
1230 912 1411 973 incipiet
1437 911 1603 957 salvum
1632 911 1775 957 facere

378 1002 399 1026 )›
437 983 570 1029 Israel
591 983 645 1028 de
668 1000 804 1029 manu
834 983 1113 1040 Philistiim2,
1143 1002 1164 1026 »
1198 1000 1289 1029 non
1311 993 1375 1029 est
1397 1000 1421 1029 a
1443 983 1626 1029 muliere
1654 999 1775 1028 com-

376 1064 683 1099 memoratum.
712 1059 867 1116 Itaque
890 1065 933 1099 et
954 1054 1121 1116 aliquid
1147 1071 1238 1099 non
1270 1053 1399 1111 dixit,
1428 1056 1549 1116 quod
1581 1054 1773 1113 audivit3

375 1135 419 1170 et
446 1134 593 1170 tamen
626 1125 736 1170 nihil
771 1125 989 1170 credenda
1019 1134 1082 1169 est
1104 1125 1281 1180 dixisse,
1308 1125 1430 1186 quod
1458 1141 1549 1170 non
1578 1124 1770 1170 audivit:

375 1195 453 1241 sed
482 1197 749 1256 Scripturam
772 1197 918 1256 potius
941 1212 1032 1240 non
1057 1197 1203 1241 omnia
1222 1196 1356 1241 verba
1380 1195 1535 1254 Angeli
1556 1196 1770 1256 posuisse,

374 1283 475 1313 cum
501 1268 645 1328 ipsum
673 1267 847 1312 mulieri
871 1267 1126 1329 loquentem
1157 1268 1365 1311 insereret
1396 1267 1648 1323 narrationi,
1674 1267 1774 1314 ideo

376 1348 524 1384 autem
559 1337 728 1384 dictum
763 1347 847 1394 est,
886 1357 905 1381 «
942 1341 980 1383 A
1013 1347 1166 1383 ventre
1198 1353 1336 1398 usque
1376 1337 1432 1382 ad
1469 1337 1584 1382 diem
1623 1339 1774 1384 mortis

376 1430 395 1453 ·»
432 1427 519 1455 suae
539 1432 550 1469 3
577 1429 598 1453 »
625 1411 727 1471 quia
745 1409 936 1456 Nazaraei
954 1409 1215 1455 dicebantur
1237 1409 1283 1453 in
1300 1413 1416 1469 Lege
1435 1408 1490 1454 ad
1506 1418 1678 1470 tempus
1697 1411 1774 1471 qui

372 1491 525 1528 votum
546 1481 793 1537 habebant,
820 1480 1063 1526 secundum
1093 1496 1142 1525 ea
1166 1496 1266 1541 quae
1291 1480 1512 1541 Scriptura
1541 1496 1618 1540 per
1644 1483 1773 1539 Moy-

373 1569 450 1599 sen
473 1555 782 1614 praeceperatss.
809 1551 936 1598 Unde
958 1561 1021 1597 est
1042 1553 1142 1608 hoc,
1164 1552 1288 1613 quod
1309 1552 1411 1597 huic
1430 1553 1599 1613 jussum
1621 1561 1698 1609 est,
1724 1562 1774 1598 ut

375 1624 541 1669 ferrum
565 1640 655 1669 non
677 1623 929 1669 ascenderet
945 1623 991 1667 in
1013 1632 1146 1683 caput
1167 1624 1275 1683 ejus,
1294 1631 1337 1667 et
1356 1623 1511 1667 vinum
1534 1632 1577 1667 et
1594 1623 1772 1667 siceram

374 1710 465 1740 non
489 1695 703 1739 biberet4.
729 1697 823 1739 Hoc
846 1694 964 1738 enim
988 1702 1078 1738 tota
1102 1694 1189 1738 vita
1212 1709 1289 1737 sua
1309 1692 1554 1737 observavit
1573 1695 1769 1750 Samson,

371 1766 492 1829 quod
512 1765 590 1823 illi,
612 1767 689 1828 qui
710 1766 855 1812 vocati
877 1775 981 1811 sunt
1002 1766 1208 1821 Nazaraei,
1235 1765 1363 1809 certis
1385 1763 1541 1810 diebus
1565 1764 1770 1810 observa-

373 1838 503 1894 bant,
528 1847 737 1884 voventes
758 1847 1002 1899 votumque
1025 1836 1270 1881 reddentes.

902 1945 1139 1997 QUAEsTIO
1170 1946 1271 1986 LIII.

434 2051 561 2103 Quoi)
595 2047 701 2093 dicit
731 2048 951 2108 Scriptura
980 2067 988 2093 :
1026 2066 1045 2089 «
1080 2046 1297 2100 Quoniam
1332 2047 1547 2106 ignoravit
1580 2049 1767 2103 Manue',

377 2137 398 2161 »
433 2120 536 2181 quia
569 2119 763 2180 Angelus
792 2120 870 2163 Dei
902 2120 1010 2173 est5,
1054 2136 1073 2159 »
1109 2116 1390 2162 manifestum
1423 2127 1487 2162 est
1518 2118 1647 2162 etiam
1678 2119 1768 2179 ejus

374 2207 554 2236 uxorem
591 2191 814 2235 hominem
852 2188 1097 2235 credidissea
1121 2190 1250 2243 Quod
1273 2204 1375 2249 ergo
1398 2189 1436 2233 ei
1459 2188 1592 2234 dixit:
1624 2208 1643 2231 «
1668 2189 1767 2234 Vim

378 2282 397 2305 ³>
434 2263 644 2308 faciamus
667 2262 747 2306 tibi
767 2277 909 2317 nunc,
935 2271 978 2306 et
1001 2260 1208 2306 faciamus
1237 2261 1283 2305 in
1305 2270 1542 2321 conspectu
1566 2269 1643 2305 tuo
1666 2261 1766 2305 hoc-

377 2353 397 2376 »
435 2334 541 2378 dum
570 2336 849 2394 caprarumss,
872 2342 1082 2393 tanquam
1113 2333 1337 2378 hominem
1361 2332 1582 2387 invitavit,
1613 2331 1766 2377 sedita

376 2414 427 2450 ut
452 2407 537 2450 hoc
570 2421 671 2450 cum
703 2404 778 2449 illo
813 2403 1086 2465 epularetur,
1125 2402 1246 2465 quod
1279 2403 1537 2448 sacrificium
1578 2402 1764 2448 fecisset.

422 2509 431 2524 ¹
449 2502 553 2534 Judic.
579 2513 657 2543 xm,
682 2513 712 2544 7.
733 2519 774 2524 —
804 2509 816 2524 ²
843 2501 923 2533 lbid.
946 2501 978 2532 5.
1004 2517 1044 2523 -
1078 2500 1091 2524 3
1114 2502 1206 2533 Num.
1224 2512 1278 2542 vx,
1307 2509 1337 2532 2.
1360 2498 1547 2532 -41111110,
1575 2510 1649 2541 xm,
1669 2499 1699 2531 5.
1725 2516 1766 2522 —-

376 2556 390 2579 5
411 2557 490 2589 lbid.
520 2558 568 2589 16.
598 2573 639 2580 -·
657 2555 672 2579 6
696 2557 778 2589 lbid.
805 2556 853 2589 15.
