1872 3267
205 209 471 245 QLAES‘1'10NES
505 209 548 236 ιΝ
583 209 981 248 ῡΕυΤΕΗοΝοΜωΜ,
1017 211 1099 236 Lus.
1138 211 1179 236 v.
1296 199 1379 236 525

14 281 188 327 eretur,
212 289 314 317 cum
336 283 380 318 et
401 273 532 333 ipsius
554 274 695 331 Moysi
731 273 1075 319 manifestissima
1101 274 1233 319 verba
1270 274 1381 328 sint,

30 358 87 388 on
107 341 236 388 fuisse
250 343 369 388 illam
385 359 537 389 vocem
553 343 816 404 principium
838 343 942 389 belli
958 380 969 401 ‚
1003 344 1080 389 sed
1119 344 1385 405 principium

26 413 86 458 ini
103 415 140 456 ¹.

530 510 767 560 QUAESTIO
799 513 882 551 Lll.

60 631 81 655 «
101 614 316 667 NUMQUID
334 621 397 657 est
416 611 581 673 aliquid
603 613 716 658 inter
733 629 808 659 vos
830 615 895 658 vir
911 649 921 669 ‚
948 622 1024 658 aut
1044 611 1200 657 mulier
1218 622 1293 657 aut
1320 612 1388 657 fa-

11 703 21 726 )
51 684 190 740 milia,
217 683 287 730 vel
319 685 477 740 tribus,
510 686 631 745 eujus
654 701 775 730 mens
798 685 1031 730 declinavit
1047 701 1069 730 a
1096 684 1282 730 Domino
1299 688 1389 729 Deo

0 774 20 818 ρ
53 764 217 810 vestro,
256 755 318 799 ire
336 756 494 801 servire
518 754 598 800 diis
630 757 825 815 gentium
851 755 1056 800 illarum?
1076 758 1192 801 Num
1220 772 1306 816 qua
1327 765 1391 800 est

0 824 20 869 ’ω
54 826 100 870 in
127 827 250 872 vobis
281 826 402 872 radix
428 843 598 872 sursum
622 828 865 886 germinans
897 829 941 872 in
979 826 1081 871 felle
1109 837 1153 872 et
1180 827 1390 872 amaritu-

0 915 21 938 >›
55 897 184 942 dine?
206 901 263 943 Et
277 899 357 943 erit
373 933 383 953 ‚
409 914 510 943 eum
534 898 719 943 audierit
743 899 876 944 verba
905 897 1221 943 maledictionis
1233 899 1309 959 huj
1319 914 1387 953 us,

0 986 21 1010 »
55 977 98 1012 et
127 968 379 1028 opinabitur
410 969 456 1013 in
471 970 601 1014 corde
620 985 698 1014 suo
713 1004 724 1025 ,
750 969 923 1014 dicens:
951 971 1106 1014 Sancta
1128 969 1236 1013 mihi
1260 969 1388 1024 fiant,

0 1057 20 1081 »
54 1040 263 1100 quoniam
296 1041 341 1084 in
369 1056 513 1085 errore
547 1042 688 1086 cordis
731 1041 816 1085 mei
839 1040 1021 1086 incedo:
1060 1050 1110 1086 ut
1137 1056 1226 1085 non
1263 1040 1392 1084 simul

0 1127 20 1152 »
55 1111 209 1170 perdat
232 1121 434 1170 peccator
451 1127 574 1167 eum,
591 1111 669 1172 qui
692 1111 783 1156 sine
803 1121 982 1171 peccato
1011 1121 1074 1156 est
1095 1132 1106 1170 3
1138 1110 1259 1156 nolet
1276 1115 1392 1156 Deus

0 1198 20 1222 »
54 1181 287 1241 propitiare
313 1183 374 1236 ei,
404 1183 480 1226 sed
502 1191 608 1226 tune
632 1181 890 1225 incendetur
911 1182 973 1226 ira
996 1182 1191 1237 Domini,
1213 1191 1255 1226 et
1276 1181 1393 1226 zelus

0 1268 20 1292 »
54 1252 145 1312 ejus
174 1251 219 1295 in
238 1252 415 1296 homine
445 1252 544 1307 illo,
570 1261 613 1296 et
645 1251 934 1296 adhaerebunt
966 1253 1011 1296 in
1048 1268 1098 1296 eo
1127 1252 1272 1296 omnia
1298 1267 1392 1295 ma-

0 1340 18 1363 »
53 1322 211 1367 ledicta
249 1323 512 1367 Testamenti
552 1324 705 1383 hujUS,
743 1339 841 1384 quae
875 1324 1032 1382 scripta
1072 1332 1174 1367 sunt
1207 1323 1252 1367 in
1278 1322 1392 1368 libro

0 1411 20 1435 »
54 1394 178 1453 Legis
200 1394 380 1454 hujus‘2.
404 1413 424 1435 »
447 1397 513 1438 Ita
541 1394 709 1439 dictum
731 1404 815 1438 est:
847 1414 866 1436 «
890 1394 1117 1455 Numquid
1156 1404 1220 1439 est
1247 1395 1293 1438 in
1313 1410 1393 1439 vo-

0 1483 19 1506 »
52 1464 119 1508 bis
133 1500 148 1520 ,
177 1484 196 1505 »
223 1474 273 1508 ut
296 1475 507 1524 tanquam
535 1466 831 1525 requirentem
855 1464 1148 1523 intelligamus
1164 1501 1174 1520 ‚
1202 1481 1257 1509 ne
1280 1465 1393 1510 forte

0 1533 67 1579 sit.
94 1534 136 1579 Si
153 1534 249 1594 quis
272 1544 417 1578 autem
435 1544 566 1590 esset,
592 1550 694 1579 eum
714 1535 868 1578 terruit
886 1535 1190 1591 vehementer,
1208 1551 1263 1580 ne
1281 1535 1392 1580 forte

0 1605 225 1666 quisquam
240 1604 465 1650 diceretin
488 1605 619 1650 eorde
656 1621 761 1661 suo,
799 1604 980 1650 audiens
1017 1605 1090 1650 illa
1130 1606 1388 1662 maledicta,

0 1694 20 1718 «
55 1678 211 1721 Sancta
249 1676 356 1720 mihi
392 1676 498 1731 sint,
533 1675 579 1721 id
595 1685 680 1732 est,
708 1675 938 1720 maledicta
963 1685 1111 1721 sancta
1143 1677 1250 1722 mihi
1274 1678 1389 1722 sint:

0 1763 20 1787 »
45 1746 253 1806 quoniam
282 1746 328 1790 in
350 1761 494 1790 errore
522 1746 664 1790 cordis
702 1746 788 1790 mei
814 1746 994 1802 incedo,
1022 1765 1042 1788 »
1072 1746 1117 1791 id
1150 1757 1235 1802 est,
1281 1748 1393 1791 absit

0 1826 46 1861 ut
62 1817 167 1861 mihi
182 1817 261 1861 ista
279 1817 507 1873 eveniant,
534 1833 624 1862 non
643 1818 749 1861 mihi
763 1818 849 1861 sint
861 1818 955 1861 haec
969 1817 1082 1862 mala
1105 1853 1115 1873 ,
1132 1818 1209 1863 sed
1225 1828 1389 1874 saneta,

0 1885 42 1932 id
55 1896 139 1943 est,
165 1887 354 1947 propitia
377 1896 421 1931 et
437 1887 633 1944 innoxia3
675 1906 694 1929 «
722 1887 940 1940 Quoniam
981 1888 1027 1931 in
1070 1904 1214 1933 errore
1253 1889 1393 1933 cordis

0 1975 20 1999 »
44 1958 126 2001 mei
156 1958 312 2003 incedo
330 1994 340 2013 ,
371 1977 390 1999 »
416 1957 562 2002 eundo
590 1957 752 2002 seilicet
780 1967 877 2017 post
897 1961 1008 2002 Deos
1035 1959 1252 2017 gentium,
1274 1969 1317 2004 et
1333 1960 1392 2003 eis

0 2037 203 2090 tanquam
220 2030 401 2090 impune
419 2029 660 2074 serviendo.
684 2032 805 2084 Non,
830 2030 1001 2090 inquit,
1029 2031 1109 2074 erit
1131 2031 1205 2075 sic.
1239 2052 1256 2073 «
1294 2034 1391 2077 Non

0 2117 20 2141 »
53 2100 208 2161 perdat
228 2101 356 2145 simui
377 2109 579 2160 peccator
600 2115 701 2144 eum
733 2100 918 2161 quisine
936 2110 1114 2160 peccato
1145 2111 1234 2146 est:
1263 2121 1282 2144 »
1301 2112 1394 2146 tan-

0 2185 129 2231 quam
151 2171 341 2216 diceret:
368 2172 526 2216 Cavete
550 2185 605 2213 ne
631 2170 702 2214 cui
738 2170 933 2214 vestrum
962 2170 1065 2215 talia
1102 2171 1387 2232 persuadeat,

0 2241 98 2301 quia
138 2240 238 2286 talia
282 2240 458 2300 cogitat.
509 2260 527 2281 ι(
557 2239 685 2285 ΝοΙθῖ
718 2243 833 2284 Deus
874 2241 1108 2300 propitiare
1144 2243 1203 2297 ei,
1242 2263 1257 2284 »
1304 2243 1391 2286 sive

0 2310 96 2355 talia
119 2311 354 2372 cogitanti,
374 2311 462 2355 sive
484 2309 636 2354 illicui
676 2309 777 2354 talia
809 2309 974 2356 fuerint
1010 2328 1244 2372 persuasa,
1280 2313 1392 2357 sicut

0 2381 86 2442 ipse
108 2384 307 2443 opinatus
330 2391 393 2426 est
415 2379 602 2426 dicendo
623 2400 632 2426 ε
662 2400 681 2422 «
711 2383 866 2426 Sancta
884 2382 991 2426 mihi
1011 2383 1096 2427 sint
1117 2404 1128 2441 3
1148 2401 1167 2424 »
1194 2392 1237 2427 et
1269 2384 1390 2445 quasi

0 2451 80 2497 hoc
101 2453 233 2499 modo
256 2451 491 2498 avertendo
509 2467 532 2495 a
553 2467 596 2496 se
613 2451 702 2495 vim
718 2450 835 2496 illius
857 2452 1091 2498 maledicti.
1123 2473 1142 2495 ‹<
1178 2453 1262 2500 Sed
1287 2463 1391 2499 tunc

52 2557 59 2573 ¹
82 2551 180 2584 Exod.
201 2562 301 2592 xxm,
320 2550 372 2583 18.
399 2565 441 2573 --
461 2556 474 2573 ²
496 2552 589 2582 Dect.
613 2556 702 2587 xxix,
727 2547 840 2581 18-21.
