1872 3267
243 266 499 294 LOCUTIONES
530 264 585 292 nn
617 263 981 302 DEUTERONOMto,
1017 264 1099 291 Lm.
1137 264 1178 291 v.
1350 250 1403 289 87

83 330 183 374 VII.
205 333 298 375 «Et
314 329 638 376 similitudinem
652 344 741 374 non
752 328 936 384 vidistis,
951 328 1027 373 sed
1040 330 1210 373 vocem¹
1237 347 1246 374 ε
1263 346 1283 369 »
1305 342 1406 372 eum

23 415 106 446 vox
124 417 212 447 non
232 404 364 463 possit
381 402 539 458 videri,
560 402 636 446 sed
659 399 915 461 generaliter
931 401 1015 445 hoc
1033 399 1218 444 verbum
1236 399 1404 459 posuit,

22 480 232 535 tanquam
258 474 314 520 ad
341 490 515 520 omnem
538 473 729 534 eorporis
750 487 924 516 sensum
945 470 1093 516 videre
1114 470 1344 530 pertineat.

81 557 205 600 VIII.
227 575 247 598 «
262 558 314 601 In
332 572 465 617 quam
474 571 550 600 vos
562 552 841 614 ingredimini
856 552 948 609 illo,
964 551 1221 597 haereditare
1235 554 1350 596 eam‘2
1365 570 1404 597 z»

22 624 200 685 plenum
222 635 332 671 esset
353 626 519 670 etiamsi
537 641 628 670 non
649 623 848 669 additum
870 632 1004 679 esset,
1034 642 1054 665 «
1077 621 1168 667 illo.
1207 639 1229 663 »

83 710 162 753 IX.
181 727 201 751 α
217 710 275 753 Et
288 707 437 752 eduxit
448 723 525 753 vos
538 707 592 751 de
605 705 781 752 fornace
798 706 937 750 ferrea
958 720 1010 749 ex
1019 706 1211 764 AEgypto
1221 704 1235 729 ³
1253 722 1263 748 :
1283 721 1303 745 ³)
1325 701 1412 748 sor-

24 794 176 825 naoem
207 777 389 823 ferream
403 813 414 834 ,
451 778 607 823 duram
645 776 973 822 tribulationem
1008 774 1191 833 intelligi
1221 772 1363 819 voluit
1397 792 1407 820 ε

23 842 267 896 secundum
279 849 363 907 ho‚c
375 858 419 893 et
431 847 485 893 de
498 851 522 893 J
526 848 660 909 oseph
674 848 841 893 dictum
850 856 914 892 est
923 846 970 892 in
980 845 1159 891 Psalmis
1176 865 1186 891 ;
1202 847 1413 890 «Ferrum

27 940 48 964 >›
70 920 320 981 pertransiit
341 920 531 964 animam
553 920 685 980 ejus&
710 938 730 961 »

81 1006 138 1048 X.
169 1019 189 1045 «
212 1006 269 1048 Et
285 1019 375 1048 non
396 1015 567 1048 transeo
589 1005 613 1047 J
617 1001 826 1047 ordanem
848 1002 967 1045 hunc
982 1003 997 1027 ⁵
1024 1019 1034 1045 z
1061 1018 1082 1041 »
1100 999 1225 1060 quasi
1242 1008 1285 1043 et
1303 997 1413 1043 alius

21 1075 78 1121 sit
99 1074 298 1119 Jordanis
321 1093 330 1119 ε
356 1089 407 1118 ex
428 1075 543 1119 hanc
567 1072 790 1120 locutione
821 1071 1008 1116 arbitror
1023 1085 1137 1130 saepe
1171 1069 1258 1115 dici
1281 1069 1412 1114 etiam

23 1147 144 1191 hunc
166 1146 383 1191 mundum
401 1180 412 1201 ‚
438 1146 561 1206 quasi
583 1144 694 1189 alius
713 1144 783 1188 sit.

80 1231 201 1273 XL«
230 1229 274 1274 Si
306 1238 451 1273 autem
484 1227 684 1287 genueris
707 1225 817 1271 filios
857 1235 902 1270 et
934 1224 1046 1269 {ilios
1079 1224 1272 1269 filiorum
1308 1233 1412 1269 tuo-

26 1317 48 1341 »
74 1301 198 1343 rum⁶
221 1319 229 1343 ;
258 1315 279 1340 »
304 1297 499 1343 notanda
515 1297 680 1344 locutio
701 1306 793 1353 est,
817 1295 894 1341 ubi
916 1305 960 1341 et
981 1310 1083 1341 avos
1105 1304 1287 1356 nepotes
1306 1294 1414 1340 dicit

0 1415 1 1422 ἵ
23 1369 214 1429 gignere.

79 1454 182 1496 XII.
212 1472 232 1495 «
251 1455 309 1498 Et
329 1452 530 1513 quaeretis
551 1451 613 1495 ibi
630 1450 868 1496 Dominum
890 1452 1030 1494 Deum
1043 1458 1260 1508 vestrum3
1285 1457 1329 1494 et
1343 1449 1414 1494 in-

25 1541 48 1565 »
69 1524 248 1569 venietis
264 1539 364 1567 eum
381 1558 392 1578 ,
413 1522 592 1583 quando
614 1521 847 1584 exquiretis
865 1532 966 1565 eum
984 1535 1036 1564 ex
1052 1529 1145 1566 toto
1163 1519 1294 1565 corde
1317 1530 1411 1577 tuo,

26 1611 55 1636 >r
74 1604 119 1638 et
135 1610 185 1638 ex
206 1603 297 1638 tota
315 1594 458 1638 anima
482 1603 557 1638 tua
580 1594 625 1637 in
649 1591 931 1637 tribulatione
957 1594 1060 1636 tua⁷
1080 1613 1092 1651 3
1117 1610 1138 1634 »
1164 1607 1254 1637 non
1278 1591 1411 1637 dixit:

28 1683 50 1707 (t
75 1667 127 1709 In
145 1673 236 1709 toto
259 1664 390 1709 corde
404 1673 547 1709 vestro
559 1699 570 1719 ,
591 1673 635 1708 et
655 1664 701 1707 in
721 1672 813 1708 tota
830 1663 974 1707 anima
989 1672 1147 1719 vestra,
1167 1663 1214 1707 in
1231 1661 1417 1708 tribula-

27 1753 49 1777 »
73 1737 193 1780 tione
214 1744 369 1781 vestra.
395 1754 416 1776 »

0 1821 2 1864 1
82 1821 208 1863 XIII.
239 1839 258 1861 «
290 1822 559 1876 Interrogate
592 1818 682 1862 dies
717 1817 903 1878 priores,
937 1817 1014 1878 qui
1042 1816 1222 1862 fuerunt
1249 1818 1415 1878 priores

7 1902 9 1917 ⁴
30 1907 51 1931 »
67 1898 111 1934 te
126 1891 141 1916 ⁸
164 1910 172 1934 :
194 1908 214 1931 n
232 1906 321 1934 non
336 1889 441 1944 dies,
458 1889 534 1934 sed
546 1889 743 1934 homines
760 1887 1093 1949 intelligendum
1112 1898 1190 1933 est.
1214 1888 1419 1934 Similiter

2 1994 10 2019 ,ἰ
29 1968 72 2005 et
91 1960 176 2004 hoc
197 1959 441 2005 notandum
464 1959 584 2020 quod
601 1960 732 2004 etiam
749 1959 947 2019 superius
960 1975 1061 2003 cum
1083 1959 1241 2004 dixerit
1255 1997 1266 2016 ‚
1291 1980 1311 2003 «
1337 1963 1415 2004 In-

30 2040 51 2072 >5
71 2039 284 2089 terrogate
304 2049 324 2072 »
345 2029 586 2091 pluraliter,
613 2031 812 2090 «priores
834 2040 877 2074 te
898 2049 917 2071 )›
945 2030 1094 2076 intulit
1119 2028 1412 2091 singulariter,

2 2117 3 2141 ι
26 2109 114 2145 non
133 2101 295 2161 priores
316 2101 454 2146 vobis.

84 2177 203 2228 XIV.
231 2203 251 2226 α
271 2184 313 2228 Si
334 2193 377 2227 et
399 2184 584 2229 tentavit
604 2183 719 2228 Deus
747 2184 962 2242 ingressus
990 2183 1183 2244 accipere
1207 2179 1288 2228 sibi
1307 2184 1415 2245 gen-

29 2272 50 2297 »
77 2264 165 2299 tem
187 2255 240 2299 de
257 2254 400 2299 media
423 2257 574 2315 gente⁰
595 2275 602 2300 ε
620 2257 819 2311 tentavit,
838 2274 858 2297 »
874 2272 953 2316 pro
977 2271 1028 2300 eo
1050 2256 1171 2317 quod
1193 2266 1271 2312 est,
1297 2276 1317 2300 «
1333 2273 1415 2302 vo-

27 2324 130 2381 luit,
148 2344 168 2366 »
188 2325 378 2386 positum
398 2335 462 2370 est
477 2362 487 2381 ,
508 2335 583 2370 aut
604 2326 713 2387 quid
735 2326 853 2370 aliud
872 2347 880 2372 :
902 2325 1023 2388 quod
1043 2336 1189 2371 autem
1212 2328 1293 2384 ait,
1324 2326 1417 2372 «de

30 2395 213 2440 »media
241 2406 392 2455 gente,
425 2418 442 2438 »
468 2396 522 2441 de
551 2395 705 2442 mediis
727 2397 932 2456 gentibus
957 2398 1294 2457 intelligendum
1323 2407 1386 2442 est
1402 2435 1413 2454 ,

30 2464 234 2523 singulari
255 2468 394 2526 posito
421 2483 501 2527 pro
522 2466 680 2527 plurali
703 2488 710 2512 ε
738 2468 849 2513 sicut
877 2479 1150 2529 serpentem,
1177 2485 1347 2525 ranam,
1371 2479 1415 2514 et

10 2513 13 2585 1
80 2556 88 2571 ¹
108 2553 201 2581 Dent.
232 2561 337 2591 1‚1‘2.
359 2569 400 2573 —-
420 2552 530 2583 2Ibid.
553 2553 571 2583 5
598 2557 629 2583 et
651 2551 700 2593 14.
723 2570 764 2574 ——
794 2551 806 2575 3
833 2553 912 2585 thid.
934 2564 988 2584 20.
1019 2571 1060 2575 —
1076 2553 1090 2582 >i
1110 2554 1190 2585 Psal.
1206 2554 1342 2590 civ,18.
1369 2571 1410 2577 --

32 2604 45 2628 5
64 2608 156 2637 Dent.
179 2617 221 2648 lv,
247 2616 299 2639 22.
322 2624 362 2629 ’-
381 2606 395 2626 ‘3
414 2608 495 2639 Ibid.
511 2607 564 2639 ¹125,
586 2626 626 2630 --
641 2616 653 2640 7
670 2609 749 2640 11)1(1.
768 2620 820 2649 Ως).
839 2627 878 2630 ·-
897 2608 911 2628 9
936 2610 1016 2641 llud.
1040 2610 1092 2641 39..
1123 2610 1360 2651 -5211›i‹1.33.
