1872 3267
397 202 447 239 58
457 199 478 238 4
819 213 853 239 s.
888 210 1117 238 Avensa-uu
1150 212 1330 240 EPtscorr

871 325 1105 374 QUAESTIO
1137 327 1292 365 xxxv.

428 430 492 472 AN
503 443 876 472 [MADVERTENDUM
886 427 1076 487 estquod
1084 427 1262 472 Gedeon
1275 443 1364 472 non
1378 429 1627 487 astAngelo,
1637 430 1776 474 «Offe-

391 514 482 543 ram
500 498 579 542 tibi
595 499 851 543 sacrificium
869 519 876 543 :
897 517 916 539 >›
933 498 1008 543 sed
1026 499 1328 554 ait‚«Offeram
1341 500 1596 544 sacrificium
1609 516 1772 558 meum,

393 588 412 611 ³)
440 578 482 613 et
503 569 727 629 ponamin
745 578 981 628 conspectu
1003 577 1079 613 tuo
1095 570 1125 613 1.
1154 587 1174 610 »
1202 569 1327 613 Unde
1344 569 1677 630 intelligendum
1694 580 1773 628 est,

389 656 478 685 non
493 656 594 684 eum
616 640 805 699 Angelo‚
831 639 906 684 sed
923 655 1000 699 per
1018 638 1233 697 Angelum
1250 640 1507 684 sacrificium
1525 641 1682 686 offerre
1698 657 1777 687 vo-

391 712 533 756 luisse.
558 710 688 764 Quod
710 719 752 754 et
774 711 864 770 ipse
886 709 1075 768 Angelus
1096 710 1318 755 evidenter
1346 712 1556 767 ostendit,
1583 713 1659 773 qui
1685 728 1777 757 non

389 784 443 827 ab
466 798 517 827 eo
533 781 791 826 sacrificium
815 791 1024 842 tanquam
1047 781 1128 825 sibi
1150 782 1333 842 sumpsit
1353 802 1361 827 ε
1379 783 1454 826 sed
1470 783 1529 826 ait
1549 781 1628 838 illi,
1647 802 1667 825 «
1688 786 1774 828 Ac-

392 873 411 896 »
434 854 529 913 cipe
552 868 699 897 carnes
721 862 764 896 et
782 867 978 910 azymos,
1005 861 1047 896 et
1065 868 1180 912 pone
1202 852 1257 896 ad
1280 862 1448 912 petram
1477 853 1594 897 illam
1611 889 1621 908 ‚
1647 863 1689 898 et
1706 855 1776 914 jus

392 944 411 966 »
440 923 634 967 effunde.
653 926 710 967 Et
732 938 831 967 cum
854 923 937 967 hoc
956 921 1126 967 fecisset
1143 922 1344 979 Gedeon,
1372 923 1565 968 extendit
1584 923 1776 982 Angelus

390 1014 410 1037 >›
436 996 842 1040 Dominisummum
858 995 991 1054 virgae
1007 1030 1017 1050 ‚
1043 1011 1142 1055 quae
1165 1004 1256 1039 erat
1276 996 1319 1039 in
1343 1011 1475 1039 mauu
1498 997 1591 1055 ejus
1607 1031 1617 1051 ,
1644 1005 1688 1040 et
1708 1005 1775 1040 te-

392 1086 411 1108 »
438 1067 534 1125 tigit
557 1082 706 1110 carnes
729 1075 772 1109 ct
796 1080 995 1124 azymos3
1030 1075 1073 1110 et
1095 1081 1297 1110 accensus
1321 1076 1384 1110 est
1420 1066 1527 1124 ignis
1550 1066 1603 1110 de
1626 1076 1772 1126 petra,

389 1155 410 1178 >›
437 1146 480 1180 et
501 1135 692 1180 comedit
714 1151 861 1180 carnes
884 1145 926 1179 et
948 1151 1120 1194 azymos
1133 1140 1165 1179 2.
1195 1155 1213 1177 >›
1236 1139 1301 1180 Ita
1322 1137 1450 1181 etiam
1472 1136 1775 1196 ipse‘Angelus

387 1207 434 1250 in
467 1206 691 1260 sacrificio,
718 1205 839 1266 quod
862 1205 1023 1250 obtulit
1044 1206 1224 1250 Gedeon
1239 1242 1249 1261 ,
1275 1207 1469 1251 officium
1491 1207 1775 1252 ministrantis

388 1276 584 1336 implevit
611 1276 791 1334 :ignem
833 1276 996 1336 quippe
1035 1277 1168 1320 homo
1201 1277 1396 1321 minister
1432 1286 1481 1321 ut
1520 1278 1651 1322 homo
1684 1278 1775 1322 sine

387 1347 597 1392 miraculo
628 1347 903 1407 subjecisset,
927 1362 1058 1406 quem
1090 1346 1344 1391 mirabiliter
1384 1357 1433 1391 ut
1470 1348 1663 1406 Angelus
1696 1349 1776 1392 iste

385 1419 583 1479 subjecit.
624 1418 823 1478 Denique
856 1426 962 1461 tunc
994 1417 1198 1475 cognovit
1228 1417 1406 1462 Gedeon
1432 1417 1552 1478 quod
1582 1418 1775 1478 Angelus

385 1489 559 1534 Domini
582 1498 705 1533 esset.
732 1491 839 1533 Nam
862 1488 946 1531 hoc
967 1487 1185 1547 Scriptura
1205 1488 1413 1532 continuo
1431 1488 1647 1544 subdidit,
1679 1509 1698 1531 «
1718 1493 1775 1534 Et

390 1580 409 1601 »
436 1559 545 1605 vidit
584 1559 763 1603 Gedeon
797 1558 1004 1619 quoniam
1035 1557 1225 1616 Angelus
1252 1559 1424 1602 Domini
1456 1560 1559 1603 est3.
1595 1578 1614 1600 »
1652 1561 1774 1605 Prius

386 1646 489 1690 ergo
512 1640 721 1690 tanquam
745 1644 845 1673 cum
862 1628 1039 1672 homine
1061 1628 1324 1688 loquebatur
1340 1665 1350 1684 ,
1372 1645 1502 1690 quem
1525 1640 1671 1674 tamen
1692 1631 1774 1675 ho-

385 1702 547 1745 minem
560 1700 636 1744 Dei
650 1698 850 1754 credidit,
863 1708 912 1743 ut
923 1714 1066 1743 coram
1080 1700 1174 1759 ipso
1186 1700 1444 1744 sacrificium
1455 1700 1586 1746 vellet
1598 1702 1770 1758 offerre,

384 1772 505 1818 velut
527 1770 800 1830 adjuvandus
822 1771 914 1831 ejus
933 1771 1160 1830 praesentia
1182 1771 1434 1816 sanctitatis.

858 1878 1094 1928 QUAEsrlo
1125 1880 1302 1919 xxxvl.

444 1986 595 2036 Quyssm
624 1991 766 2041 potest
802 1997 937 2042 quare
974 1980 1153 2025 Gedeon
1189 1996 1316 2024 ausus
1347 1979 1479 2025 suerit
1515 1982 1774 2028 sacrificium

386 2053 543 2098 offerre
558 2056 647 2097 Deo
670 2061 827 2111 praeter
853 2051 999 2096 locum
1020 2051 1096 2095 ubi
1117 2053 1301 2111 jusserat
1328 2052 1497 2095 Deus4?
1523 2055 1684 2096 Praeter
1705 2063 1772 2098 ta-

386 2122 673 2168 bernaculum
688 2123 850 2182 quippe
860 2137 987 2166 suum
1002 2125 1115 2166 Deus
1127 2121 1410 2181 prohibuerat
1423 2123 1651 2167 sacrificari
1666 2124 1744 2168 sibi
1759 2147 1771 2184 3

387 2194 459 2238 eui
475 2191 756 2237 tabernaculo
775 2191 987 2252 templum
1004 2202 1152 2251 postea
1169 2192 1371 2236 successit
1393 2212 1400 2236 :
1417 2202 1612 2253 tempore
1629 2203 1775 2239 autem

386 2281 476 2326 quo
500 2263 582 2309 fuit
599 2264 799 2320 Gedeon,
833 2264 1164 2309 tabernaculum
1188 2263 1263 2308 Dei
1286 2273 1378 2308 erat
1398 2264 1443 2307 in
1467 2264 1578 2328 Silo5
1607 2285 1615 2310 :
1642 2275 1773 2326 atque

384 2336 485 2379 idco
506 2334 594 2379 illic
628 2344 797 2379 tantum
826 2334 1017 2393 legitime
1052 2343 1193 2394 posset
1225 2334 1467 2378 sacrificari.
1498 2334 1582 2379 Sed
1605 2336 1771 2380 intelli-

386 2404 577 2462 gendum
599 2414 662 2449 est
684 2403 804 2465 quod
821 2403 945 2448 illum
965 2403 1182 2464 Angelum
1200 2404 1340 2464 primo
1357 2405 1616 2464 prophetam
1638 2415 1769 2465 puta-

436 2507 443 2522 ¹
465 2500 567 2532 vindic.
589 2511 629 2537 vi,
656 2503 705 2533 18.
724 2517 764 2522 —-
782 2508 793 2517 ⁶
820 2500 898 2532 lbid.
920 2509 974 2541 90,
995 2511 1047 2531 (ει.
1071 2516 1110 2522 -
1131 2498 1142 2522 ³
1162 2499 1240 2531 thid.
1261 2508 1313 2531 9,)
1329 2517 1369 2522 --
1384 2498 1398 2523 l.
1416 2499 1491 2531 ibid.
1513 2509 1567 2534 20.
1589 2499 1763 2534 —5Deut.

389 2567 446 2596 ΧΗ,
473 2556 520 2586 15¹».
