1872 3267
392 302 475 343 3524
815 312 850 341 S.
885 312 1116 349 aucun-nu
1147 314 1331 347 Emscom

390 383 498 427 ceo?
521 383 614 432 Hoc
636 388 782 425 autem
803 379 885 428 isto
907 379 1004 430 loeo
1020 396 1094 425 vas
1116 379 1237 436 dicit,
1258 380 1380 441 quod
1397 381 1536 427 Graeci
1552 379 1773 440 appellant

391 465 517 508 σκεῦος,
539 453 624 497 hoc
645 452 761 501 enim
783 467 944 496 nomen
966 452 1164 511 generale
1181 461 1245 497 est
1276 453 1473 498 omnium
1499 451 1767 497 utensilium.

389 523 522 569 Aliud
545 532 609 567 est
632 532 778 567 autem
805 522 926 584 quod
959 523 1201 583 appellatur
1229 533 1370 579 ἀγγεῖοη
1399 539 1500 568 nam
1527 532 1571 568 et
1599 524 1683 568 hoc
1709 522 1773 566 la-

389 594 480 638 tina
508 594 656 653 lingua
678 609 752 638 vas
778 592 964 652 dieitur3
993 595 1069 638 sed
1101 603 1234 648 ἀγγεῖον,
1265 593 1375 639 11111(1
1402 595 1536 653 magis
1563 592 1772 653 intelligi-

390 675 464 710 tur
485 681 557 711 vas
580 664 700 726 quod
721 664 936 725 liquorem
960 665 1090 725 capit.
1419 674 1431 682 ·

914 775 1150 829 QUAEsrlo
1181 777 1262 816 Ln.

449 878 566 929 Qum
593 885 657 920 est
688 874 811 936 quod
844 876 923 932 ait,
959 895 980 918 «
1015 877 1074 920 Et
1107 890 1431 936 quemeumque
1466 875 1674 933 tetigerit,
1700 875 1776 935 qui

393 964 413 988 »
447 946 633 991 fluorem
655 946 827 991 seminis
849 946 1027 1006 patitur,
1053 954 1095 990 et
1117 961 1271 990 manus
1294 961 1390 990 suas
1409 961 1497 990 non
1517 945 1623 990 lavit
1643 961 1773 1005 aqua,
1832 950 1835 962 ¹

393 1035 413 1058 »
448 1016 612 1062 lavabit
648 1017 926 1072 vestimenta,
963 1026 1007 1061 et
1037 1016 1201 1062 lavabit
1231 1033 1388 1077 corpus
1415 1031 1544 1061 suum
1575 1032 1708 1077 aqua,
1733 1026 1776 1061 et

393 1106 413 1129 »
447 1087 700 1132 immundus
719 1087 800 1132 erit
817 1103 956 1148 usque
973 1088 1019 1130 in
1035 1103 1258 1148 vesperam
1270 1089 1316 1132 1?
1340 1106 1360 1129 »
1382 1087 1596 1145 Ambigue
1613 1087 1776 1148 quippe

388 1160 579 1220 positum
607 1169 670 1204 est
691 1160 812 1220 quod
840 1160 920 1214 ait,
960 1179 981 1202 ‹<
1015 1162 1171 1205 Manus
1203 1175 1299 1204 suas
1329 1176 1420 1204 non
1451 1159 1557 1204 lavit
1588 1174 1722 1219 aqua,
1751 1177 1772 1200 »
1802 1158 1831 1199 ,’
1871 1180 1872 1183 ¹

389 1231 510 1275 velut
526 1240 807 1291 posteaquam
829 1231 1031 1288 tetigerit.
1056 1230 1141 1275 Sed
1159 1231 1495 1290 intelligendum
1525 1239 1604 1287 est,
1623 1245 1777 1290 quem-

389 1318 579 1363 eumque
600 1318 690 1347 non
716 1302 815 1346 lotis
837 1302 1038 1347 manibus
1064 1303 1267 1362 tetigerit,
1291 1303 1383 1362 ipse
1406 1317 1538 1365 quem
1565 1302 1772 1361 tetigerit,

389 1373 554 1419 lavabit
574 1373 852 1429 vestimenta,
877 1382 962 1417 ete.

914 1470 1151 1521 QUAESTIO
1181 1472 1281 1512 11111ἦ

450 1578 485 1618 Ι.
518 1577 634 1628 Qum
666 1583 749 1629 est,
784 1573 907 1634 quod
938 1589 1039 1617 cum
1075 1573 1331 1633 praeeiperet
1360 1572 1584 1633 quomodo
1614 1573 1776 1617 intrare

389 1646 568 1690 deberet
585 1644 781 1689 sacerdos
803 1659 996 1690 summus
1019 1644 1065 1687 in
1088 1646 1316 1700 Sanctum,
1337 1643 1457 1704 quod
1479 1653 1542 1687 est
1563 1644 1676 1687 intra
1698 1659 1751 1688 ve
1767 1668 1777 1676 -
1825 1669 1828 1676 ·

389 1715 498 1771 lum,
517 1716 698 1759 aitinter
711 1725 865 1760 caetera
885 1735 893 1760 :
915 1734 935 1757 «
957 1718 1013 1759 Et
1032 1714 1227 1758 exorabit
1242 1730 1321 1774 pro
1337 1714 1494 1758 sanetis
1512 1714 1566 1757 ab
1585 1714 1776 1758 immun-

392 1805 412 1827 »
448 1785 563 1831 ditiis
581 1786 770 1831 filiorum
788 1784 941 1840 Isra'e'l,
967 1794 1010 1829 et
1032 1785 1087 1828 ab
1109 1784 1329 1844 injustitiis
1348 1799 1522 1841 eorum,
1545 1792 1587 1827 θῖ
1605 1783 1659 1827 de
1678 1800 1775 1828 om-

392 1875 412 1898 »
448 1857 576 1900 nibus
598 1856 783 1916 peccatis
806 1857 1013 1900 eorum2P
1030 1874 1049 1896 >›
1068 1854 1299 1908 Quomodo
1318 1870 1420 1914 ergo
1441 1870 1520 1914 pro
1542 1856 1720 1911 sanctis,
1741 1856 1775 1900 si

386 1927 441 1971 ab
463 1926 747 1971 immunditiis
775 1926 964 1972 filiorum
991 1925 1123 1969 Isra'e'l
1144 1934 1187 1969 et
1209 1925 1263 1970 ab
1293 1925 1512 1986 injustitiis
1540 1941 1693 1970 eorum
1721 1925 1776 1970 de

384 1998 588 2043 omnibus
626 1997 812 2058 peccatis
848 1999 1030 2041 eorum?
1058 2000 1128 2041 An
1157 1997 1259 2057 quia
1287 2013 1377 2041 non
1405 1997 1486 2053 ait,
1529 2016 1549 2039 «
1583 2000 1666 2041 Pro
1693 1998 1776 2041 im-

384 2070 607 2114 munditiis
625 2068 813 2113 filiorum
833 2067 959 2123 Iiuel,
984 2067 1096 2112 »sed
1124 2088 1143 2110 «
1169 2068 1224 2112 ab
1241 2068 1544 2124 immunditiis‚
1565 2086 1584 2110 1)
1599 2069 1683 2113 hoe
1703 2069 1774 2113 in-

386 2139 670 2198 telligendum
699 2149 784 2194 θεῖ,
821 2158 841 2181 (ι
872 2139 1080 2183 Exorabit
1107 2155 1187 2199 pro
1220 2139 1375 2183 sanctis
1409 2139 1464 2183 ab
1487 2139 1774 2184 immunditiis

393 2232 411 2253 »
447 2209 636 2255 filiorum
670 2210 822 2266 Israel,
861 2228 880 2251 »
918 2209 964 2254 id
993 2220 1077 2266 est,
1106 2227 1186 2271 pro
1216 2211 1274 2255 eis
1305 2210 1381 2271 qui
1416 2211 1552 2255 saneti
1585 2221 1686 2255 sunt
1720 2211 1774 2255 ab

384 2281 669 2326 immunditiis
702 2281 891 2326 filiorum
922 2281 1073 2337 Israfil,
1107 2298 1198 2326 non
1226 2283 1543 2326 consentientes
1576 2283 1769 2329 immun-

385 2352 499 2397 ditiis
524 2368 700 2397 eorum:
726 2369 815 2397 non
833 2352 933 2412 quia
957 2368 1035 2412 pro
1058 2353 1157 2413 ipsis
1181 2362 1354 2397 tantum
1373 2352 1641 2397 exorandum
1661 2363 1769 2408 orat,

384 2423 459 2467 sed
482 2424 583 2484 quia
605 2424 734 2468 etiam
762 2439 840 2483 pro
862 2423 985 2482 ipsis,
1012 2438 1066 2466 ne
1089 2424 1319 2483 quisquam
1350 2432 1526 2482 putaret
1548 2423 1606 2466 ita
1639 2423 1770 2467 fuisse

385 2504 575 2550 sanctos,
601 2505 650 2539 ut
677 2494 785 2538 nihil
810 2503 919 2538 esset
951 2493 1066 2537 unde
1088 2509 1166 2553 pro
1195 2494 1253 2537 eis
1276 2503 1545 2548 exoraretur,
1571 2494 1770 2553 quamvis
1823 2536 1826 2540 .

387 2575 495 2628 esset
519 2566 574 2609 ab
595 2565 882 2610 immunditiis
914 2563 1103 2608 liliorum
1128 2564 1255 2609 [srael
1283 2573 1326 2608 et
1358 2564 1413 2608 ab
1447 2564 1666 2624 injustitiis
1688 2579 1765 2608 eo-

439 2669 447 2684 ¹
465 2661 567 2695 Levil.
585 2672 654 2703 xm,
674 2660 729 2704 [29.
749 2678 790 2685 —
817 2668 829 2684 ²
843 2661 890 2693 Id.
913 2671 980 2703 xvi,
1009 2660 1059 2692 16.
