1872 3267
400 167 484 207 512
827 178 861 206 s.
895 175 1126 206 Auous'rim
1157 179 1338 207 EPlscom

853 278 1088 328 QUAESTIO
1120 281 1331 319 XXXVIII.

408 612 428 634 n
464 594 598 653 que¹:
626 611 646 634 »
672 591 792 653 quod
813 591 872 635 ita
891 590 1172 650 intelligitur,
1197 593 1404 653 quoniam
1420 593 1683 638 abominatio
1701 596 1790 638 Do-

409 664 527 709 mino
548 667 639 708 Deo
657 672 733 708 tuo
746 672 825 718 est,
843 672 886 707 et
904 663 987 707 hoc
1002 678 1092 707 non
1104 679 1241 707 unum
1253 665 1427 720 horum,
1445 663 1520 708 secl
1537 673 1787 724 utrumque.

409 738 471 779 De
492 750 599 779 cane
625 734 787 794 quippe
807 743 926 779 vetat
947 733 1040 777 fieri
1067 734 1453 779 commutationem
1478 734 1793 794 primogenito-

412 820 530 860 rum,
557 820 689 865 quam
705 805 831 865 jubet
862 803 956 848 fieri
977 803 1031 847 de
1059 804 1150 848 aliis
1180 803 1415 848 immundis
1443 804 1724 860 animalibus,
1750 803 1796 848 id

411 883 496 931 est,
522 875 643 935 equis
664 884 707 919 et
734 874 886 930 asinis,
923 883 967 918 et
997 874 1030 918 si
1055 872 1164 934 quid
1191 883 1254 918 est
1275 890 1426 919 eorum
1457 891 1555 935 quae
1589 875 1797 935 adjuvant

412 946 651 1001 hominem,
677 954 720 989 et
740 945 874 990 latine
898 961 921 989 a
932 944 1127 1005 juvando
1144 946 1343 1005 jumenta
1363 945 1584 988 dicuntur.
1613 948 1675 989 De
1692 961 1798 989 cane

414 1025 560 1061 autem
584 1016 745 1070 noluit,
771 1025 920 1060 utrum
942 1024 986 1059 et
1010 1015 1065 1059 de
1082 1030 1240 1074 porco,
1271 1024 1314 1059 et
1338 1031 1471 1076 quare
1494 1014 1704 1071 noluerit,
1731 1031 1800 1059 re-

415 1085 679 1147 quirendum
707 1094 769 1129 est·
801 1105 808 1129 :
835 1095 876 1129 et
904 1085 938 1129 si
968 1084 1022 1128 de
1046 1085 1247 1129 omnibus
1278 1084 1435 1130 talibus
1463 1085 1626 1140 noluit,
1666 1101 1801 1145 quare
1828 1092 1832 1159 ξ

416 1156 556 1202 solum
572 1172 723 1201 canem
736 1156 817 1199 isto
829 1155 1168 1214 locoexceptum
1186 1155 1350 1200 feeerit.
1369 1159 1431 1200 De
1446 1156 1643 1200 mercede
1656 1165 1802 1200 autem
1828 1162 1832 1204 i

418 1227 655 1272 meretricis
674 1236 724 1270 ut
740 1226 902 1270 diceret
919 1261 928 1281 ,
946 1226 1119 1269 videtur
1142 1241 1191 1270 ea
1214 1241 1302 1270 esse
1321 1242 1463 1281 eausa,
1483 1227 1585 1287 quia
1606 1226 1804 1286 superius
1828 1205 1832 1238 1
1852 1216 1872 1240 “

418 1298 692 1359 prohibuerit
714 1314 804 1342 esse
823 1298 1093 1342 meretricem
1115 1297 1169 1341 de
1187 1296 1360 1341 filiabus
1383 1297 1514 1341 Israe'l
1528 1333 1538 1353 ,
1560 1307 1635 1341 aut
1655 1313 1804 1358 quem·

420 1385 552 1430 quam
565 1369 753 1414 filiorum
766 1368 898 1412 Israel
909 1368 974 1412 uti
991 1368 1251 1423 meretrice‘2,
1262 1377 1306 1412 et
1317 1384 1371 1411 ne
1383 1369 1636 1428 subreperet
1649 1369 1806 1427 cogita-

425 1440 545 1494 tioni,
559 1439 720 1498 expiari
737 1455 860 1498 posse
877 1439 958 1482 hoc
979 1447 1219 1497 peecatum,
1232 1439 1264 1482 si
1277 1438 1442 1498 aliquid
1456 1438 1557 1483 inde
1577 1439 1808 1483 offerretur

422 1512 467 1555 in
490 1510 701 1570 templum
716 1545 726 1565 ,
749 1509 985 1554 dicendum
1006 1508 1089 1553 fuit
1110 1508 1230 1569 quod
1245 1509 1298 1553 sit
1319 1509 1585 1555 abominatio
1602 1509 1803 1555 Domino.

900 1606 1136 1655 QUAEsrlo
1169 1608 1343 1645 xxxix.

431 1798 451 1820 «
476 1782 532 1822 Et
563 1775 767 1821 auferetis
799 1775 1037 1833 malignum
1068 1790 1117 1818 ex
1154 1775 1276 1820 vobis
1298 1775 1445 1834 ipsis³.
1475 1794 1493 1816 >›
1526 1776 1706 1820 Assidue
1728 1777 1812 1822 hoc

428 1848 534 1892 dicit
558 1848 804 1906 Scriptura,
838 1861 938 1890 cum
964 1845 1092 1905 jubet
1116 1844 1254 1888 occidi
1286 1844 1420 1889 malos
1447 1862 1458 1889 .·
1485 1862 1572 1906 qua
1593 1846 1813 1891 locutione

428 1934 530 1962 usus
559 1927 623 1961 est
658 1917 787 1961 etiam
821 1914 1079 1975 Apostolus,
1115 1930 1213 1959 eum
1243 1914 1411 1959 diceret-
1441 1935 1448 1959 :
1492 1935 1512 1958 «
1548 1917 1665 1969 Quid
1698 1917 1814 1960 enim

434 2008 453 2030 »
490 1988 598 2032 mihi
632 1987 685 2031 de
718 1987 766 2030 iis
801 1986 877 2046 qui
910 1986 1011 2030 soris
1042 1995 1143 2029 sunt
1169 1984 1404 2045 judicare?
1441 1989 1538 2031 Non
1571 1987 1625 2030 de
1655 1987 1704 2031 iis
1738 1987 1814 2048 qui
1871 1989 1872 1992 ’

433 2077 454 2100 >›
489 2059 605 2102 intus
621 2067 723 2102 sunt
737 2073 810 2101 vos
822 2056 1052 2117 judicatis?
1065 2054 1243 2100 Auferte
1257 2056 1419 2101 malum
1432 2073 1481 2101 ex
1498 2057 1621 2101 vobis
1638 2057 1775 2116 ipsis&
1792 2076 1811 2098 »

430 2133 540 2175 Nam
558 2145 726 2189 graecus
743 2128 875 2173 habet
893 2137 941 2169 τὴν
959 2136 1097 2181 mmm,
1117 2127 1239 2187 quod
1263 2128 1391 2172 etiam
1410 2128 1480 2172 hie
1498 2128 1707 2188 seriptum
1724 2137 1787 2173 est
1804 2148 1813 2172 :

431 2202 515 2245 boe
537 2209 680 2244 autem
705 2199 848 2259 potius
871 2198 1110 2256 malignum
1129 2197 1237 2241 solet
1253 2197 1547 2257 interpretari,
1568 2215 1698 2259 quam
1721 2215 1816 2243 ma-

433 2270 541 2314 lum.
568 2274 656 2316 Nee
673 2270 732 2314 ait
752 2278 784 2309 τὸ
803 2277 939 2322 πονηρὸν,
960 2269 1005 2312 id
1021 2278 1099 2323 cst,
1119 2270 1202 2314 hoc
1220 2268 1457 2328 malignum
1476 2290 1486 2326 3
1511 2268 1586 2313 sed
1607 2278 1655 2310 τὸν
1672 2278 1821 2324 ητα-μηρὸν,

434 2340 554 2401 quod
569 2350 633 2384 est
648 2376 658 2394 ,
687 2342 805 2385 hunc
828 2339 1084 2398 malignum.
1110 2343 1173 2384 Ex
1196 2355 1284 2400 quo
1307 2348 1484 2399 apparet
1513 2332 1611 2383 eum
1634 2339 1818 2383 voluisse

435 2411 644 2470 intelligi,
670 2411 745 2471 qui
768 2410 932 2471 aliquid
954 2410 1039 2454 tale
1061 2410 1289 2466 commisit,
1309 2420 1358 2454 ut
1375 2410 1823 2455 excommunicatione.

459 2548 464 2551 ·
486 2515 492 2531 ¹
512 2512 707 2550 Dcut.xx111,
730 2509 777 2540 ιδ.
808 2525 844 2529 -
867 2507 982 2539 ²1bid.
1011 2518 1060 2549 ¹7·
1078 2525 1117 2530 —-
1141 2505 1366 2550 31d.xx1v,7.
1388 2524 1428 2530 -—-
1452 2505 1468 2531 4
1496 2518 1506 2538 1
1526 2509 1720 2548 Cor.v,12‚
1744 2507 1793 2539 13.
1812 2520 1834 2529 ··
