1872 3267
368 234 451 275 314
790 249 823 275 s.
859 246 1089 276 Anausnm
1120 249 1301 276 EPISCOPI

366 313 500 358 habet
522 319 698 364 ἀφαίρεμα.
719 311 947 372 Appellata
969 323 1033 358 est
1054 323 1200 358 autem
1218 313 1428 374 demptio,
1453 330 1505 360 eo
1523 315 1642 376 quod
1662 316 1742 360 sibi

367 383 560 428 demeret
577 383 654 444 qui
674 384 859 429 Domino
881 384 1068 429 afferret.

836 495 1070 544 QUAESTIO
1101 495 1266 536 CLXIX.

427 599 662 643 NARRANTE
675 599 826 654 Moyse
837 607 1225 642 commemoratum
1238 607 1300 642 est
1317 596 1438 659 quod
1452 597 1492 641 ei
1507 597 1618 642 dixit
1634 601 1750 643 Deus

368 667 423 712 de
446 666 634 711 Beseleel
656 666 818 711 eisdem
839 667 983 712 verbis
1005 684 1053 712 ac
1080 668 1285 724 totidem,
1310 668 1430 729 quod
1457 684 1559 713 eum
1592 669 1749 728 imple-

369 739 478 783 verit
502 738 665 797 Spiritu
686 738 833 783 divino
864 738 1109 797 sapientire,
1135 748 1178 783 et
1198 738 1444 784 intellectus
1462 775 1472 795 ,
1498 749 1542 784 et
1562 740 1752 784 scientiae

372 810 427 854 ad
459 809 728 854 tabernaculi
759 825 889 869 opera
915 809 1138 864 facienda,
1175 821 1273 871 quae
1307 811 1528 871 pertinent
1555 811 1610 855 ad
1642 820 1753 855 artes

371 880 579 940 opificum
592 882 604 906 ¹
623 899 631 924 :
651 879 771 924 unde
793 880 902 940 quid
924 881 1049 925 nobis
1065 879 1287 925 videretur
1304 883 1394 942 jam
1415 880 1642 926 diximus2.
1670 881 1755 928 Sed

370 950 469 995 ideo
494 966 614 995 nunc
641 951 722 995 hoc
742 951 860 995 idem
881 952 1313 996 commemorandum
1335 952 1507 1012 putavi,
1532 952 1635 1012 quia
1665 967 1755 996 non

370 1020 530 1065 frustra
548 1021 710 1065 eisdem
728 1022 906 1066 omnino
928 1022 1071 1067 verbis
1085 1023 1317 1082 repetitum
1339 1032 1424 1078 est,
1451 1022 1611 1083 quibus
1631 1032 1756 1066 antea

372 1093 512 1150 Moysi
538 1109 561 1136 a
582 1093 766 1136 Domino
788 1092 932 1137 fuerat
964 1093 1228 1138 intimatum.
1253 1097 1363 1139 Sane
1391 1109 1506 1139 novo
1540 1109 1659 1138 more
1686 1094 1757 1138 hic

373 1179 439 1207 ars
473 1163 807 1207 architectonica
834 1165 1106 1223 perhibetur,
1144 1165 1351 1224 opificum
1380 1180 1428 1209 ex
1455 1181 1561 1209 auro
1578 1200 1589 1220 ,
1616 1174 1659 1208 et
1687 1181 1756 1209 ar-

373 1243 503 1292 gento
518 1270 528 1289 ,
556 1243 598 1278 et
620 1249 900 1294 quocumque
923 1234 1120 1288 metallo,
1141 1251 1243 1280 cum
1264 1235 1336 1279 illa
1353 1235 1438 1280 dici
1458 1235 1593 1281 soleat
1614 1236 1757 1280 archi-

374 1304 588 1350 tectonica
600 1339 611 1361 ,
631 1320 730 1366 quae
750 1305 1018 1366 pertinet-ad
1035 1304 1218 1350 fabricas
1236 1305 1536 1352 aedificiorum.

867 1415 1103 1466 QUAEsrio
1135 1416 1283 1455 CLXX.

439 1536 459 1557 «
480 1519 544 1561 ΕΤ
566 1531 715 1561 omnes
745 1517 821 1577 qui
851 1525 1005 1576 sponte
1025 1515 1188 1561 vellent
1218 1516 1279 1560 ire
1307 1516 1362 1560 ad
1387 1531 1544 1576 opera,
1575 1525 1625 1561 ut
1661 1532 1762 1561 con-

380 1606 400 1629 »
436 1597 705 1632 summarent
726 1602 791 1642 ea,
818 1596 860 1631 et
881 1595 1142 1646 acceperunt
1164 1601 1188 1630 a
1208 1589 1356 1643 Moyse
1374 1601 1523 1630 omnes
1544 1585 1763 1646 demptio-
1826 1614 1828 1622 ν

380 1678 399 1701 »
436 1660 551 1702 nesss.
576 1678 595 1700 »
619 1662 671 1702 In
692 1658 888 1702 notitiam
911 1667 1084 1702 tantum
1104 1661 1275 1715 Moyses
1297 1657 1477 1717 pertulit
1498 1673 1598 1718 quse
1616 1659 1763 1702 Domi·
1826 1680 1827 1686 ¹

378 1746 459 1774 nus
495 1745 624 1789 opera
658 1730 751 1773 fieri
782 1729 1060 1789 praeceperit,
1099 1727 1430 1772 tabernaculum
1463 1727 1626 1773 scilicet
1663 1744 1763 1773 cum

378 1800 582 1844 omnibus
610 1815 710 1859 quae
732 1800 777 1843 in
799 1814 850 1843 eo
870 1808 1031 1854 essent,
1062 1807 1105 1842 et
1126 1807 1263 1843 vestes
1284 1798 1570 1842 sacerdotales
1596 1819 1605 1843 :
1632 1801 1763 1844 Com·
1824 1803 1826 1810 '

379 1870 634 1914 memoravit
669 1878 814 1914 autem
842 1868 1075 1930 quosdam,
1103 1869 1263 1930 quibus
1288 1870 1394 1913 dixit
1419 1870 1626 1929 Spiritum
1658 1869 1765 1915 divi-

380 1941 496 1984 nitus
529 1941 679 1984 datum
699 1975 709 1994 ,
744 1956 830 1999 quo
863 1939 935 1983 illa
963 1940 1133 1984 efficere
1162 1949 1336 1998 possent
1363 1960 1371 1984 :
1397 1949 1608 1984 ettamen
1637 1941 1764 1984 multi
1823 1956 1825 2006 ᾇ

379 2009 686 2068 intelliguntur
702 2019 855 2069 sponte
873 2010 927 2054 ad
943 2009 1094 2054 eadem
1113 2026 1242 2070 opera
1260 2010 1426 2055 venisse
1443 2011 1604 2070 quibus
1621 2027 1764 2071 neque
1822 2021 1824 2061 ζ

381 2082 642 2139 imperatum
672 2089 755 2134 cst,
786 2096 865 2124 nec
888 2096 1038 2124 eorum
1063 2082 1238 2125 nomina
1267 2090 1602 2125 commemorata
1620 2091 1720 2125 sunt
1742 2097 1765 2125 a
1822 2102 1823 2114 π

383 2150 568 2195 Domino
595 2150 708 2193 dicta
740 2151 894 2208 Moysi.
920 2153 1017 2196 Non
1045 2167 1147 2210 ergo
1169 2150 1232 2195 illi
1255 2150 1333 2196 soli
1361 2152 1443 2195 hoc
1471 2167 1630 2195 munus
1653 2150 1765 2196 divi·
1821 2174 1823 2181 ι

383 2222 499 2265 nitus
536 2220 812 2275 habuerunt,
852 2221 927 2281 qui
961 2222 1217 2265 nominatim
1249 2231 1660 2277 commemorantur,
1692 2223 1765 2266 sed

385 2291 562 2336 sortasse
574 2293 792 2352 praecipue
805 2301 936 2352 atque
954 2291 1249 2337 excellentius.
1263 2293 1526 2338 Laudandus
1541 2303 1605 2337 est
1621 2303 1764 2338 autem

383 2364 428 2406 in
456 2364 521 2406 his
553 2363 757 2407 omnibus
780 2379 869 2407 non
892 2372 1098 2407 attractus
1122 2363 1175 2408 ad
1203 2380 1310 2423 opus
1338 2363 1546 2409 serviliter
1575 2365 1762 2419 animus,

384 2434 460 2477 sed
481 2433 716 2482 liberaliter
736 2440 778 2479 ct
799 2443 953 2493 sponte
970 2434 1169 2479 devotus.

433 2539 440 2554 ¹
465 2532 562 2563 Exod.
582 2542 679 2573 xxxv,
703 2543 751 2573 ¹9.
769 2549 810 2554 —
827 2539 839 2555 ²
853 2532 928 2564 Vide
945 2543 1034 2574 supra
1060 2537 1168 2574 quaest.
1185 2543 1332 2565 cxxxviii.
1348 2549 1388 2554 —-
1406 2531 1418 2556 3
1435 2533 1533 2566 Etod.
1554 2541 1709 2574 xxxvi,2,
1729 2534 1757 2564 ζ’».
