1872 3267
417 234 471 272 92
837 241 870 271 s.
907 240 1136 272 Aucus-mm
1168 243 1350 271 Emscom

474 308 589 352 XLI.
614 325 633 348 α
661 306 704 351 Si
721 315 867 351 autem
885 305 1078 352 fueritin
1095 318 1137 353 te
1157 323 1318 368 egenus
1331 309 1377 352 in
1393 306 1599 352 fratribus
1616 307 1722 354 tuis¹
1742 327 1751 353 :
1769 326 1790 350 η

415 393 505 422 non
526 377 604 421 uni
625 376 819 432 homini,
840 376 915 421 sed
934 377 1098 438 populo
1115 378 1273 423 dicitur
1286 414 1297 435 ,
1323 378 1421 424 ideo
1442 378 1526 422 «in
1546 387 1604 422 te.
1624 395 1645 420 »
1668 399 1670 402 .

472 449 611 491 XLII.
640 465 661 488 «
688 447 731 491 Si
751 455 896 490 autem
915 446 1104 493 fueritin
1125 457 1167 493 te
1182 464 1339 507 egenus
1359 448 1405 492 in
1422 446 1626 492 fratribus
1643 448 1728 493 tuis
1747 448 1795 494 in
1844 472 1847 518 ξ

417 536 437 559 »
459 533 546 561 una
567 517 792 562 civitatum
829 527 1030 575 tuarum,
1067 520 1114 563 in
1138 529 1251 564 terra
1279 534 1411 580 quam
1443 519 1653 563 Dominus
1680 522 1794 563 Deus

416 605 436 630 >›
459 596 558 632 tuus
575 586 650 632 dat
667 588 750 632 tibi
765 623 775 643 ,
803 604 892 632 non
915 598 1077 634 avertes
1098 605 1171 634 cor
1193 600 1319 634 tuum
1333 625 1344 645 ‚
1365 604 1509 649 neque
1530 589 1796 647 constringes
1842 603 1845 621 ¹

416 675 436 699 »
463 673 640 701 manum
656 667 775 702 tuam
799 675 821 703 a
840 658 970 703 fratre
992 668 1068 703 tuo
1090 669 1242 718 egente
1267 679 1275 704 :
1301 659 1494 719 aperiens
1516 659 1678 718 aperies
1700 673 1796 703 ma-
1841 707 1843 718 ζ

415 745 436 769 >›
461 743 542 772 nus
560 737 656 773 tuas
676 729 730 784 ei,
745 729 891 773 foenus
910 729 1144 773 foenerabis
1166 731 1204 772 ei
1217 738 1622 790 quantumcumque
1640 737 1796 789 postu-

415 815 435 839 »
452 798 528 852 lat,
546 808 589 843 et
600 809 815 859 quantum
829 803 958 858 eget‘2.
977 817 997 841 »
1015 799 1095 844 Hic
1108 809 1222 844 certe
1234 815 1336 844 cum
1348 815 1477 860 opera
1492 797 1796 843 misericordiae
1838 852 1841 859 Ι

412 869 658 928 praecipiat‚
689 884 779 913 non
812 870 965 930 utiquc
997 885 1228 914 usurarum
1261 869 1493 915 crudelitas
1524 869 1796 929 suscipienda
1837 920 1839 930 χ

412 947 475 981 est
502 958 510 982 ε
536 938 654 983 unde
688 949 865 1000 apparet
897 939 1016 1000 quod
1046 940 1130 995 ait,
1163 959 1183 982 «
1221 943 1385 984 Foenus
1413 939 1646 984 foenerabis
1679 939 1745 996 ei,
1771 957 1791 981 »
1836 990 1838 999 y

411 1018 566 1054 mutuo
587 1010 782 1054 dandum
806 1010 927 1071 quod
947 1010 1187 1070 postularet
1222 1010 1404 1069 intelligi
1440 1009 1639 1056 voluisse.
1666 1008 1795 1063 Quod
1836 1004 1837 1058 l

412 1089 558 1124 autem
576 1081 649 1136 ait,
668 1082 911 1141 «Aperiens
934 1082 1096 1142 aperies
1108 1097 1263 1127 manus
1276 1091 1388 1138 tuas,
1401 1100 1421 1123 »
1434 1081 1520 1126 tale
1536 1090 1600 1126 est
1615 1090 1658 1125 et
1674 1079 1795 1141 quod
1834 1107 1836 1139 J

410 1152 626 1211 sequitur,
669 1170 689 1194 «
723 1151 870 1197 foenus
900 1151 1161 1209 foenerabis,
1201 1172 1221 1194 »
1262 1153 1418 1198 usitata
1448 1151 1611 1198 locutio
1648 1161 1712 1197 est
1748 1152 1793 1198 in
1833 1170 1835 1207 2

412 1223 641 1281 Scripturis
657 1224 827 1268 sanctis.

467 1295 631 1337 XLIII.
648 1295 760 1338 Cum
773 1293 827 1337 de
840 1309 943 1338 aure
958 1293 1262 1354 pertundenda
1277 1293 1387 1338 servi
1401 1293 1687 1353 praecepisset,
1704 1294 1794 1337 «Et
1830 1279 1833 1332 s
1859 1318 1861 1321 v

414 1380 433 1403 >›
455 1362 656 1407 ancillam
672 1399 682 1418 ,
707 1364 870 1424 inquit⁷
896 1373 1016 1408 tuam
1038 1364 1166 1408 facies
1186 1363 1380 1408 similiter
1394 1365 1407 1390 ³
1427 1383 1436 1408 ;
1458 1383 1476 1405 »
1500 1363 1793 1408 accusativum
1830 1353 1832 1407 ἶ
1858 1398 1859 1401 ¹

409 1447 488 1491 pro
512 1431 658 1478 dativo
675 1449 857 1493 ponens,
874 1450 964 1479 non
985 1434 1044 1478 ait
1064 1454 1072 1479 :
1103 1454 1123 1476 «
1143 1433 1326 1479 Ancillae
1348 1444 1436 1479 tuae
1455 1432 1582 1479 facies
1597 1468 1609 1490 ,
1631 1452 1652 1476 »
1673 1432 1792 1494 quod
1828 1473 1830 1499 ξ

408 1501 639 1548 locutionis
661 1514 819 1549 nostrae
836 1505 1105 1549 consuetudo
1125 1506 1347 1564 poscebat.

467 1575 624 1618 XLIV.
654 1593 675 1617 «
702 1575 745 1620 Si
766 1584 911 1619 autem
937 1574 1071 1619 suerit
1100 1576 1147 1618 in
1172 1591 1223 1619 eo
1259 1575 1439 1631 vitium,
1479 1573 1686 1619 claudum
1718 1583 1793 1618 aut
1826 1569 1828 1618 ἰ
1863 1597 1866 1621 ι

411 1661 432 1685 »
459 1659 646 1700 caecum,
671 1644 740 1689 vel
762 1661 891 1690 omne
912 1646 1067 1690 vitium
1085 1646 1305 1690 malum4:
1344 1663 1364 1687 »
1398 1660 1489 1690 non
1512 1645 1597 1701 ait,
1622 1644 1792 1690 claudi·
1825 1635 1827 1669 3
1863 1675 1866 1678 -

407 1714 541 1769 catio,
563 1724 638 1759 aut
665 1716 854 1771 caecitas,
875 1716 963 1775 ipsa
987 1716 1103 1760 enim
1131 1725 1232 1760 sunt
1261 1716 1389 1774 vitia3
1411 1715 1487 1760 sed
1511 1735 1532 1758 «
1557 1714 1761 1760 claudum
1776 1750 1788 1772 ,

410 1795 495 1829 «et
531 1801 694 1830 caecum
710 1822 721 1842 ,
759 1805 778 1827 »
805 1787 921 1847 quod
946 1796 1047 1831 sunt
1079 1803 1168 1832 non
1199 1787 1301 1831 vitia
1318 1822 1328 1842 ‚
1355 1787 1430 1831 sed
1455 1785 1654 1831 animalia
1690 1802 1791 1847 quae
1822 1799 1823 1802 ’

405 1856 570 1900 habent
598 1856 715 1901 vitia.
742 1859 836 1901 Hoc
857 1873 1033 1918 quoque
1049 1857 1293 1902 notandum
1314 1867 1397 1913 cst,
1422 1856 1543 1918 quod
1565 1857 1648 1912 ait,
1678 1875 1698 1899 «
1722 1857 1791 1902 vi-

411 1943 430 1967 »
457 1926 567 1970 tium
588 1926 754 1970 malum
770 1962 780 1982 ‚
808 1945 829 1967 »
855 1928 978 1987 quasi
999 1937 1142 1987 posset
1164 1943 1253 1972 esse
1274 1927 1427 1972 vitium
1446 1927 1628 1971 boumn.

464 1998 598 2041 XLV.
629 2016 648 2038 ‹<
673 2000 730 2041 Et
753 2012 842 2041 non
860 1998 1046 2042 dormiet
1067 1998 1121 2042 dc
1138 1998 1362 2053 carnibus,
1383 1998 1436 2042 de
1449 1998 1609 2058 quibus
1632 1997 1789 2042 immo-

409 2085 429 2109 »
455 2066 643 2112 laveritis
675 2083 851 2128 vespere
888 2069 958 2113 die
986 2070 1127 2128 primo
1150 2084 1288 2129 usque
1310 2069 1355 2112 in
1381 2070 1534 2112 mane⁵
1556 2088 1565 2113 z
1594 2087 1614 2110 »
1639 2083 1718 2127 pro
1736 2083 1789 2113 eo
1817 2062 1819 2069 ’

404 2137 525 2198 quod
548 2147 632 2193 est,
668 2157 687 2180 «
713 2154 802 2185 non
833 2139 1074 2183 remanebit
1096 2154 1144 2184 ea
1166 2148 1315 2194 nocte,
1341 2154 1430 2184 non
1452 2138 1679 2184 dormiet»
1699 2138 1791 2182 dic-
1816 2135 1817 2148 ¹

406 2217 502 2252 tum
524 2218 601 2252 est.

462 2280 618 2322 XLVI.
644 2297 665 2320 «
684 2279 781 2323 Non
799 2279 953 2323 offeres
970 2279 1155 2324 Domino
1170 2281 1258 2323 Deo
1271 2289 1347 2324 tuo
1359 2278 1546 2323 vitulum
1559 2278 1629 2323 vel
1644 2294 1785 2334 ovem,
1812 2298 1813 2324 ᾗ
1866 2261 1867 2265 ¹

407 2367 428 2390 »
454 2348 499 2392 in
522 2364 610 2409 quo
632 2358 695 2392 est
716 2349 761 2392 in
780 2349 872 2408 ipso
892 2349 1074 2393 vitium⁵
1099 2369 1106 2392 :
1133 2368 1151 2390 n
1175 2350 1330 2394 usitata
1351 2349 1515 2394 locutio
1533 2359 1666 2404 esset,
1696 2368 1714 2389 «
1741 2350 1785 2393 in
1810 2387 1811 2390 ,

408 2436 428 2458 »
452 2433 541 2478 quo
563 2426 629 2462 est
644 2418 799 2462 vitium
821 2438 828 2461 ε
859 2438 878 2460 »
904 2420 980 2462 sed
1001 2419 1080 2462 ista
1104 2419 1332 2478 Scripturis
1354 2429 1418 2463 cst
1440 2419 1651 2464 usitatior.

452 2521 460 2536 ¹
488 2517 582 2547 Dent.
605 2526 669 2556 xv,
694 2525 726 2556 7.
752 2531 794 2538 -
822 2515 932 2547 ²1bid,
953 2514 986 2554 8,
1011 2526 1043 2555 ς).
1073 2531 1113 2538 --
1147 2512 1160 2536 3
1179 2514 1257 2546 thid.
1290 2525 1339 2557 ις.
1362 2531 1403 2538 --
1425 2513 1436 2545 'u
1455 2515 1534 2546 lbid.
1556 2523 1610 2547 21.
1634 2531 1674 2537 -
1696 2512 1778 2545 5111.

406 2580 472 2611 xvi,
495 2569 525 2612 f..
544 2588 584 2594 --
603 2568 678 2602 ⁶111.
700 2581 779 2612 xvn,
806 2581 832 2601 ι.
1807 2560 1808 2568 ¹
