1872 3267
323 187 592 225 Qtsas‘rioixes
625 190 669 215 lN
701 189 889 215 Genesim
908 205 919 225 ‚
956 189 1036 215 Lus.
1076 190 1104 214 1.
1334 176 1409 216 141

28 252 211 314 amplius
232 269 365 314 quam
386 252 591 298 tredecim
608 268 824 298 annorum
843 268 952 313 puer
965 253 1009 297 in
1024 254 1228 298 humeros
1249 254 1413 308 matris,

28 339 127 370 cum
159 333 256 368 utre
289 333 332 369 et
359 324 571 384 panibus,
605 322 731 368 nimis
759 323 999 369 absurdum
1027 333 1091 368 est
1119 333 1169 368 ut
1194 325 1418 384 impositus

26 410 114 441 esse
135 394 353 440 credatur.
377 397 519 448 Quam
536 393 662 439 facile
675 404 822 439 autem
847 394 1029 440 solvitur
1050 395 1250 456 quaestio,
1276 396 1309 440 si
1328 411 1418 440 non

27 465 337 512 subaudiamus
362 465 592 525 imposuit,
618 464 693 510 sed
717 464 852 510 dedit.
879 465 1007 511 Dedit
1031 465 1146 510 enim
1169 466 1414 522 Abraham,

26 537 137 583 sicut
155 536 364 596 scriptum
383 545 462 592 est,
482 536 610 581 matri
634 536 726 596 ejus
744 552 876 596 panes
891 546 1106 592 etuti-em,
1123 552 1223 597 quae
1237 535 1310 581 illa
1332 537 1417 580 im-

27 608 169 669 posuit
186 607 231 652 in
254 608 459 652 humeros
481 622 596 652 suos.
623 609 736 652 Cum
753 617 898 652 autem
916 607 1175 669 adjunctum
1191 616 1235 651 et
1251 606 1418 652 dictum

26 689 90 725 est
113 699 133 723 «
153 689 197 724 et
218 695 421 741 puerum⁷
443 697 463 720 »
491 679 779 724 subaudimus
802 679 940 737 dedit,
966 679 1043 742 qui
1064 694 1197 740 panes
1214 688 1257 725 et
1275 687 1414 725 utrem

26 749 226 809 dederet3
250 766 340 797 non
362 751 409 795 in
431 750 636 796 humeros
658 750 878 811 imposuit.

530 849 768 898 Qulsssrio
799 850 900 888 [Ν.

90 972 109 994 «
137 954 321 996 Dersscm·
339 960 483 995 autem
505 966 617 1012 aqua
642 949 697 995 de
720 960 837 1006 utre,
863 959 906 994 et
929 950 1110 1011 projecit
1132 965 1319 1010 puerum
1336 950 1418 996 sub

28 1041 48 1065 »
83 1038 217 1068 unam
239 1022 424 1067 abietem
442 1057 452 1077 ‚
480 1031 524 1066 et
545 1022 761 1076 discessit,
787 1030 831 1065 et
852 1020 1002 1065 sedere
1019 1020 1154 1081 coepit
1183 1031 1335 1067 eontra
1362 1021 1418 1066 il-

27 1111 48 1135 »
83 1093 176 1138 lum
209 1093 339 1152 longe
371 1102 586 1154 quantum
623 1108 746 1137 arcus
780 1091 946 1149 mittit3
986 1090 1094 1136 dixit
1126 1092 1243 1137 enim
1275 1112 1284 1138 ε
1322 1095 1419 1138 Non

27 1184 47 1206 n
82 1164 240 1209 videbo
278 1173 460 1209 mortem
493 1163 568 1207 filii
604 1164 714 1218 mei‚
743 1172 786 1207 et
807 1162 918 1207 sedit
937 1172 1089 1207 eontra
1117 1179 1233 1208 eum.
1261 1163 1418 1208 Excla-

30 1257 46 1278 »
81 1251 204 1280 mans
227 1244 372 1279 autem
397 1250 506 1295 puer
543 1233 763 1294 ploravit:
796 1243 840 1277 et
861 1233 1081 1278 exaudivit
1118 1237 1233 1279 Deus
1265 1250 1419 1280 vocem

28 1326 48 1349 »
82 1308 205 1368 pueri
228 1306 282 1351 de
304 1307 402 1351 loeo
431 1306 508 1350 ubi
525 1315 640 1351 erat:
658 1315 701 1350 et
721 1305 891 1351 vocavit
910 1306 1104 1365 Angelus
1125 1306 1202 1351 Dei
1223 1310 1341 1366 Agar
1364 1307 1420 1351 de

27 1397 47 1420 »
103 1377 216 1424 coelo
233 1413 243 1433 ‚
276 1387 319 1422 et
341 1377 452 1421 dixit
480 1377 543 1421 ei:
570 1377 687 1430 Quid
707 1387 785 1433 est,
811 1377 1071 1436 AgarPNoli
1089 1377 1263 1434 timere,
1285 1394 1419 1423 exau-

9 1467 48 1511 ¹»
82 1449 190 1494 divit
204 1448 321 1493 enim
340 1451 455 1493 Deus
467 1463 619 1493 vocem
635 1447 712 1491 lilii
728 1448 792 1492 tui
806 1448 970 1493 deloco
988 1450 1032 1493 in
1050 1465 1139 1510 quo
1157 1459 1234 1494 est.
1256 1452 1392 1509 Surge
1405 1485 1416 1505 ,

9 1513 47 1586 ι»
83 1529 126 1564 et
147 1520 294 1579 accipe
322 1534 531 1579 puerum,
557 1528 601 1562 et
621 1528 718 1562 tene
743 1518 932 1563 illumin
960 1536 1094 1564 manu
1116 1530 1202 1565 tua.
1231 1524 1282 1565 In
1303 1536 1422 1580 mag-

27 1609 47 1633 »
82 1606 182 1634 nam
211 1589 327 1634 enim
350 1598 525 1648 gentem
547 1587 703 1633 faciam
727 1588 897 1632 illum1.
928 1609 947 1631 »
978 1590 1096 1635 Solet
1118 1591 1271 1651 quaeri,
1305 1607 1418 1651 quo-

24 1660 155 1708 modo
178 1676 278 1705 cum
306 1675 415 1720 puer
441 1668 551 1704 esset
571 1674 787 1704 annorum
809 1659 995 1720 amplius
1013 1659 1264 1721 quindecim
1278 1697 1288 1717 ‚
1313 1677 1418 1721 pro-

18 1732 169 1793 jecerit
200 1746 301 1775 eum
331 1739 470 1775 mater
493 1731 575 1775 sub
601 1730 823 1786 arborem,
853 1740 896 1774 et
920 1731 1017 1775 ierit
1042 1731 1172 1791 longe
1201 1741 1418 1793 quantum

25 1819 145 1848 arcus
158 1802 312 1857 mittit,
332 1817 387 1845 ne
404 1801 572 1846 videret
593 1818 694 1846 eum
711 1802 972 1847 morientem
990 1824 1000 1861 3
1016 1803 1138 1864 quasi
1152 1804 1267 1848 enim
1285 1820 1417 1865 quem

13 1864 224 1933 {portabat
264 1872 520 1932 projecerit,
561 1871 619 1916 ita
656 1871 831 1916 videtur
869 1888 1023 1917 sonare
1065 1873 1187 1933 quod
1226 1874 1388 1919 dicitur
1403 1909 1414 1929 ‚

12 1939 207 2011 {maxime
221 1945 323 2006 quia
338 1945 559 2005 sequitur,
582 1963 600 1985 «
618 1942 760 1988 Flevit
773 1946 912 2004 puer?
933 1963 953 1985 »
983 1943 1068 1989 Sed
1081 1944 1417 2005 intelligendum

14 2013 89 2061 ‘est
114 2018 356 2077 projectum
379 2031 470 2059 esse
493 2031 583 2059 non
607 2031 630 2059 a
650 2024 854 2074 portante
873 2051 884 2070 ‚
905 2015 983 2060 sed
1001 2025 1050 2060 ut
1071 2016 1121 2060 fit
1136 2051 1146 2071 ,
1168 2016 1222 2060 ab
1246 2017 1414 2073 animo,

30 2095 232 2148 tanquam
270 2087 552 2132 moriturum.
588 2089 740 2146 Neque
769 2086 887 2130 enim
920 2086 1040 2147 quod
1071 2087 1280 2147 scriptum
1324 2097 1413 2146 est3

33 2178 52 2200 «
86 2159 308 2219 Projectus
331 2174 427 2203 sum
445 2175 468 2202 a
486 2158 596 2202 facie
618 2157 848 2203 oculorum
867 2167 1046 2203 tuorum
1064 2163 1079 2184 Ἰ
1093 2194 1103 2214 ‚
1123 2177 1142 2200 >›
1159 2159 1417 2219 portabatur

29 2229 102 2290 qui
127 2231 211 2274 hoc
239 2229 365 2274 dixit.
390 2233 446 2274 Et
471 2239 534 2274 est
562 2230 608 2274 in
639 2229 896 2290 quotidiano
927 2229 1137 2291 loquendi
1171 2247 1274 2287 usu,
1316 2247 1417 2276 cum

28 2301 175 2362 projici
199 2301 358 2347 dicitur
376 2301 530 2362 aliquis
553 2301 608 2346 ab
631 2301 778 2362 aliquo
802 2317 902 2346 cum
927 2318 1015 2363 quo
1039 2311 1151 2357 erat,
1177 2318 1232 2347 ne
1264 2303 1318 2346 ab
1341 2303 1416 2347 illo

29 2370 219 2417 videatur
241 2381 318 2417 aut
350 2387 452 2417 cum
476 2371 552 2417 illo
580 2381 767 2417 maneat.
794 2371 1139 2432 Intelligendum
1174 2382 1238 2417 est
1268 2382 1415 2417 autem

18 2407 145 2541 {quod
173 2443 393 2503 Scriptura
424 2443 584 2497 tacuit,
616 2442 675 2487 ita
704 2443 943 2488 discessisse
966 2452 1149 2488 matrem
1175 2459 1198 2487 a
1226 2443 1336 2497 filio,
1366 2451 1417 2487 ut

20 2557 22 2589 ᾗ
79 2543 86 2562 ¹
109 2541 189 2573 Gen.
212 2539 405 2581 xx1,1C-iS.
421 2555 460 2563 ·-
483 2545 496 2563 ²
517 2539 596 2572 l‘sal.
618 2550 694 2580 xxx,
721 2540 775 2572 23.
