1872 3267
270 210 538 245 QUAEsnoNEs
572 210 616 236 liv
651 209 1051 245 DEUTERONOMtUM‚
1088 210 1169 234 mu.
1208 210 1247 235 v.
1366 197 1448 234 515

64 281 165 317 runt
183 276 319 318 Deum
335 309 345 329 ,
372 289 451 318 cur
472 274 517 317 in
540 273 709 317 tertiam
734 282 777 317 et
798 282 997 333 quartam
1018 272 1357 331 generationem,
1381 270 1454 316 vel

62 345 346 403 praetermissa
378 345 517 404 prima
544 353 587 388 et
609 342 796 387 secunda
814 379 823 398 ,
844 343 913 388 vel
935 359 1025 387 non
1048 344 1176 387 etiam
1204 343 1250 387 in
1272 351 1449 387 caeteras

62 424 344 474 permanente
373 415 594 475 impietate
616 423 659 459 et
685 415 928 459 imitatione
955 414 1170 458 malorum
1195 424 1444 474 parentum.

61 489 131 530 An
149 500 225 545 per
246 486 364 530 hunc
386 500 634 540 numerum,
655 485 862 545 quoniam
886 485 1153 545 septenarius
1173 483 1447 543 intelligitur,

62 555 386 602 universitatem
409 555 651 615 significare
674 555 833 601 voluit:
855 565 898 600 et
921 556 1019 601 ideo
1038 571 1127 601 non
1144 556 1286 615 ipsum
1306 555 1453 615 potius

63 627 356 687 septenarium
378 627 538 686 posuit,
558 636 604 671 ut
619 626 781 671 diceret
802 628 847 670 in
868 628 1094 687 septimam
1109 627 1448 684 generationem,

65 713 114 742 ac
130 697 189 741 sic
210 698 350 742 omnis
365 696 704 756 intelligeretur·⁷
724 698 826 758 quia
839 713 1011 742 causam
1028 696 1306 758 perfectionis
1322 697 1455 756 hujus

66 769 252 824 numeri,
279 769 361 813 hoc
383 768 517 814 modo
534 770 677 829 potius
699 770 943 814 intimavit?
965 769 1071 814 Ideo
1094 784 1284 830 namque
1306 767 1455 828 pei-hia

68 842 196 885 betur
226 839 446 900 perfectus
462 877 473 897 ,
507 841 610 902 quia
647 856 696 885 ex
731 841 796 885 his
828 841 1002 885 duobus
1037 850 1232 896 constat,
1269 839 1461 884 ternario·

68 912 228 957 scilicet
250 913 390 972 primo
406 914 560 973 impari
578 922 687 968 toto,
709 923 752 957 et
768 914 1047 974 quaternario
1070 913 1213 973 primo
1229 912 1322 972 pari
1345 920 1453 956 toto.

71 984 195 1030 Unde
229 1000 319 1030 esse
350 995 392 1029 et
423 984 534 1029 illud
556 986 862 1045 propheticum
890 986 1112 1040 existimo,
1148 984 1268 1046 quod
1291 983 1462 1028 assidue

70 1056 280 1116 repetitur
301 1073 309 1097 :
341 1075 361 1098 «
386 1059 436 1100 In
459 1056 599 1101 tribus
626 1066 670 1100 et
692 1066 882 1117 quatuor
902 1056 1198 1116 impietatibus
1222 1071 1312 1099 non
1334 1066 1460 1099 aver-

75 1145 95 1167 »
130 1127 279 1172 sabor¹
308 1147 316 1172 :
344 1146 365 1168 ³>
393 1143 468 1187 per
484 1127 604 1188 quod
623 1126 761 1172 voluit
778 1127 1021 1186 impietates
1043 1127 1265 1172 universas
1289 1126 1456 1187 potius,

72 1213 205 1258 quam
227 1207 312 1243 tres
326 1198 395 1244 vel
417 1207 606 1259 quatuor
626 1197 824 1256 intelligi.

565 1295 802 1344 QUAESTIO
835 1296 970 1335 XLIII.

138 1416 158 1439 «
183 1399 279 1442 Non
301 1395 539 1441 declinabis
555 1395 772 1456 judicium
801 1395 1003 1451 advenae,
1031 1405 1074 1440 et
1095 1396 1307 1456 orphani,
1334 1405 1378 1441 et
1397 1397 1467 1442 vi-

79 1486 100 1510 »
135 1467 250 1512 duae.
281 1470 379 1512 Non
400 1467 645 1527 pignerabis
667 1467 975 1511 vestimentum
995 1465 1138 1511 viduae
1154 1471 1186 1511 2.
1215 1486 1236 1508 )›
1262 1470 1353 1512 Cur
1375 1482 1466 1512 non

78 1541 136 1585 ait
165 1557 172 1580 :
216 1560 236 1582 «
265 1543 323 1584 Et
358 1555 448 1584 non
477 1539 721 1599 pignerabis
754 1539 1063 1583 vestimentum
1096 1541 1279 1584 eorum?
1304 1558 1324 1581 »
1360 1542 1470 1593 Quae

78 1612 195 1657 enim
214 1627 341 1655 causa
363 1619 448 1666 est,
480 1619 530 1653 ut
547 1610 680 1653 trium
706 1609 888 1654 istorum
903 1610 1121 1670 judicium
1143 1610 1362 1655 declinare
1389 1627 1468 1656 ve-

79 1682 234 1738 tuerit,
272 1682 428 1741 pignus
451 1690 596 1724 autem
627 1679 786 1724 auferri
812 1681 1120 1726 vestimentum
1143 1682 1275 1726 solius
1296 1681 1443 1726 viduae
1458 1718 1470 1737 ‚

80 1769 171 1798 non
192 1762 235 1796 et
255 1752 464 1796 illorum?
485 1752 565 1796 nisi
586 1754 688 1813 quia
703 1753 869 1813 judicia
897 1754 1094 1798 omnium
1115 1754 1316 1800 facienda
1338 1769 1474 1813 prop-

82 1835 196 1871 terea
215 1824 561 1879 commendavit,
582 1825 684 1885 (plia
702 1841 791 1870 non
812 1826 978 1871 habent
996 1844 1018 1871 a
1041 1828 1202 1888 quibus
1225 1827 1472 1873 defendan-

84 1906 156 1941 tur
178 1897 266 1941 sive
289 1895 478 1950 advena,
503 1896 606 1956 quia
627 1896 672 1940 in
695 1905 806 1940 terra
835 1896 973 1941 aliena
996 1908 1086 1949 est3
1114 1899 1202 1944 sive
1222 1900 1446 1959 orphanus
1463 1937 1475 1956 ,

84 1967 130 2012 id
147 1977 209 2012 est
226 2003 237 2023 ‚
262 1967 457 2028 pupillus
473 2002 483 2021 ‚
504 1967 606 2027 quia
628 1968 882 2026 parentibus
905 1978 1049 2026 earet3
1074 1969 1164 2014 sive
1189 1970 1344 2027 vidua,
1371 1972 1476 2033 quia

87 2040 290 2083 maritum
308 2054 398 2082 non
414 2038 560 2081 habet.
582 2037 745 2096 Pignus
765 2053 868 2083 vero
891 2052 992 2083 eum
1014 2041 1220 2099 prohibet
1236 2043 1478 2088 vestimen-

0 2124 6 2148 ι
27 2137 29 2171 ἶ
88 2119 181 2154 tum
199 2107 358 2153 auferri
380 2107 525 2153 viduae
544 2143 554 2162 ⁷
579 2117 687 2167 puto
705 2109 827 2169 quod
847 2110 948 2154 satis
971 2108 1190 2168 eleganter
1212 2112 1446 2159 admoneat
1463 2150 1474 2170 ,

27 2186 29 2223 ἶ
89 2196 157 2225 eas
183 2195 284 2225 vere
304 2179 509 2223 dicendas
536 2194 625 2222 esse
648 2178 799 2225 viduas
816 2216 827 2235 ⁷
848 2197 948 2241 quae
975 2181 1105 2225 etiam
1124 2198 1336 2242 pauperes
1354 2194 1472 2230 sunt.

91 2251 142 2296 ld
171 2251 287 2295 enim
314 2260 357 2294 et
385 2249 620 2310 Apostolus
652 2249 874 2294 evidenter
903 2252 1121 2310 ostendit3
1157 2254 1234 2297 ubi
1257 2255 1344 2300 ait:
1386 2275 1406 2298 «
1435 2257 1480 2302 Si

0 2337 9 2353 ··
27 2370 33 2377 ,Δ
94 2341 113 2364 »
148 2338 235 2382 qua
254 2330 399 2365 autem
415 2319 546 2364 vidua
562 2320 671 2364 filios
688 2330 764 2365 aut
779 2331 957 2381 nepotes
971 2323 1119 2378 habet,
1134 2322 1270 2369 diseat
1287 2327 1478 2386 primum

2 2420 5 2433 1
95 2411 115 2434 »
150 2392 331 2437 domum
353 2406 474 2435 suam
495 2390 565 2450 pie
578 2399 777 2446 tractare,
801 2401 844 2436 et
857 2401 1056 2437 mutuam
1073 2393 1211 2438 vicem
1224 2397 1479 2455 parentibus

97 2478 117 2504 »
152 2462 332 2507 reddere
352 2481 362 2506 ι
390 2462 475 2506 hoc
497 2460 612 2505 enim
645 2470 872 2521 acceptum
893 2471 957 2508 est
977 2476 1123 2510 coram
1142 2466 1343 2512 Domino.
1369 2470 1482 2522 Quae·

145 2569 153 2584 ¹
181 2563 286 2594 Amos.
307 2572 331 2602 ι,
347 2560 376 2593 3.
401 2577 443 2583 —-
459 2566 471 2584 ²
487 2562 584 2593 Deut.
607 2570 695 2601 xx1v,
714 2570 763 2601 17-

1228 2620 1293 2660 33.
