1872 3267
333 253 590 285 Locunorms
621 252 676 281 mr
710 250 930 292 LEVITICO,
964 254 1047 282 Lm.
1083 255 1148 282 111.
1381 242 1438 283 59

53 343 74 367 »
107 322 382 368 immunditia
404 326 495 377 ejus
513 355 524 375 ,
562 333 696 380 quam
719 317 753 362 si
774 318 964 376 tetigerit
998 320 1276 380 inquinetur,
1307 328 1352 365 et
1371 318 1439 364 la-

51 414 72 438 »
106 394 189 439 tuit
211 409 334 448 eum,
359 400 454 452 post
476 391 558 434 hoc
582 398 731 434 autem
747 390 1065 448 cognoveritet
1093 389 1345 451 diliquerit¹
1370 409 1380 435 z
1409 409 1432 432 »

51 479 150 512 cum
172 473 291 508 recto
321 461 475 507 ordine
508 459 749 505 dicendum
776 469 907 516 esset,
932 479 954 503 «
985 469 1029 505 et
1055 459 1306 522 deliquerit,
1341 470 1439 521 post

54 552 75 579 »
107 537 191 581 hoc
211 543 357 579 autem
379 531 646 592 cognoverit.
669 549 690 572 »

110 620 210 662 VII.
252 636 272 659 «
298 617 457 660 Anima
475 615 511 659 si
539 613 716 659 latuerit
737 628 838 658 eum
865 613 1101 671 oblivione,
1132 623 1177 659 et
1196 614 1444 675 peccaverit

56 702 77 732 5)
110 685 262 733 nolens
279 687 323 731 2:
352 704 373 727 »
395 702 485 731 non
505 686 564 731 ait
586 704 595 730 :
620 704 641 728 <c
670 685 712 730 Si
733 684 909 730 latuerit
929 701 1046 741 eam,
1075 703 1096 727 »
1121 685 1333 746 quoniam
1355 685 1446 729 ani-

53 774 166 805 mam
195 770 277 819 pro
306 758 484 802 homine
521 756 669 817 ponit,
701 756 813 800 sicut
836 756 941 801 facit
969 765 1013 801 et
1033 756 1079 802 in
1102 755 1216 813 aliis,
1242 755 1318 801 ubi
1351 756 1445 800 ani-

54 845 167 875 mam
184 830 304 890 prius
324 827 445 885 dicit,
461 839 560 890 quae
581 827 748 888 generis
766 826 983 872 foeminini
1005 835 1084 884 est,
1099 837 1249 889 postea
1270 834 1444 872 mascu-

48 902 188 947 linum
209 899 340 945 infert
363 916 498 960 genus
527 899 581 945 ad
604 899 833 944 hominem
856 897 1065 944 referens.
1100 899 1186 945 Sed
1208 899 1279 944 hic
1303 899 1446 944 multo

56 980 120 1018 est·
141 972 235 1016 haec
267 971 431 1016 locutio
465 971 671 1031 pressior,
703 971 912 1032 quoniam
953 971 1244 1015 continuatim
1273 979 1447 1015 utrum-

54 1051 138 1106 que
161 1058 294 1102 genus
317 1043 509 1103 positum
531 1052 610 1098 est,
636 1051 686 1087 ut
708 1042 942 1098 diceretur,
972 1061 992 1084 «
1019 1043 1178 1086 Anima
1210 1042 1245 1086 si
1269 1035 1448 1086 latuerit

57 1135 79 1158 »
114 1131 227 1159 eum.
256 1133 276 1156 »
303 1117 406 1159 Haec
431 1113 596 1159 locutio
619 1114 778 1158 terruit
807 1113 1066 1174 interpretes
1096 1112 1272 1169 latinos,
1301 1123 1343 1158 et
1361 1129 1444 1158 no-

54 1187 230 1231 luerunt
257 1199 352 1229 eam
389 1184 644 1241 transferre,
684 1183 760 1229 sed
793 1185 852 1228 ita
882 1193 1154 1244 posuerunt:
1179 1204 1200 1227 «
1234 1184 1391 1229 Anima
1415 1186 1449 1230 si

57 1272 78 1300 >2
114 1274 200 1319 qua
221 1255 411 1311 latuerit,
432 1265 476 1300 et
496 1256 740 1316 peccaverit
762 1271 852 1300 non
870 1255 1038 1312 volens,
1065 1274 1086 1298 »
1113 1262 1215 1300 cum
1244 1249 1366 1300 aliud
1394 1256 1449 1300 sit

55 1329 208 1389 utique
226 1327 260 1371 si
282 1326 425 1371 anima
441 1325 589 1382 lateat,
611 1324 729 1371 aliud
751 1327 785 1370 si
804 1326 992 1370 animam
1012 1325 1143 1371 lateat
1163 1348 1172 1372 :
1192 1328 1278 1372 hoc
1301 1335 1449 1372 autem

58 1399 277 1459 Scriptura
305 1396 412 1441 dicit
435 1417 454 1439 «
482 1397 525 1442 Si
545 1397 678 1441 lateat
710 1412 827 1454 eam,
857 1416 876 1439 »
903 1413 1009 1454 non,
1036 1396 1069 1442 si
1092 1398 1184 1458 ipsa
1211 1398 1359 1442 lateat.
1396 1400 1450 1442 In

56 1478 196 1531 graeco
229 1478 377 1514 autem
415 1467 499 1513 alio
525 1469 792 1525 invenimus,
826 1469 1081 1514 «Animam
1122 1470 1155 1512 'si
1192 1468 1370 1513 latuerit
1401 1483 1450 1513 ea

54 1559 77 1584 »
111 1539 330 1585 oblivione
354 1556 362 1581 τ
386 1556 409 1581 >›
434 1534 510 1584 sed
533 1540 665 1584 etiam
686 1540 777 1599 ipse
803 1540 850 1583 in
873 1539 1245 1599 ¹consequentibus
1268 1555 1446 1584 mascu-

55 1611 196 1655 linum
218 1608 367 1653 intulit
398 1609 544 1654 dicens
571 1626 581 1651 :
609 1629 627 1651 «
654 1608 860 1655 Sacerdos
883 1602 1078 1654 exorabit
1100 1625 1180 1670 pro
1219 1626 1292 1666 eo,
1310 1619 1354 1654 et
1381 1609 1451 1654 di-

59 1700 82 1724 »
115 1681 313 1725 mittetur
358 1678 447 1723 illi3
469 1714 480 1734 ,
503 1698 523 1719 »
561 1680 684 1738 quod
716 1680 777 1721 ibi
807 1680 941 1724 habet
972 1689 1073 1724 αὐτῶ.
1115 1680 1238 1725 Unde
1274 1680 1453 1741 apparet

58 1752 312 1811 scriptorem
333 1749 526 1794 timuisse
547 1748 842 1793 soloecismum
855 1785 865 1804 ,
900 1766 981 1796 nec
1010 1753 1158 1795 tamen
1178 1767 1454 1812 perseverare

59 1821 249 1884 potuisse
269 1821 316 1864 in
345 1835 501 1879 genere
523 1818 754 1865 foeminino
780 1820 944 1866 victum
968 1821 1186 1868 evidentia
1219 1823 1454 1883 Scripturae

62 1892 379 1954 consequentis.

117 1977 240 2020 VlII.
269 1993 290 2017 «
315 1977 403 2019 Ista
417 1972 729 2019 holocaustosis
752 1989 882 2034 super
895 1974 1191 2020 incensionem
1213 1976 1305 2037 ejus
1324 1991 1455 2037 super

63 2065 86 2090 »
113 2044 247 2091 altare
268 2055 405 2090 totam
427 2055 603 2090 noctem
621 2061 760 2106 usque
783 2046 828 2090 in
849 2062 994 2102 mane,
1025 2057 1069 2092 et
1089 2047 1199 2106 ignis
1222 2047 1364 2092 altaris
1387 2064 1457 2093 ar-

64 2136 86 2160 »
119 2117 240 2163 debit
259 2133 388 2178 super
407 2116 574 2161 illud4:
604 2135 624 2158 »
652 2117 797 2176 potuit
824 2133 914 2162 non
946 2118 1130 2175 habere,
1163 2129 1207 2164 et
1239 2129 1370 2180 atque
1398 2121 1458 2165 ita

64 2184 162 2244 diei,
192 2207 212 2230 «
244 2198 379 2233 totam
408 2197 583 2232 noctem
616 2203 754 2248 usque
782 2188 829 2232 in
859 2204 986 2233 mane
1015 2189 1126 2248 ignis
1159 2187 1304 2235 altaris
1328 2189 1456 2235 arde-

68 2277 88 2301 »
121 2258 199 2303 hit.
238 2278 257 2301 »
297 2258 380 2304 Sed
412 2257 560 2303 addita
604 2258 683 2303 ista
718 2260 970 2320 conjunctio
1010 2259 1114 2306 facit
1147 2262 1456 2306 obscuritatem

64 2331 129 2375 his
153 2331 227 2391 qui
259 2331 305 2375 in
336 2329 492 2376 talibus
517 2330 838 2391 Scripturarum
858 2331 1154 2379 locutionibus
1187 2351 1277 2380 non
1308 2349 1457 2379 assue-

69 2399 169 2446 facti
186 2411 302 2447 sunt.

128 2478 204 2528 IX.
230 2503 250 2525 «
276 2486 362 2529 Ista
380 2483 448 2528 lex
470 2485 685 2541 sacrificii,
709 2485 831 2547 quod
861 2486 1055 2531 offerunt
1078 2487 1188 2533 illud
1211 2487 1290 2533 filii
1310 2491 1457 2534 Aaron

118 2598 128 2614 ¹
150 2593 226 2625 Lev.
247 2603 278 2635 v,
299 2593 318 2625 3
335 2610 376 2615 —-—
398 2600 410 2616 ³
429 2593 510 2626 Ibid.
538 2594 587 2627 15.
608 2611 648 2617 --
669 2592 784 2630 ³1bid.
804 2596 856 2629 16.
873 2613 915 2620 —-
933 2594 949 2625 l,
970 2595 1051 2629 ibid.
1081 2599 1134 2638 69.
