1872 3267
409 302 492 341 340
848 316 880 340 s.
918 313 1145 343 AUGUSTINI
1179 316 1354 343 Episcopi

407 377 559 438 procul
583 377 718 422 dubio
742 386 864 421 erant
891 378 1094 439 obliqua:
1121 380 1327 440 quoniam
1344 379 1441 439 plns
1463 379 1576 424 inter
1598 395 1641 424 se
1665 390 1785 440 pate-

407 449 514 493 bant
542 463 595 491 ex
627 448 707 492 hac
736 456 859 507 parte
887 447 964 491 ubi
993 449 1217 493 habebant
1248 449 1390 493 media
1421 449 1569 494 cubita
1596 449 1785 509 triginta,

404 534 537 580 quam
559 533 609 561 ex
629 517 703 562 illa
726 527 847 577 parte
872 518 948 561 ubi
967 518 1188 563 habebant
1209 517 1352 563 media
1366 519 1512 564 cubita
1534 520 1702 578 viginti.
1724 523 1789 566 lta

404 589 477 634 illa
505 588 656 633 decem
683 588 829 634 cubita
860 586 1183 647 capillaciorum
1207 588 1404 634 velorum
1421 624 1431 644 ,
1459 589 1582 650 quod
1609 598 1701 634 erat
1726 589 1788 636 di-

402 658 586 705 midium
619 658 883 703 abundantis
904 657 1208 717 longitudinis,
1240 675 1339 719 quae
1371 659 1659 718 proficiebant
1685 675 1786 720 pos-

405 731 549 777 teriori
570 731 681 791 parti
710 729 996 785 tabernaculi,
1020 730 1104 775 hoc
1133 739 1211 786 est,
1246 729 1514 775 Occidentali
1531 765 1542 786 ,
1573 730 1684 776 sicut
1706 731 1787 777 alia
1812 771 1814 773 ,

403 801 555 846 decem
585 800 873 860 proficiebant
894 799 1027 860 priori
1049 800 1176 859 parti,
1216 800 1261 844 id
1284 810 1362 855 est,
1394 799 1620 857 Orientali,
1646 801 1789 862 quinis

403 872 559 917 cubitis
586 870 865 931 complebant
882 880 1095 916 tecturam
1114 871 1299 916 laterum
1315 871 1489 916 illorum
1505 907 1515 927 ,
1536 888 1635 932 quae
1652 887 1788 931 graece

404 950 523 996 πλάγια,
545 941 657 986 dicta
689 951 812 996 sunt,
840 941 940 985 inde
962 941 1157 1002 quinque
1180 951 1223 985 et
1243 942 1345 986 hinc
1376 942 1584 1002 quinque.
1611 945 1719 996 Quae
1753 944 1786 988 si

401 1009 654 1066 defuissent,
672 1012 783 1055 dena
797 1011 946 1056 cubita
958 1021 1208 1070 tegerentur
1227 1012 1272 1055 in
1293 1010 1470 1055 eiisdem
1492 1009 1723 1068 lateribus,
1744 1022 1787 1058 01

402 1082 536 1142 quina
554 1081 672 1126 nuda
691 1091 847 1126 essent.
875 1084 1044 1141 Itaque,
1066 1090 1281 1142 quantum
1298 1081 1606 1137 mihividetur,
1631 1082 1787 1127 melius

401 1152 656 1211 intelligitur
678 1153 780 1197 hinc
799 1168 887 1197 esse
905 1152 1093 1208 dictum,
1117 1172 1136 1194 «
1171 1153 1380 1198 Cubitum
1404 1168 1454 1196 ex
1474 1153 1557 1198 1100
1570 1189 1580 1209 ,
1598 1163 1641 1198 01
1658 1154 1784 1198 cubi-

404 1243 423 1267 »
448 1234 539 1267 111111
557 1240 607 1267 ex
622 1225 727 1279 hoc,
751 1239 800 1267 ex
823 1239 873 1267 eo
896 1222 1016 1283 quod
1040 1232 1214 1282 superat
1226 1222 1330 1267 velis
1352 1222 1406 1266 de
1418 1222 1692 1281 longitudine
1711 1241 1786 1269 ve-
1827 1256 1832 1262 -
1860 1238 1862 1270 1

399 1295 542 1340 lorum
568 1294 860 1350 tabernaculi,
890 1313 909 1336 »
936 1311 1024 1339 non
1046 1295 1147 1354 quia
1170 1296 1344 1349 erant¹,
1369 1310 1469 1338 cuni
1490 1295 1591 1339 hinc
1614 1304 1658 1339 et
1684 1295 1784 1340 inde

399 1366 534 1427 quina
563 1374 729 1422 essent,
758 1364 833 1409 scd
855 1364 956 1424 quia
979 1380 1029 1408 ex
1059 1363 1131 1407 illa
1153 1363 1427 1422 longitudine
1451 1363 1780 1420 redundabant,

401 1437 553 1496 inqua
585 1435 697 1479 binis
719 1434 876 1478 cubitis
904 1442 1027 1477 erant
1058 1433 1203 1477 aulaeis
1235 1433 1455 1493 capillacia
1485 1433 1706 1492 longiora,
1734 1451 1783 1479 ex

398 1507 559 1569 quibus
581 1505 752 1550 duobus
775 1505 931 1550 cubitis
948 1505 1291 1565 uniuscujusque
1307 1503 1392 1550 veli
1415 1504 1615 1549 cubitum
1632 1506 1783 1564 prose-

399 1588 515 1625 cerat
528 1576 870 1638 partiOrientali,
891 1577 1080 1621 restabat
1099 1576 1251 1636 utique
1266 1575 1449 1620 alterum
1462 1576 1659 1620 cubitum
1672 1578 1783 1636 parti

397 1647 683 1703 Occidentali,
720 1656 770 1691 ut
801 1647 1002 1691 cubitum
1041 1661 1093 1690 ex
1120 1647 1203 1691 1100
1240 1656 1350 1690 03301
1385 1655 1615 1704 contegens
1655 1663 1784 1706 super

400 1728 520 1774 πλάγιοι
531 1718 816 1764 tabernaculi.
834 1717 959 1762 Unde
980 1717 1146 1761 dictum
1175 1727 1253 1773 est,
1290 1736 1311 1761 ‹<
1334 1717 1445 1762 Hinc
1465 1726 1595 1777 atque
1616 1718 1717 1762 hinc
1735 1728 1782 1763 ut
1832 1716 1835 1717 ⁷

399 1792 585 1850 operiat,
615 1809 634 1831 ³>
657 1791 757 1850 quia
780 1806 868 1834 non
891 1789 1113 1849 operiebat
1132 1798 1292 1845 totum,
1317 1788 1351 1833 si
1374 1788 1526 1833 eadem
1548 1789 1681 1849 quina
1702 1805 1781 1834 011-

399 1862 488 1905 bita
511 1860 763 1905 defuissent.

455 1935 620 1976 XVIII.
646 1934 772 1977 Nunc
799 1931 888 1990 jam
919 1931 1125 1990 quoniam
1148 1928 1246 1973 satis
1269 1929 1539 1989 disputatum
1561 1939 1644 1984 est,
1670 1947 1781 1991 quo-

396 2001 526 2046 modo
545 2002 616 2046 illa
631 2001 775 2046 omnia
792 2000 1073 2059 intelligenda
1091 2002 1190 2055 sint,
1213 2016 1312 2060 quae
1330 2000 1375 2043 in
1391 2000 1661 2045 *tabernaculi
1679 2017 1781 2046 con-
1844 2052 1845 2055 Ἴ
1870 2024 1872 2027 ·

394 2072 618 2116 stitutione
640 2070 902 2115 videbantur
925 2071 1130 2125 obscura,
1165 2070 1353 2114 breviter
1378 2071 1411 2114 si
1438 2086 1662 2128 possumus
1685 2072 1778 2115 eni-
1834 2081 1870 2117 ῑκ

398 2152 539 2187 tamur
557 2141 799 2195 ostendere,
824 2141 931 2201 quid
953 2141 1006 2185 sit
1028 2140 1178 2184 eadem
1201 2140 1490 2199 disputatione
1511 2139 1773 2185 confectum.

395 2212 464 2258 Ab
486 2210 720 2256 Occidente
737 2211 868 2269 igitur
890 2211 1149 2264 intrabatur,
1175 2219 1218 2253 et
1238 2210 1374 2269 prima
1396 2218 1485 2253 erat
1507 2209 1779 2268 ingrediendi

398 2292 521 2342 porta
543 2281 654 2337 atrii,
687 2296 785 2341 quae
808 2281 984 2340 patebat
1006 2281 1156 2338 viginti
1181 2280 1358 2334 cubitis,
1385 2289 1427 2324 et
1449 2280 1639 2324 habebas
1669 2297 1778 2340 qua-

397 2362 494 2398 tuor
515 2351 739 2396 columnas
756 2386 766 2406 ,
798 2350 956 2410 quibus
979 2350 1254 2409 dependebat
1283 2349 1427 2395 velum
1450 2350 1599 2408 viginti
1623 2350 1778 2394 cubitis

395 2432 617 2468 extentum
641 2457 650 2477 ,
683 2431 873 2466 erectum
926 2430 1071 2465 autem
1121 2421 1278 2465 cubitis
1321 2421 1515 2481 quinque
1535 2455 1546 2475 ,
1589 2430 1776 2481 quatuor

395 2493 479 2538 illis
507 2508 620 2552 saepe
649 2491 993 2536 commemoratis
1032 2491 1249 2535 coloribus
1281 2491 1501 2549 acu—picto
1537 2506 1666 2549 opere
1697 2506 1773 2535 va·
1803 2534 1806 2553 1

393 2566 516 2609 riato.
549 2567 639 2607 Hac
662 2572 785 2622 porta
809 2561 1053 2621 ingrediens
1080 2562 1372 2621 excipiebatur
1400 2561 1529 2616 atrio,
1561 2562 1682 2621 cujus
1710 2560 1773 2605 la-
1801 2561 1805 2612 1
1848 2557 1871 2616 ’,ΛΗ

438 2666 447 2682 ¹
471 2660 601 2691 Videtur
618 2659 759 2691 nonnihil
773 2659 825 2692 1110
844 2660 967 2692 ‹tce-se.
