1872 3267
384 164 466 204 136
812 175 847 204 s.
884 177 1114 209 Anous‘rnvx
1146 179 1328 207 nmscopx

379 239 691 297 malignitatem
716 240 1006 286 multitudinis
1029 242 1160 299 illius,
1186 243 1309 298 dixit,
1339 262 1358 286 α
1381 244 1422 288 Si
1437 243 1586 288 decem
1609 243 1668 288 ibi
1690 243 1760 288 in-

384 330 402 353 »
438 326 621 366 venero,
654 327 828 370 parcam
861 311 1072 358 universae
1103 314 1291 359 civitati¹
1324 334 1332 359 :
1362 333 1380 355 »
1409 323 1616 375 tanquam
1641 315 1676 358 si
1694 305 1762 359 ‹li-
1828 347 1837 362 ..
1871 346 1872 360 1

380 391 496 427 cerct
513 417 523 437 ,
554 401 573 423 (1
598 384 726 427 Certe
742 398 918 442 possum
935 399 1015 429 nec
1042 386 1135 445 pios
1156 401 1257 430 cum
1290 385 1431 445 impiis
1452 385 1654 444 perdere,
1681 401 1760 430 nec

378 463 525 497 tamen
542 462 770 512 propterea
788 454 927 513 impiis
948 470 1138 514 parcere,
1164 456 1267 516 quia
1284 455 1476 500 liberatis
1494 465 1537 500 et
1558 457 1760 515 separatis

377 523 480 567 inde
497 524 594 583 piis,
621 539 797 583 possum
814 524 954 584 impiis
975 524 1107 584 digna
1129 526 1390 586 rcpendcre,
1415 536 1458 571 et
1479 535 1625 570 tamen
1647 527 1680 570 si
1701 526 1761 570 ibi

377 595 679 651 inveniantur,
705 611 858 656 parco,
885 596 968 641 hoc
990 605 1073 652 est,
1099 599 1201 658 quia
1225 614 1305 643 nec
1327 607 1392 642 tot
1412 597 1474 641 ibi
1495 606 1671 657 possent
1691 598 1761 642 in-

377 666 558 711 veniri.»
579 666 681 710 Tale
695 665 931 727 aliquidest
948 666 1066 726 apud
1081 668 1328 724 Jeremiam,
1346 668 1423 712 ubi
1443 669 1521 713 ait:
1547 668 1762 713 «Circuite

381 753 401 777 »
433 736 522 781 vias
545 735 802 791 Jerusalem,
828 746 871 781 et
892 736 1050 792 videte,
1069 747 1112 782 et
1133 739 1315 799 quaerite
1336 738 1382 782 in
1404 738 1558 798 plateis
1582 739 1694 798 ejus,
1719 747 1764 783 et
1830 780 1832 800 ξ

382 824 403 847 »
439 807 686 865 cognoscite
707 808 741 851 si
757 808 985 852 invenietis
1006 809 1229 853 hominem
1248 808 1480 855 facientem
1489 809 1701 869 justitiam
1720 819 1762 854 ct

380 896 399 918 »
435 887 703 938 quaerentem
726 877 855 922 fidem
870 914 880 934 ,
906 887 949 923 et
969 879 1182 939 propitius
1199 895 1272 924 ero
1291 880 1475 939 peccatis
1499 883 1678 924 eorum2
1699 899 1709 924 ι
1738 898 1757 920 »

377 947 424 992 id
445 957 524 1000 est,
543 948 734 993 invenite
751 948 820 994 vel
833 965 988 1006 unum,
1009 958 1053 994 et
1070 965 1200 1010 parco
1219 950 1410 1009 caeteris,
1431 949 1481 994 ad
1503 965 1764 1010 exaggeran-
1830 966 1832 1014 ᾗ

379 1017 485 1063 dum
515 1029 559 1064 et
585 1018 1000 1076 demonstrandum,
1036 1020 1158 1082 quod
1185 1036 1265 1068 nec
1292 1037 1406 1067 unus
1435 1021 1497 1066 ibi
1523 1030 1667 1082 posset
1696 1022 1764 1066 in-

379 1104 533 1135 veum,
1573 1110 1576 1111 ⁷

884 1199 1121 1251 QUAEsrlo
1152 1201 1252 1239 xm.

438 1304 564 1356 Qum>
591 1302 781 1347 occurrit
804 1301 916 1346 Loth
935 1300 1132 1360 Angelis,
1154 1311 1197 1346 et
1211 1300 1406 1346 adoravit
1426 1301 1471 1345 in
1495 1300 1646 1345 faciem
1663 1337 1674 1358 ,
1699 1302 1764 1346 vi-

380 1372 510 1417 detur
540 1372 800 1416 intellexisse
828 1371 948 1433 quod
982 1371 1137 1430 Angeli
1167 1373 1332 1416 essent³
1355 1391 1364 1416 :
1400 1371 1475 1415 sed
1497 1387 1643 1416 rursus
1663 1387 1763 1416 cum

380 1460 451 1488 eos
474 1443 528 1487 ad
558 1442 839 1487 refectionem
862 1442 1053 1501 corporis
1074 1442 1250 1498 invitat,
1278 1458 1377 1502 quae
1400 1441 1657 1487 mortalibus
1685 1458 1764 1486 ne-

381 1514 560 1558 cessaria
585 1522 669 1568 est,
696 1513 869 1557 videtur
898 1521 1071 1572 putasse
1093 1512 1216 1572 quod
1246 1512 1444 1556 homines
1476 1521 1636 1557 essent:
1662 1527 1765 1571 ergo

381 1585 564 1646 quaestio
586 1583 780 1629 similiter
801 1582 983 1628 solvitur
999 1619 1009 1639 ,
1031 1593 1082 1628 ut
1103 1583 1243 1628 soluta
1265 1593 1329 1628 est
1351 1584 1395 1628 in
1421 1583 1561 1628 tribus
1594 1585 1671 1644 qui
1690 1599 1765 1628 ve-

381 1665 542 1702 nerunt
570 1656 625 1700 ad
652 1655 871 1700 Abraham
890 1690 900 1709 ,
936 1663 987 1698 ut
1024 1654 1243 1715 aliquibus
1277 1654 1405 1712 signis
1433 1664 1658 1714 appareret
1694 1671 1765 1701 eos

382 1726 589 1772 divinitus
617 1726 792 1780 missos,
825 1725 900 1785 qui
930 1733 1076 1768 tamen
1103 1725 1300 1769 homines
1325 1724 1619 1769 crederentur.
1654 1727 1765 1771 Nam

379 1799 463 1842 hoc
485 1797 589 1841 etin
609 1796 818 1856 Epistola,
844 1811 943 1856 quae
961 1805 1023 1840 est
1045 1795 1100 1840 ad
1117 1796 1448 1851 Hebraeos,cum
1466 1795 1521 1840 de
1542 1796 1766 1856 hospitali-
1870 1853 1872 1860 ἲ

383 1869 478 1913 tatis
498 1868 615 1912 bono
636 1867 856 1926 Scriptura
868 1866 1136 1926 loqueretur,
1153 1865 1213 1910 ait
1231 1885 1239 1909 :
1271 1885 1289 1907 »
1312 1869 1393 1910 Per
1408 1867 1522 1911 hanc
1535 1867 1649 1911 enim
1663 1867 1763 1928 qui-

382 1958 402 1980 »
438 1937 539 1983 dam
556 1938 794 1982 nescientes
813 1936 1001 1997 hospitio
1018 1944 1277 1997 receperunt
1294 1935 1526 1995 Angelos⁴.
1545 1955 1566 1978 >a

881 2044 1122 2094 Quizs‘rlo
1147 2046 1262 2085 an.

440 2128 565 2179 Quor)
588 2124 646 2168 ait
666 2122 896 2169 Sodomitis
921 2123 1060 2178 Loth,
1091 2142 1110 2164 «
1134 2124 1244 2168 Sunt
1265 2122 1372 2167 mihi
1390 2122 1488 2167 duze
1514 2121 1613 2166 filiae
1631 2158 1641 2178 ‚
1665 2139 1764 2184 quae

383 2215 403 2239 »
439 2197 636 2241 nondum
653 2203 870 2239 noverunt
886 2193 1265 2253 viros,producam
1280 2193 1373 2237 illas
1397 2193 1452 2237 ad
1473 2209 1563 2248 vos,
1590 2193 1761 2238 utimini

381 2287 400 2309 »
435 2266 518 2311 illis
541 2264 761 2327 quomodo
784 2264 994 2325 placuerit
1016 2264 1136 2308 vobis
1152 2299 1163 2320 ,
1189 2273 1360 2308 tantum
1382 2264 1426 2307 in
1447 2264 1560 2308 viros
1582 2265 1684 2309 istos
1707 2281 1762 2309 110

380 2357 400 2380 ))
435 2338 599 2382 faciatis
622 2337 846 2396 iniquum⁵
868 2355 877 2379 ι
906 2354 925 2376 n
948 2335 1156 2395 quoniam
1178 2334 1436 2394 prostituere
1457 2333 1633 2379 volebat
1651 2334 1760 2380 filias

426 2441 437 2464 1,
460 2437 539 2467 Gen.
559 2445 654 2476 xvni,
676 2433 728 2467 32.
758 2448 797 2456 -——
813 2439 825 2453 2
851 2434 968 2465 ,101-0111.
992 2443 1024 2472 v,
1044 2444 1070 2464 1,
1090 2448 1131 2454 -——
1154 2429 1165 2453 3
1185 2434 1264 2464 Gen.
1285 2443 1350 2469 nx,
1377 2441 1403 2464 ι.
1420 2447 1461 2454 »—·
1479 2431 1494 2462 4
1517 2431 1615 2466 Helir,
1635 2442 1705 2472 xm,
1723 2441 1755 2463 2.

385 2508 425 2515 --κ
446 2490 459 2512 5
478 2494 556 2523 (len.
578 2502 642 2526 xix,
662 2494 692 2522 8.
