1872 3267
359 328 625 369 QUAESTIONES
656 331 703 358 IN
735 330 943 369 Exomnw,
979 329 1062 358 Lm.
1097 328 1146 355 11.
1361 315 1440 354 281

557 444 793 496 Quizsrio
825 444 941 485 exv.

118 553 357 596 Asmmscis
379 550 424 594 in
442 557 559 596 veste
580 547 835 594 sacerdotali
863 562 970 608 quas
1000 545 1142 601 dieat,
1167 553 1318 589 utrum
1346 559 1448 589 scu-

63 620 214 678 tulas¹,
232 638 332 683 quae
352 638 375 666 a
396 631 519 668 scuto
536 619 671 665 latine
689 619 980 680 appellantur,
1004 617 1106 678 quia
1125 625 1168 660 et
1191 617 1330 661 Graeci
1347 631 1449 660 seu-

62 702 154 738 tum
177 698 300 734 ἀσπίδα
321 693 557 754 appellant.
577 695 646 737 An
661 707 764 738 vero
778 691 1007 752 aspidiscas
1021 698 1199 750 propter
1216 688 1450 748 diligenter

58 763 355 823 colligandum
380 763 486 809 dicit
503 763 558 808 ab
581 762 728 823 aspide
750 772 972 823 serpente,
996 761 1107 806 sieut
1134 760 1265 805 etiam
1287 775 1449 804 murae-

58 834 176 879 nulae
198 834 505 895 appellantur?
534 854 555 877 «
582 835 814 894 Spithamis
837 843 984 879 autem
1013 831 1246 892 longitudo
1262 866 1273 888 ,
1299 840 1343 876 et
1363 832 1452 892 spi-

61 925 81 947 »
118 906 244 950 tamis
290 905 477 951 latitudo
491 910 508 934 ‘2
533 922 541 948 ι
571 925 589 948 >>
625 905 768 964 Latini
810 904 990 966 quidam
1034 904 1309 964 interpretati
1349 912 1453 948 sunt

57 991 307 1026 mensuram
337 987 524 1022 extentae
547 977 705 1037 palmae
728 994 750 1021 a
774 977 861 1021 fine
883 976 1050 1036 pollicis
1072 991 1212 1036 usque
1241 973 1295 1020 ad
1318 976 1451 1019 finem

58 1047 181 1107 digiti
205 1049 389 1094 minimi.
415 1052 434 1108 ζ
443 1053 552 1094 Item
579 1050 700 1110 quod
725 1049 884 1095 dicitur
905 1068 913 1093 2
944 1068 962 1091 «
984 1050 1136 1093 Sumes
1159 1047 1270 1092 duos
1288 1045 1452 1106 lapides

0 1139 1 1143 ¹
60 1137 80 1160 »
117 1120 359 1177 onychinos
375 1156 386 1177 ,
411 1129 455 1165 et
476 1119 645 1180 sculpes
668 1120 713 1164 in
730 1120 788 1164 eis
806 1119 984 1164 nomina
999 1117 1190 1162 filiorum
1209 1116 1341 1162 Israel
1353 1153 1363 1172 ,
1382 1132 1454 1161 sex

60 1209 80 1233 »
116 1192 296 1237 nomina
317 1193 363 1236 in
387 1191 532 1253 lapide
555 1208 645 1237 uno
661 1227 672 1247 ,
710 1201 753 1235 et
782 1207 856 1236 sex
878 1190 1046 1251 reliqua
1070 1191 1115 1234 in
1143 1189 1279 1234 altero
1297 1225 1307 1244 ,
1327 1191 1451 1249 juxta

60 1280 80 1303 »
116 1261 315 1307 ordinem
338 1263 573 1309 nativitatis
609 1263 803 1318 eorum³‚
837 1281 856 1304 >›
891 1278 945 1306 an
978 1261 1314 1320 intelligendum
1330 1297 1340 1317 ‚
1379 1264 1455 1319 ut)

58 1332 223 1393 lapides
243 1334 329 1378 sint
350 1335 405 1379 de
426 1335 679 1380 nominibus
705 1334 896 1379 filiorum
920 1332 1053 1378 Israel
1074 1332 1318 1378 seeundum
1339 1334 1454 1377 nati-

56 1403 210 1451 vitates
228 1420 402 1462 eorum,
427 1404 474 1451 id
495 1415 581 1462 est,
607 1403 852 1451 secundum
874 1405 1074 1450 ordinem
1095 1420 1185 1466 quo
1207 1403 1298 1449 nati
1321 1405 1454 1449 suut?

550 1514 788 1566 QUAESTIO
820 1516 954 1556 oxu.

120 1636 139 1658 «
166 1618 231 1660 ET
252 1616 383 1661 facies
399 1631 530 1676 super
543 1616 755 1661 rationale
772 1616 965 1661 fimbrias
983 1616 1321 1676 complectentes
1344 1631 1453 1677 opus

7 1716 9 1720 v
61 1706 81 1729 »
116 1696 366 1732 catenatum
387 1687 442 1732 de
464 1703 571 1732 auro
592 1703 704 1747 puro
718 1689 750 1731 ⁴.
781 1706 800 1729 »
822 1686 952 1741 Quod
979 1687 1103 1732 latini
1130 1706 1150 1730 «
1176 1687 1403 1732 Rationale
1430 1706 1449 1730 »

10 1777 11 1780 ¹
57 1757 328 1817 interpretati
348 1766 471 1813 sunt,
495 1758 640 1817 inopia
661 1757 824 1816 linguae
846 1757 965 1802 feeit.
987 1759 1163 1802 Graecus
1181 1758 1296 1802 enim
1319 1758 1450 1803 habet

8 1861 11 1867 .
58 1840 172 1883 mm,
198 1843 288 1872 non
308 1835 443 1882 λόγικόν.
461 1827 687 1873 Rationale
709 1837 857 1873 autem
878 1827 990 1872 illud
1003 1828 1191 1873 solemus
1214 1828 1448 1889 appellare,

59 1900 178 1961 quod
197 1900 337 1945 Graeci
359 1900 513 1945 dieunt
542 1907 676 1954 λογικόν.
699 1898 784 1945 Sed
811 1900 1021 1960 quoniam
1038 1909 1126 1954 λόγις
1143 1901 1188 1944 in
1205 1916 1342 1960 graeca
1368 1901 1453 1945 lin-

11 2002 13 2006 ·
60 1986 146 2030 gua
167 1971 427 2031 ambiguum
457 1980 546 2027 est,
571 1980 724 2015 utrum
745 1970 932 2016 verbum
965 1971 1204 2029 significet,
1231 1988 1286 2015 an
1320 1973 1453 2016 ratio-

62 2057 185 2098 nem,
211 2043 314 2103 quia
343 2043 572 2103 utriusque
593 2043 655 2087 rei
677 2058 840 2087 nomen
871 2052 961 2101 est,
998 2044 1076 2088 ubi
1109 2053 1313 2103 putatum
1347 2054 1410 2089 est
1432 2062 1452 2089 a

9 2130 13 2134 ·
61 2114 195 2160 verbo
229 2114 551 2170 dictamum-1²
591 2113 816 2174 eloquium
845 2114 980 2159 nostri
1018 2116 1290 2175 interpretati
1324 2126 1451 2161 sunt:

63 2198 163 2228 nam
184 2184 307 2245 quod
319 2185 531 2229 habemus
555 2205 562 2230 :
593 2204 613 2227 α
638 2185 825 2246 Eloquia
848 2186 1036 2241 Domini,
1057 2185 1230 2247 eloquia
1248 2196 1362 2231 easta
1378 2190 1408 2242 ⁵,
1434 2206 1452 2228 »

6 2259 10 2269 '
64 2255 201 2300 Graeci
222 2256 388 2301 habent
409 2264 523 2311 λόγιαι
549 2257 621 2301 hie
643 2272 746 2302 vero
764 2257 810 2301 in
830 2266 948 2302 veste
972 2257 1246 2314 sacerdotali,
1273 2259 1392 2319 quod
1410 2274 1459 2302 ex

117 2642 124 2657 ¹
150 2637 247 2669 Exod.
275 2648 393 2679 xxviii,
424 2637 455 2680 4
482 2656 523 2661 -
544 2645 556 2662 2
587 2638 666 2671 Ibid.
694 2637 744 2670 16.
762 2655 803 2660 -
822 2637 834 2662 3
861 2639 941 2671 Ibid.
958 2650 991 2681 9.
1018 2657 1058 2663 --
1077 2638 1320 2672 41¹›id.2f›..-
1339 2638 1353 2663 5
1374 2639 1451 2672 Psal.

71 2701 122 2733 xi,
143 2703 173 2734 ς.
