1872 3267
391 267 447 306 70
825 277 859 306 s.
895 277 1126 308 Aucusnm
1157 280 1341 308 zmscorr

386 345 511 389 istam
542 342 773 388 transferre
805 343 1017 402 nolentes,
1042 345 1273 391 emendato
1294 345 1446 391 ordine
1475 346 1607 391 verba
1629 355 1771 390 trans·
1838 389 1840 394 ,

385 413 583 460 tulerunt
602 413 816 460 dicentes:
847 434 867 459 «
883 417 952 477 'Et
973 414 1125 461 reddet
1145 416 1183 460 ei
1207 416 1277 461 cui
1299 415 1496 477 deliquit.
1515 434 1535 458 »

448 481 549 529 VII.
576 504 596 527 «
620 485 697 529 Vir
724 495 799 529 aut
832 484 989 533 mulier
1019 487 1284 547 quicumque
1315 486 1466 531 fecerit
1490 485 1545 530 ab
1571 484 1773 530 omnibus

389 573 410 597 »
445 555 632 616 peccatis
648 555 850 600 humanis
866 557 924 600 ¹2»
946 572 1035 601 non
1057 557 1130 602 ait:
1153 559 1481 617 «Quaecumque
1495 555 1686 612 fecerit3»
1699 553 1775 599 sed

387 625 552 672 locutio
575 636 658 683 est,
683 627 760 670 ubi
789 642 913 671 sexus
945 627 1209 672 masculinus
1242 643 1484 688 pronomen
1515 625 1771 681 vindicavit,

384 698 580 757 quamvis
602 698 812 758 posterius
829 696 1081 742 foemininus
1102 698 1156 742 sit
1172 698 1358 758 positus,
1379 713 1477 759 quae
1499 697 1664 742 locutio
1683 695 1775 741 usi-

389 778 478 813 tata
500 778 682 813 nonest.

444 842 563 884 VIII.
592 858 613 882 «
637 839 755 896 Viri,
774 839 878 896 viri,
908 839 943 884 si
972 840 1249 900 praevaricata
1280 839 1416 885 fuerit
1438 854 1545 884 uxor
1572 840 1724 900 ejus2:
1751 857 1772 881 »

385 926 477 957 non
515 910 656 955 solum
689 910 791 971 quia
825 910 1060 968 geminavit
1079 926 1264 966 nomen,
1302 919 1353 955 ut
1383 910 1568 966 diceret,
1607 929 1628 953 ιι
1655 910 1774 966 Viri,

389 1000 410 1024 »
445 981 548 1037 viri,
571 1000 590 1023 »
618 980 693 1026 sed
720 981 851 1026 etiam
883 981 986 1042 quia
1019 979 1215 1039 addidit,
1259 999 1280 1025 «
1306 982 1421 1043 ejus,
1443 999 1463 1024 »
1499 979 1690 1028 notanda
1711 979 1780 1026 lo-

389 1061 508 1098 cutio
531 1061 612 1096 est.

450 1125 528 1168 IX.
558 1142 579 1165 «
601 1122 645 1168 Si
662 1121 936 1183 superveniet
952 1120 1015 1167 illi
1037 1122 1212 1182 spiritus
1230 1120 1424 1178 zelandi,
1440 1121 1513 1167 illa
1529 1130 1674 1168 autem
1690 1136 1780 1168 non

391 1213 412 1236 »φ
448 1193 580 1239 fuerit
608 1193 856 1254 inquinata,
892 1202 935 1237 et
971 1191 1160 1237 adducet
1194 1193 1329 1256 homo
1365 1208 1545 1238 uxorem
1576 1207 1698 1239 suam
1726 1191 1780 1237 ad

389 1284 410 1307 ³)
446 1263 713 1310 sacerdotem
728 1265 790 1310 ³:»
807 1263 1079 1324 superfluum
1100 1273 1180 1320 est,
1205 1283 1225 1307 «
1242 1274 1329 1320 et,»
1351 1263 1428 1309 sed
1442 1264 1671 1324 Scripturis
1688 1264 1778 1309 usi-

391 1345 480 1381 tata
498 1336 679 1381 locutio.

448 1409 505 1450 X.
536 1406 668 1450 «Erit
702 1421 811 1466 aqua
845 1405 1102 1463 argutionis,
1139 1420 1238 1464 quae
1274 1404 1549 1450 maledicitur
1582 1404 1731 1450 haec4:
1756 1422 1777 1446 »

390 1478 504 1522 hanc
535 1475 803 1521 locutionem
823 1476 1075 1520 inusitatam
1095 1474 1201 1520 fecit
1222 1474 1330 1520 ordo
1356 1476 1616 1533 verborum,
1640 1484 1782 1536 posset

393 1547 510 1591 enim
536 1547 693 1591 usitate
725 1547 786 1590 ita
819 1545 931 1590 dici:
962 1545 1097 1589 «Erit
1132 1561 1246 1606 aqua
1283 1546 1521 1605 argutionis
1556 1546 1651 1590 haec
1682 1561 1783 1605 quae

395 1637 415 1660 >›
451 1616 753 1672 maledicitur,
774 1635 794 1658 n
831 1625 931 1671 aut,
961 1616 1103 1660 «Erit
1138 1616 1232 1661 haec
1263 1632 1376 1676 aqua
1411 1616 1647 1674 argutionis
1682 1631 1782 1676 quae

394 1707 415 1731 »
450 1687 749 1743 maledicitur,
769 1704 789 1728 υ
812 1684 882 1731 vel
894 1685 928 1730 si
945 1684 1053 1745 quid
1070 1683 1189 1729 aliud
1209 1685 1365 1731 usitata
1386 1685 1516 1730 verba
1540 1683 1783 1731 ordinando
1824 1723 1826 1726 .

394 1758 480 1803 dici
501 1766 661 1817 potest.

450 1831 529 1873 XI.
560 1831 806 1872 «Innocens
818 1835 909 1870 esto
927 1825 982 1870 ab
998 1840 1109 1884 aqua
1126 1825 1378 1884 argutionis,
1396 1842 1495 1886 quae
1512 1824 1784 1871 maledicitur
1824 1822 1825 1877 J

395 1920 416 1943 »
451 1901 546 1944 haec
569 1901 609 1943 ⁵.
636 1918 655 1940 η
678 1901 729 1942 In
762 1898 843 1942 hac
876 1896 1098 1942 locutione
1132 1911 1222 1941 non
1259 1896 1374 1942 solus
1406 1897 1641 1942 verborum
1676 1896 1783 1943 ordo
1824 1923 1825 1928 =

393 1971 596 2016 inusitate
618 1978 767 2023 sonat,
799 1968 875 2012 sed
904 1968 1035 2012 etiam
1057 1983 1179 2011 casus
1207 1976 1400 2012 mutatus
1423 1977 1512 2012 esta
1538 1977 1648 2012 esset
1668 1967 1784 2012 enim

392 2042 608 2099 integrum
632 2049 675 2084 et
696 2039 905 2084 usitatum
920 2074 931 2093 ,
960 2040 1210 2082 «Innocens
1232 2047 1325 2082 esto
1349 2038 1404 2082 ab
1426 2039 1508 2082 hac
1526 2053 1638 2098 aqua
1656 2052 1783 2097 argu-

393 2132 414 2155 »
449 2112 593 2166 tionis,
618 2127 718 2172 quae
739 2109 1060 2165 maledicitur‚»
1082 2118 1159 2153 aut
1180 2109 1272 2153 «Ab
1296 2124 1408 2170 aqua
1425 2108 1660 2167 argutionis
1679 2109 1779 2166 hac,

395 2203 417 2225 »
452 2198 552 2244 quae
568 2181 855 2226 maledicitur.
877 2199 896 2221 υ

448 2257 547 2298 XII.
571 2256 658 2296 «Et
679 2252 904 2295 inflabitur
925 2259 1120 2295 ventrem
1134 2251 1149 2276 0
1167 2269 1176 2294 2
1196 2269 1215 2291 »
1230 2264 1331 2309 pro,
1352 2249 1580 2293 inflabitur
1600 2258 1751 2293 ventre
1769 2267 1778 2293 t

389 2326 484 2371 haec
503 2324 665 2368 locutio
694 2332 737 2367 et
770 2321 888 2381 apud
918 2320 1074 2366 latinos
1105 2330 1302 2365 auctores
1339 2318 1669 2379 frequentatur,
1703 2317 1779 2364 sed

390 2389 645 2456 interpretes
677 2394 812 2438 nostri
847 2394 920 2453 qui
956 2407 1050 2436 eam
1087 2390 1321 2435 transferre
1355 2389 1614 2445 noluerunt,
1657 2389 1780 2434 dixe·
1820 2386 1821 2414 ³

391 2477 519 2512 runt:
545 2486 565 2508 «
590 2469 647 2511 Et
666 2465 891 2509 inflabitur
904 2472 1054 2508 venter
1075 2463 1182 2522 ejus.
1222 2480 1243 2502 »

439 2571 446 2586 ¹
469 2565 560 2594 Num.
577 2574 610 2602 v,
625 2562 659 2593 G.
678 2578 718 2585 —
734 2560 843 2592 ²Ibid.
870 2569 917 2591 ιν..
939 2575 980 2582 --
1002 2556 1112 2590 ³1bid.
1135 2556 1183 2599 14.
1206 2573 1247 2580 -
1264 2555 1281 2586 4
1299 2555 1381 2589 lbid.
1403 2567 1490 2588 xvm.
1506 2572 1549 2580 --
1571 2554 1585 2579 ⁵
1603 2555 1683 2588 Ibid.
1714 2566 1762 2598 ¹9.
1818 2555 1819 2595 J

397 2636 439 2641 -
457 2605 573 2649 611231.
595 2627 652 2659 27.
