1872 3267
372 169 458 208 616
805 179 839 208 s.
876 180 1105 209 AUGUSTINI
1140 181 1325 210 EPISCOPI

368 266 387 288 »
408 246 499 290 bita
520 247 706 290 nostra¹.
731 263 750 286 »
768 244 957 290 Eosdem
979 256 1125 291 autem
1145 247 1366 305 sexaginta
1389 246 1496 304 dies,
1517 248 1626 293 duos
1638 263 1758 292 men-

364 332 429 363 ses
461 315 617 360 maluit
649 314 867 375 appellare
884 351 895 372 ,
933 326 1149 377 quantum
1185 318 1404 374 existimo,
1435 328 1613 379 propter
1646 319 1758 364 duos

362 387 584 445 homine83
609 402 748 432 unum
765 402 843 447 per
861 402 992 448 quem
1013 403 1144 444 mors,
1165 388 1352 434 alterum
1368 405 1447 449 per
1463 405 1596 451 quem
1613 404 1759 434 resur-

362 461 497 504 rectio
528 467 806 504 mortuorum
836 468 1044 519 :propter
1063 475 1172 521 quos
1200 461 1329 505 etiam
1357 460 1447 506 duo
1484 463 1758 506 Testamenta

363 531 586 576 dicuntur.

420 604 608 647 XXVII.
626 599 756 655 Quod
771 616 875 646 vero
896 620 917 644 «
938 604 1122 646 Factum
1137 611 1201 646 est
1221 603 1267 647 in
1282 612 1551 664 praeceptum
1566 604 1612 647 in
1626 604 1760 648 Israel

362 693 383 715 n
413 689 467 718 ex
488 672 643 718 diebus
664 673 710 716 in
727 672 817 717 dies
840 672 1159 717 conveniebant
1180 673 1408 718 lamentari
1435 673 1569 718 filiam
1599 677 1624 718 J
1628 675 1760 734 ephte

364 763 385 787 »
412 743 697 799 Galaaditem,
712 752 902 803 quatuor
917 742 1007 787 dies
1018 744 1064 788 in
1081 747 1237 798 anno2,
1256 762 1276 785 »
1294 760 1383 789 non
1397 754 1504 804 puto
1519 744 1760 803 significare

361 814 529 875 aliquid
548 822 646 874 post
671 813 900 873 impletum
922 813 1266 869 holocaustoma,
1295 814 1417 875 quod
1445 815 1526 859 erit
1548 814 1593 858 in
1625 814 1759 859 vitam

361 895 571 930 aeternam
587 905 599 942 3
618 884 694 928 scd
707 883 924 944 praeterita
944 894 1139 944 tempora
1151 884 1354 929 Ecclesiae
1367 920 1378 941 ‚
1398 885 1443 929 in
1457 885 1617 945 quibus
1633 894 1760 930 erant

360 957 477 1001 beati
500 955 714 1014 lugentes.
738 953 982 1008 Quatriduo
1004 964 1150 999 autem
1173 955 1358 1014 figurata
1380 965 1444 1000 est
1466 957 1557 1015 ejus
1574 955 1752 1000 univer-

360 1027 478 1082 sitas,
494 1035 672 1086 propter
690 1034 880 1086 quatuor
902 1035 1044 1085 partes
1066 1025 1198 1081 orbis,
1219 1041 1296 1086 per
1316 1042 1421 1087 quas
1434 1025 1564 1085 longe
1581 1025 1757 1087 lateque
1800 1060 1803 1063 -

364 1097 524 1141 diffusa
545 1106 623 1141 est.
650 1096 719 1141 Ad
742 1096 932 1140 historiae
953 1111 1056 1141 vero
1084 1097 1393 1156 proprietatem
1412 1132 1423 1152 ,
1455 1112 1545 1141 non
1573 1097 1760 1141 arbitror

360 1170 446 1213 hoc
469 1169 708 1213 decrevisse
735 1167 974 1223 Israelitas,
1003 1169 1084 1212 nisi
1116 1169 1219 1229 quia
1248 1168 1554 1228 intelligebant
1575 1169 1621 1212 in
1644 1184 1691 1212 ea
1714 1185 1760 1214 re

356 1239 576 1300 judicium
594 1238 672 1283 Dei
696 1237 833 1297 magis
865 1237 921 1281 ad
943 1238 1278 1297 percutiendum
1314 1248 1484 1298 patrem
1518 1238 1650 1282 fuisse
1679 1239 1760 1284 de-

361 1318 603 1370 promtum‚
619 1324 674 1352 ne
686 1307 771 1351 tale
783 1322 937 1352 vovere
949 1308 1205 1352 sacrificium
1216 1307 1418 1368 deinceps
1430 1307 1546 1353 ullus
1558 1308 1756 1355 auderet.

360 1383 472 1426 Nam
504 1394 637 1441 quare
668 1378 813 1423 luctus
835 1387 879 1423 et
903 1377 1157 1423 lamentatio
1189 1377 1518 1436 decerneretur,
1549 1379 1584 1424 si
1610 1389 1759 1425 votum

365 1450 478 1495 illud
500 1450 664 1495 laetitiae
687 1449 797 1494 fuit?

422 1524 634 1566 XXVIII.
670 1521 713 1566 Si
745 1529 892 1565 autem
926 1529 970 1564 et
1008 1519 1140 1575 illud,
1172 1521 1291 1580 quod
1330 1519 1518 1580 populus
1553 1521 1760 1581 Ephraem

364 1601 513 1653 postea
538 1592 593 1636 ab
611 1590 765 1636 eodem
778 1592 936 1651 Jephte
953 1590 1195 1635 debellatus
1209 1600 1293 1643 est,
1320 1592 1375 1636 ad
1394 1590 1611 1651 judicium
1625 1627 1636 1647 ‚
1663 1592 1755 1636 Dei.

366 1661 489 1724 quod
504 1662 585 1706 erit
598 1662 642 1706 in
656 1663 760 1717 fine,
778 1660 1056 1705 referendum
1070 1671 1149 1716 est,
1169 1662 1380 1721 sicutipse
1398 1661 1609 1706 Dominus
1623 1660 1726 1706 dicit
1745 1683 1757 1720 3

369 1755 390 1778 ι(
415 1737 501 1779 Eos
521 1733 598 1794 qui
620 1732 860 1777 noluerunt
880 1748 949 1777 me
983 1748 1165 1792 regnare
1187 1733 1266 1777 sibi
1283 1768 1293 1787 ‚
1326 1733 1530 1777 adducite
1552 1742 1595 1777 et
1622 1734 1759 1777 inter—

369 1825 390 1848 »
414 1806 527 1850 ficite
544 1820 691 1850 coram
713 1807 810 1848 me3
829 1826 840 1863 3
860 1819 938 1848 nec
962 1804 1024 1848 ibi
1039 1804 1326 1864 quadraginta
1351 1804 1440 1848 duo
1465 1803 1602 1849 millia
1619 1840 1630 1860 ,
1657 1821 1758 1865 quae

366 1876 646 1932 ceciderunt,
677 1876 847 1921 vacanti
879 1890 1062 1920 numero
1094 1884 1434 1920 commemorata
1461 1876 1603 1919 sunt‘n
1640 1876 1760 1921 Sicut

366 1949 483 1993 enim
499 1947 561 1991 illi
578 1947 667 1992 cluo
685 1962 852 1991 menses
866 1956 1044 2007 propter
1064 1947 1285 2004 sexaginta
1308 1945 1398 1990 dies
1431 1946 1649 1990 senarium
1671 1962 1758 1990 nu-

367 2034 538 2064 merum
561 2035 632 2063 sex
648 2027 823 2062 aetatum
844 2018 1086 2076 significant
1108 2037 1116 2061 :
1138 2017 1196 2062 ita
1212 2018 1325 2062 ctibi
1338 2018 1473 2062 sexies
1491 2019 1759 2077 septenarius

366 2089 526 2134 ductus
546 2090 630 2134 hoc
657 2088 773 2133 idem
796 2090 981 2148 figurat,
1006 2097 1221 2149 quantum
1258 2088 1313 2133 ad
1335 2103 1406 2132 sex
1430 2097 1579 2132 aetates
1608 2090 1755 2133 saeculi

366 2161 555 2221 pertinet
589 2160 749 2205 :sexies
772 2161 884 2204 enim
910 2169 1074 2220 septem
1100 2159 1502 2220 quadraginta-duo
1532 2169 1647 2204 sunt.
1668 2163 1756 2206 Nec

364 2229 524 2275 frustra
542 2240 585 2275 et
606 2232 696 2291 ipse
713 2231 870 2290 Jephte
891 2246 965 2275 sex
982 2231 1104 2276 annis
1126 2229 1340 2290 populum
1349 2229 1575 2290 judicavit.

416 2327 545 2360 ¹Matth.
567 2339 609 2369 vn,
633 2336 735 2360 12.—-
752 2334 765 2350 2
786 2326 889 2359 Judic.
910 2337 956 2368 xi,
976 2326 1029 2368 39,
1049 2325 1156 2368 4ο.-
1178 2324 1191 2349 3
1211 2328 1287 2358 Luc.
1305 2336 1370 2368 xix,
1387 2334 1441 2367 27.
1455 2343 1497 2349 -
1511 2323 1637 2359 4Judie.
1654 2325 1752 2368 xn‚6.

1861 1574 1870 1826 ¹
