1872 3267
387 205 473 245 620
825 220 859 246 s.
896 218 1125 248 Aucus-nm
1157 220 1340 248 EPISCOPI

390 302 408 327 »
444 299 566 328 suam
605 298 735 344 super
772 293 947 330 terram.
982 289 1039 331 Et
1077 302 1168 332 non
1199 287 1401 347 apposuit
1433 287 1548 333 ultra
1581 286 1774 347 Angelus

387 372 408 397 »
444 353 618 399 Domini
646 369 854 415 apparere
882 356 938 401 ad
968 359 1129 402 Manue
1161 367 1204 402 et
1233 358 1289 403 ad
1317 374 1496 403 uxorem
1519 360 1626 420 ejus.
1653 361 1775 402 Tunc

387 445 409 468 »
444 425 651 485 cognovit
698 429 860 471 Manu&
904 428 1113 488 quoniam
1155 431 1348 488 Angelus
1386 430 1561 475 Domini
1596 439 1695 474 est:
1733 438 1776 473 et

388 516 409 540 »
444 497 552 542 dixit
573 501 735 543 Manue
758 497 812 542 ad
840 514 1019 544 uxorem
1045 516 1167 545 suam
1190 521 1199 546 2
1224 504 1365 546 Morte
1387 502 1640 557 moriemur,
1662 516 1775 562 quo-

387 587 407 610 »
443 569 559 613 niam
592 572 731 614 Deum
760 570 988 616 vidimus1.
1018 590 1038 613 »
1067 575 1119 616 In
1151 572 1218 617 his
1246 589 1349 632 ergo
1383 573 1525 619 verbis
1552 573 1654 634 quia
1686 587 1777 616 non

384 639 512 685 dixit:
535 643 711 686 «Morte
725 641 979 698 moriemur,
998 643 1210 704 quoniam
1231 643 1449 704 Angelum
1472 644 1647 689 Domini
1660 642 1775 688 vidi-

384 726 503 767 mus,
522 730 542 752 »
565 711 662 767 sed,
688 730 707 754 «
734 715 875 756 Deum
897 713 1110 770 vidimus,
1129 733 1149 756 »
1171 715 1309 759 oritur
1331 716 1703 776 quaestio‚utrum
1731 714 1776 757 in

384 781 553 841 Angelo
573 782 878 842 intelligebant
901 787 1063 841 Deum,
1091 801 1148 830 an
1166 786 1370 830 eumdem
1395 785 1613 845 Angelum
1639 788 1778 829 Deum

384 852 617 898 vocabant.
651 852 769 898 Illud
801 855 917 898 enim
954 856 1156 912 tertium,
1185 856 1306 917 quod
1341 859 1481 901 Deum
1518 864 1780 917 putaverant

385 923 462 984 qui
494 932 586 967 erat
618 923 833 983 Angelus,
864 924 948 970 dici
982 942 1071 971 non
1107 936 1271 987 potest,
1308 927 1575 987 apertissime
1608 925 1780 970 dicente

388 994 646 1054 Scriptura:
689 1014 708 1037 (ς
748 998 870 1040 Tunc
904 998 1110 1056 cognovit
1148 1001 1310 1043 Manus·
1346 998 1554 1059 quoniam
1587 995 1780 1055 Angelus

389 1085 409 1107 »
445 1066 619 1110 Domini
641 1075 718 1110 est.
748 1084 768 1107 »
804 1067 888 1111 Sed
910 1067 1029 1112 unde
1057 1069 1283 1113 metuebat
1304 1070 1520 1113 mortem?
1545 1071 1643 1113 Non
1663 1066 1780 1110 enim

389 1137 612 1196 Scriptura
634 1137 679 1181 in
701 1136 853 1182 Exodo
875 1137 1063 1184 dixerat:
1093 1158 1112 1181 «
1137 1142 1275 1185 Nemo
1291 1139 1413 1184 videt
1429 1139 1585 1183 faciem
1607 1137 1777 1196 Angeli,

388 1227 408 1248 »
444 1216 487 1251 et
506 1207 662 1263 vivet'2,
682 1226 702 1249 »
725 1207 817 1264 sed,
841 1207 994 1254 faciem
1012 1225 1156 1254 meam
1177 1210 1300 1266 dixit,
1320 1225 1418 1255 cum
1440 1213 1556 1254 Deus
1577 1208 1781 1269 loquere-

386 1287 473 1322 tur.
502 1281 572 1322 An
600 1287 644 1322 et
673 1279 718 1323 in
744 1280 828 1323 hoc
855 1280 947 1339 ipso
976 1280 1098 1339 quod
1125 1281 1169 1324 in
1199 1281 1354 1339 Angeli
1382 1280 1613 1340 praesentia
1642 1282 1781 1323 Deum

387 1359 650 1410 cognoverat
672 1353 856 1404 Manue',
881 1351 940 1395 ita
964 1352 1244 1411 perturbatus
1267 1362 1351 1408 est,
1373 1361 1423 1396 ut
1445 1361 1630 1396 mortem
1652 1350 1781 1394 time-

388 1424 481 1467 ret?
503 1422 634 1475 Quod
653 1431 800 1466 autem
823 1421 885 1466 illi
909 1439 1018 1467 uxor
1039 1438 1115 1467 sua
1138 1422 1363 1483 respondit
1384 1443 1392 1468 :
1419 1442 1438 1465 «
1467 1423 1509 1468 Si
1539 1421 1670 1467 vellet
1692 1425 1782 1466 Do-

391 1513 411 1536 »
446 1495 590 1538 minus
613 1495 876 1539 mortificare
898 1511 998 1551 nos,
1023 1511 1113 1540 non
1142 1495 1376 1555 accepisset
1398 1494 1452 1539 dc
1473 1510 1608 1539 manu
1637 1502 1783 1538 nostra

391 1584 412 1607 »
446 1565 774 1610 holocaustoma
802 1575 845 1610 et
872 1566 1153 1621 sacrificium,
1179 1582 1259 1610 nec
1282 1565 1568 1610 illuminasset
1591 1580 1669 1608 nos
1693 1580 1783 1608 om-

391 1656 411 1678 »
447 1637 517 1681 nia
548 1637 669 1695 haec3
693 1638 769 1682 sed
792 1653 871 1681 nec
892 1637 1037 1681 audita
1063 1637 1234 1682 fecisset
1257 1637 1383 1681 nobis
1404 1637 1555 1681 haec³z
1586 1655 1606 1677 »
1635 1645 1783 1680 utrum

388 1708 531 1767 ipsum
570 1708 787 1765 Angelum
819 1706 1100 1751 crediderunt
1129 1708 1342 1767 accepisse
1373 1707 1656 1761 sacrificium,
1681 1706 1782 1766 quia

387 1778 593 1824 viderunt
609 1795 711 1823 eum
734 1780 779 1822 in
801 1778 946 1823 altaris
965 1780 1139 1823 flamma
1162 1779 1354 1823 stetisse:
1379 1795 1433 1822 an
1455 1794 1534 1838 per
1555 1779 1638 1822 hoc
1658 1776 1784 1821 intel-

388 1851 587 1895 lexerunt
614 1850 826 1910 accepisse
848 1851 1099 1905 Dominum,
1126 1850 1230 1910 quia
1252 1851 1336 1894 hoc
1365 1848 1469 1894 fecit
1501 1848 1708 1907 Angelus,
1733 1858 1784 1892 ut

388 1938 432 1966 se
450 1921 697 1966 ostenderet
719 1920 968 1979 Angelum?
991 1920 1231 1974 Quodlibet
1252 1929 1400 1964 autem
1422 1921 1582 1964 horum
1603 1919 1671 1973 sit,
1692 1919 1782 1978 jam

393 2003 536 2037 tamen
570 1992 761 2050 Angelus
798 1990 989 2035 dixerat:
1029 2010 1048 2033 «
1082 1992 1124 2035 Si
1153 2000 1299 2034 autem
1327 1991 1432 2035 facis
1454 1990 1780 2044 holocaustum,

392 2083 412 2106 »
447 2064 635 2108 Domino
658 2063 768 2107 offer
786 2061 918 2117 illud,
944 2081 963 2103 »
989 2063 1072 2106 hoc
1095 2071 1180 2116 est,
1207 2077 1295 2105 non
1318 2061 1448 2117 mihi,
1470 2059 1544 2105 sed
1577 2060 1779 2104 Domino.

390 2134 520 2187 Quod
543 2150 644 2192 ergo
667 2134 784 2178 stetit
815 2134 1007 2192 Angelus
1029 2133 1074 2175 in
1104 2131 1248 2176 altaris
1271 2132 1463 2185 flamina,
1488 2130 1624 2189 magis
1645 2129 1782 2188 signi-

390 2207 537 2250 ficasse
567 2203 877 2263 intelligendus
910 2213 974 2247 est
1007 2202 1131 2246 illum
1164 2202 1311 2261 magni
1344 2200 1510 2245 consilii
1538 2199 1781 2258 Angelum⁴

389 2278 435 2320 in
468 2276 608 2321 forma
641 2277 772 2331 servi,
804 2276 886 2319 hoc
923 2283 1008 2330 cst,
1039 2273 1084 2317 in
1115 2274 1292 2318 homine
1333 2288 1466 2333 quem
1500 2280 1782 2330 suscepturus

390 2357 497 2403 erat,
526 2364 615 2392 non
638 2356 919 2408 accepturum
939 2345 1196 2390 sacrificium
1217 2367 1227 2403 3
1253 2343 1327 2389 sed
1350 2345 1493 2404 ipsum
1518 2342 1779 2387 sacrificium

392 2418 608 2463 futurum.

442 2560 450 2575 ι
472 2551 575 2582 ,1ικ1ἰ(·.
596 2561 666 2590 xiii,
688 2557 797 2592 19-522,
813 2555 877 2571 -2
893 2548 989 2580 Exod.
1008 2559 1119 2581 xxxin.
1136 2558 1189 2580 πο.
1203 2545 1267 2572 --3
1282 2546 1386 2579 Judio.
1405 2557 1470 2588 xm,
1485 2545 1538 2577 03²3.
1555 2543 1618 2575 —4
1632 2544 1712 2577 thid.
1730 2543 1780 2575 isi.
