1872 3267
404 242 487 282 422
783 260 816 286 s.
864 258 1094 288 AUGUSTINI
1127 261 1308 288 EPISCOPI

400 334 498 364 rum
517 329 600 376 est,
626 340 646 364 «
666 323 763 367 Non
784 323 1122 369 venumdabitur
1144 335 1255 369 terra
1274 325 1319 368 in
1337 325 1736 371 confirmationem:
1758 340 1778 366 η
1830 344 1831 374 t

400 390 521 451 quod
556 401 663 450 puto
693 399 783 437 non
804 393 1137 452 intelligendum
1154 431 1165 451 ,
1190 396 1271 439 nisi
1303 410 1358 439 ne
1381 395 1440 439 ita
1461 395 1655 440 venditio
1677 411 1783 440 con-

401 463 614 517 firmetur,
639 472 689 507 ut
712 478 813 507 eam.
827 479 917 508 non
931 465 1108 525 recipiat
1129 466 1331 511 venditor
1352 475 1547 526 tempore
1568 467 1784 511 remissio-
1830 470 1831 505 ἶ

399 533 485 589 nis,
524 534 634 577 sieut
655 544 925 594 praeceptum
949 546 1027 580 est.
1068 537 1198 590 Quod
1224 552 1326 582 vero
1357 537 1569 597 sequitur,
1609 537 1784 593 utrique
1830 540 1831 590 ᾗ
1859 583 1861 590 χ

396 605 540 649 sensui
562 615 705 665 potest
727 622 990 666 congruere,
1027 608 1114 652 sive
1131 607 1314 667 legatur,
1345 627 1365 650 «
1388 611 1446 652 Et
1467 618 1580 652 terra
1596 624 1686 653 non
1706 623 1784 653 ve-
1827 623 1831 658 1

400 694 420 716 »
456 675 741 720 numdabitur
757 676 803 720 in
825 677 1173 737 profanationem
1193 698 1202 724 ε
1230 697 1250 720 »
1271 680 1358 724 sive
1383 698 1402 720 «
1426 679 1470 722 in
1488 679 1785 723 confirmatio-
1830 687 1831 690 ’

400 765 421 788 »
456 762 572 790 nem.
593 750 813 793 »Secutus
835 750 998 810 quippe
1021 749 1217 810 adjunxit
1237 769 1245 795 :
1263 769 1282 792 «
1307 753 1405 795 Mea
1428 750 1544 794 enim
1565 759 1630 794 est
1651 758 1781 805 terra,
1830 755 1831 759 ’

400 835 420 858 »
456 827 635 879 propter
656 818 776 880 quod
797 820 1006 880 proselyti
1027 831 1071 865 et
1085 821 1239 866 incolae
1255 837 1331 867 vos
1353 821 1450 866 estis
1467 830 1565 866 ante
1591 836 1661 866 me
1675 817 1707 866 1.
1731 839 1751 862 »
1828 811 1829 817 ἵ

906 930 1143 980 QUAEsrio
1175 931 1275 972 xci.

464 1049 483 1072 «
526 1051 572 1075 AT
593 1046 671 1091 per
688 1047 863 1076 omnem
886 1041 1045 1076 terram
1066 1033 1341 1092 possessionis
1366 1042 1518 1077 vestrae
1540 1031 1786 1078 mercedem
1828 1065 1829 1068 η
1866 1009 1871 1030 ³

403 1120 423 1144 »
459 1102 616 1147 dabitis
652 1113 773 1147 terrae
789 1106 820 1146 2.
861 1122 881 1145 »
915 1103 1000 1148 Alii
1036 1113 1181 1148 autem
1218 1103 1387 1149 codices
1417 1104 1608 1159 habent,
1653 1123 1673 1146 t<
1697 1107 1786 1147 Re·
1828 1133 1830 1144 t

404 1191 424 1214 »
460 1172 757 1232 demptionem
778 1173 934 1217 dabitis
950 1183 1091 1218 terrae.
1120 1193 1139 1215 n
1164 1177 1319 1219 Sensus
1335 1190 1436 1234 ergo
1452 1175 1523 1219 hic
1538 1183 1600 1218 est
1619 1194 1628 1219 ε
1654 1193 1674 1217 «
1689 1177 1787 1220 Non

403 1263 423 1285 n
459 1244 800 1289 venumdabitur
822 1255 933 1289 terra
947 1246 991 1288 in
1009 1245 1375 1305 profanationem,
1398 1265 1417 1287 »
1444 1246 1489 1290 id
1511 1255 1589 1302 est,
1612 1245 1694 1289 illis
1711 1246 1786 1306 qui
1828 1255 1833 1298 j

404 1331 452 1360 ea
490 1324 671 1360 utantur
700 1315 746 1359 in
774 1317 975 1377 injuriam
996 1318 1238 1375 Creatoris3
1269 1327 1344 1362 aut
1370 1336 1390 1360 «
1415 1320 1467 1361 In
1489 1317 1786 1362 confirmatio-
1826 1329 1830 1357 ἐ

404 1404 425 1428 η
461 1402 561 1431 nem
578 1422 588 1441 ,
618 1405 637 1428 »
673 1387 719 1431 id
740 1396 827 1442 est,
848 1397 898 1432 ut
915 1403 1009 1431 eam
1024 1397 1194 1448 emptor
1211 1397 1422 1448 perpetuo
1439 1388 1656 1448 possideat
1670 1423 1680 1443 ,
1707 1402 1787 1432 nec
1831 1376 1834 1385 ¹

402 1467 521 1502 certo
551 1457 792 1502 secundum
814 1459 891 1502 Dei
912 1467 1180 1518 praeceptum
1209 1458 1438 1503 intervallo
1461 1473 1677 1503 annorum
1699 1473 1788 1502 res-
1829 1450 1833 1461 ’
1870 1452 1872 1460 ’

402 1529 532 1572 vtituat
555 1527 787 1572 venditori.
820 1547 839 1569 «
865 1531 961 1572 Mea
1000 1538 1062 1572 est
1086 1528 1224 1582 enim,
1251 1529 1416 1588 inquit,
1452 1538 1594 1573 terra:
1623 1545 1643 1569 »
1669 1526 1788 1571 unde
1826 1539 1832 1586 ιζ
1862 1524 1865 1531 “

404 1598 647 1642 secundum
665 1613 811 1642 meum
833 1608 1103 1658 praeceptum
1126 1614 1175 1642 ea
1193 1599 1256 1642 uti
1279 1598 1460 1643 debetis.
1486 1602 1630 1658 Atque
1647 1607 1698 1642 ut
1719 1612 1789 1642 οε-
1825 1630 1828 1650 e
1868 1595 1870 1600 ’

405 1669 603 1713 tenderet
628 1684 748 1712 suam
773 1684 883 1723 esse,
904 1684 993 1713 non
1011 1669 1230 1728 ipsorum,
1253 1668 1362 1729 quid
1382 1669 1461 1728 ipsi
1478 1669 1525 1712 in
1547 1683 1597 1712 ea
1619 1677 1785 1723 essent,
1824 1697 1831 1717 s
1858 1667 1865 1725 J

404 1748 721 1799 consequenter
742 1737 961 1799 adjunxit,
988 1739 1133 1783 dicens
1157 1758 1164 1783 ;
1195 1758 1215 1780 ‹<
1236 1742 1416 1798 Propter
1438 1738 1558 1798 quod
1579 1737 1788 1797 proselyti
1868 1736 1872 1763 ἶ

408 1829 427 1852 »
464 1819 507 1854 et
528 1809 682 1854 incolae
705 1825 780 1853 vos
813 1809 912 1852 estis
935 1818 1035 1852 ante
1058 1824 1125 1852 me
1158 1828 1166 1853 ;
1197 1827 1216 1849 »
1242 1809 1324 1852 hoc
1347 1818 1430 1864 est,
1457 1809 1663 1862 Quamvis
1687 1823 1789 1867 pro-
1821 1843 1825 1855 .

405 1879 547 1937 selyti,
573 1879 617 1923 id
639 1888 717 1933 est,
735 1879 913 1923 advenae
934 1878 1020 1922 sint
1041 1878 1177 1933 vobis,
1193 1879 1269 1938 qui
1290 1896 1340 1923 ex
1359 1878 1606 1936 alienigenis
1630 1877 1787 1938 adjun-

407 1959 569 2008 guntur
589 1949 707 2007 genti
734 1957 909 2004 vestrae,
934 1957 976 1991 et
999 1947 1177 2003 incolae,
1203 1948 1248 1992 id
1266 1958 1350 2004 est,
1375 1962 1464 1992 non
1486 1948 1531 1991 in
1550 1957 1662 1992 terra
1683 1963 1788 2007 pro-

404 2022 496 2081 pria
517 2029 739 2064 manentes
762 2039 770 2064 :
795 2028 938 2063 tamen
960 2020 1088 2063 ctiam
1110 2035 1185 2063 vos
1213 2034 1361 2064 omnes
1386 2028 1486 2063 ante
1516 2034 1586 2063 me
1610 2009 1789 2064 aduenae

405 2093 503 2136 estis
527 2101 569 2135 et
588 2089 757 2135 incolae.
783 2093 875 2135 Hoc
898 2094 1010 2134 Deus
1034 2089 1154 2145 dicit,
1180 2090 1267 2134 sive
1287 2089 1511 2145 Israelitis,
1537 2088 1658 2150 quod
1680 2089 1787 2133 alia-

404 2179 503 2209 rum
522 2163 715 2222 gentium
740 2170 914 2215 terram,
936 2178 1042 2221 quas
1061 2161 1250 2221 expulit,
1275 2161 1335 2206 eis
1359 2160 1541 2216 dederit,
1564 2162 1651 2206 sive
1668 2160 1788 2205 omni

405 2235 571 2280 homini
589 2270 599 2289 ,
625 2232 834 2293 quoniam
862 2242 961 2277 ante
980 2236 1117 2277 Deum
1139 2233 1215 2292 qui
1236 2248 1404 2292 semper
1420 2241 1587 2286 manet,
1614 2241 1656 2275 vt
1678 2232 1787 2276 sicut

405 2306 613 2365 scriptum
642 2310 706 2347 est
727 2303 889 2347 coelum
914 2312 957 2347 et
979 2313 1137 2347 terram
1159 2302 1309 2362 implet
1325 2305 1357 2357 ³³,
1383 2304 1536 2362 utique
1558 2302 1787 2361 praescntia

406 2393 497 2432 sua,
515 2378 653 2421 omnis
676 2379 806 2422 homo
827 2375 990 2419 advena
1014 2383 1076 2418 cst
1097 2373 1329 2427 nascendo,
1347 2383 1389 2418 et
1410 2373 1549 2418 incola
1571 2373 1784 2434 vivendo,
1823 2402 1826 2407 ·
1870 2383 1872 2400 ³

405 2449 610 2508 quoniam
635 2446 909 2506 compellitur
932 2446 1117 2503 migrare
1139 2443 1380 2488 moriendo.
1823 2448 1827 2461 “
1859 2442 1862 2454 ⁴

454 2551 460 2567 ¹
485 2544 588 2575 Lex-it.
613 2555 687 2585 xxv,
707 2544 760 2576 23.
778 2559 818 2565 —
839 2541 947 2574 ²1bid.
970 2540 1023 2582 24.
1044 2558 1085 2563 —
1106 2539 1119 2563 3
1136 2542 1202 2573 Jer.
1231 2551 1322 2581 xxm,
1343 2539 1397 2581 ¹24.
