1872 3267
370 275 636 315 Qcmszrronns
668 280 710 305 111
747 279 951 318 Exonuivi,
988 281 1070 306 Lus.
1108 282 1154 305 11.
1373 268 1458 306 335

64 341 213 386 cubita
234 351 412 387 centum
435 342 755 404 quinquaginta
781 362 789 387 ;
811 343 912 388 111110
934 354 1080 388 autem
1098 360 1122 388 a
1142 352 1264 403 parte
1291 359 1363 388 sex
1384 360 1460 389 ve-

63 412 224 469 lorum,
246 413 470 474 duplicato
490 429 581 458 uno
602 413 700 458 velo
720 413 963 459 secundum
985 415 1141 460 faciem
1164 414 1457 470 tabernaculi,

64 493 188 528 erant
210 485 359 529 cubita
388 485 1050 547 centum-sexaginta-c1uinque.
1079 485 1181 530 Plus
1203 501 1306 545 ergo
1324 487 1462 531 habe-

64 554 141 599 bat
161 571 258 615 pars
280 555 362 599 ista
383 555 532 599 cubita
553 554 818 616 quindecim.
850 559 943 600 Hoc
966 556 1072 601 dicit
1092 554 1325 600 dimidium
1348 554 1458 611 veli,

63 625 186 687 quod
211 626 341 686 jubet
361 627 534 685 subtegi
567 636 664 686 post
690 627 1051 683 tabernaculum,
1083 636 1133 671 ut
1157 627 1260 688 quia
1292 626 1404 671 illud
1437 642 1461 670 a

62 697 173 742 facie
195 696 468 758 duplicatum
496 707 587 754 est,
610 699 694 743 1100
718 697 951 743 dimidium
983 697 1234 743 redundans
1266 714 1290 742 a
1313 706 1462 758 poste-

64 769 175 814 riore
194 779 315 830 parte
338 769 607 814 tabernaculi
636 786 726 815 non
748 770 1071 831 duplicaretur,
1095 769 1170 814 sed
1200 770 1457 829 subtegere-

65 851 152 898 tur,
177 842 223 886 id
240 852 319 898 est,
336 842 481 887 omnia
496 842 586 902 ipsa
604 842 856 903 quindecim
878 842 1026 887 cubita
1043 841 1324 886 subtermissa
1346 851 1463 901 tege-

66 923 217 958 rentur
242 934 251 958 :
278 930 326 959 30
349 914 408 958 sic
426 923 470 958 et
490 914 581 974 ipsa
601 913 664 958 illi
681 913 946 973 longitudini
971 913 1332 968 detraherentur,
1352 913 1466 957 sicut

65 984 138 1029 illa
160 984 311 1029 itidem
333 984 587 1045 quindecim
616 1001 639 1029 a
669 984 780 1029 facie
809 983 1081 1029 tabernaculi
1110 984 1241 1028 unius
1270 983 1357 1028 veli
1382 983 1467 1028 du-

0 1099 1 1106 ,
65 1054 296 1116 plicatione
324 1056 517 1100 detracta
540 1064 642 1100 sunt
668 1075 676 1100 :
711 1070 851 1116 eoque
875 1055 1007 1099 modo
1035 1055 1463 1115 centum-quinqua-

67 1126 188 1186 ginta
213 1126 374 1170 cubitis
400 1127 599 1187 quinque
626 1124 825 1170 velorum
848 1133 1128 1170 occurrerent
1159 1141 1213 1169 ex
1235 1123 1316 1168 alia
1346 1134 1467 1184 parte

0 1231 1 1234 η
65 1197 591 1257 centum-quinquaginta
609 1196 756 1241 cubita
770 1212 841 1240 sex
859 1194 1080 1253 velorum,
1104 1195 1281 1255 triginta
1304 1194 1468 1240 scilicet

68 1267 229 1312 cubitis
245 1267 299 1311 de
317 1267 742 1325 centum-octoginta
761 1266 966 1310 detractis
982 1302 993 1321 ,
1015 1282 1038 1310 a
1061 1264 1171 1310 faeie
1196 1264 1468 1310 tabernaculi

69 1336 165 1382 velo
183 1336 406 1397 duplicato
418 1372 429 1393 ,
451 1347 528 1382 eta
545 1337 858 1398 posterioribus
876 1335 1150 1382 tabernaculi
1168 1337 1352 1381 dimidio
1369 1335 1469 1381 velo

0 1456 1 1459 ,
68 1409 284 1454 subtecto.

126 1483 225 1525 XV.
251 1484 349 1524 Jam
372 1478 485 1524 illud
507 1479 629 1540 quod
652 1479 850 1539 sequitur
869 1478 989 1524 aliud
1010 1489 1089 1535 est,
1116 1489 1160 1524 et
1180 1478 1309 1523 aliam
1330 1495 1471 1540 quaes-

72 1550 234 1596 tionem
262 1551 416 1605 infert,
456 1559 632 1610 propter
668 1550 1020 1609 quam‘maxiine
1053 1551 1182 1610 hujus
1215 1549 1300 1594 loci
1338 1565 1472 1610 expo-

68 1621 270 1666 sitionem
306 1619 599 1664 differendam
630 1621 807 1680 putavi,
842 1630 892 1664 ut
925 1621 1046 1680 prius
1077 1630 1121 1665 et
1147 1620 1335 1665 formam
1361 1637 1471 1666 con-

69 1690 279 1736 stituendi
315 1689 605 1744 tabernaculi,
639 1699 682 1734 et
713 1690 768 1734 de
802 1691 910 1734 atrio
943 1690 1319 1751 circumponendo
1349 1691 1471 1752 quod

67 1764 278 1823 scriptum
296 1772 360 1806 est
379 1761 641 1806 videremus.
671 1762 878 1822 Sequitur
899 1778 1018 1822 ergo,
1045 1782 1065 1805 «
1089 1763 1302 1808 Cubitum
1317 1779 1368 1807 ex
1386 1764 1470 1808 hoc

73 1854 93 1876 »
120 1844 164 1879 et
183 1834 385 1879 cubitum
401 1849 453 1877 ex
476 1834 559 1877 hoc
578 1869 588 1889 ,
606 1849 657 1876 ex
678 1849 729 1877 eo
754 1833 876 1894 quod
894 1844 1071 1894 superat
1088 1833 1193 1879 velis
1207 1833 1262 1879 de
1279 1835 1473 1892 longitu-

73 1923 94 1947 »
118 1906 219 1950 dine
229 1904 428 1950 velorum
449 1903 738 1959 tabernaculi,
753 1905 835 1949 erit
856 1914 1089 1963 contegens
1104 1921 1233 1965 super
1252 1904 1387 1950 latera
1405 1916 1472 1950 ta-
1534 1921 1542 1930 ‘

77 1996 96 2019 »
123 1976 350 2022 bernaculi
369 1977 474 2021 hinc
489 1973 620 2037 atque
634 1975 752 2031 111110,
774 1985 824 2020 ut
840 1977 1007 2036 operiat
1021 1979 1051 2020 1.
1076 1996 1095 2018 »
1117 1976 1252 2021 Aliud
1274 1987 1338 2021 est
1353 1977 1472 2038 quod

73 2049 296 2109 superabit
325 2063 413 2092 una
444 2062 546 2107 pars
583 2063 656 2091 sex
685 2046 883 2091 velorum
911 2047 1037 2091 aliam
1070 2057 1238 2107 partem
1273 2049 1472 2110 quinque

74 2119 286 2175 velorum,
305 2129 485 2179 propter
502 2118 757 2178 ampliorem
770 2117 968 2163 velorum
979 2133 1212 2162 numerum
1225 2153 1236 2174 ‚
1251 2118 1346 2163 und
1363 2120 1473 2179 ejam

71 2188 281 2245 diximus,
307 2189 428 2234 aliud
456 2188 577 2249 quod
609 2188 833 2248 superabit
861 2188 916 2232 de
944 2188 1220 2247 longitudine
1247 2189 1470 2245 velorum,

74 2261 190 2313 unde
219 2277 339 2306 nunc
370 2260 537 2304 dictum
567 2268 645 2303 est.
672 2262 739 2303 Ita
767 2260 883 2304 enim
909 2276 999 2305 non
1028 2276 1127 2320 pars
1154 2262 1267 2321 parti
1296 2277 1475 2322 compa-

74 2342 213 2389 ratur,
241 2343 285 2377 et
315 2331 449 2377 altera
482 2330 663 2375 alteram
693 2346 896 2391 superare
922 2332 1165 2389 invenitur,
1190 2331 1266 2376 illa
1293 2332 1472 2389 scilicet,

75 2420 172 2465 quae
198 2404 293 2450 vela
315 2420 387 2449 sex
413 2403 562 2458 habet,
588 2401 706 2447 illam
729 2419 830 2464 quae
855 2403 949 2447 vela
968 2404 1167 2465 quinque
1187 2404 1348 2463 habet,
1375 2421 1475 2466 quae

76 2475 213 2519 ambae
231 2475 475 2519 ut‘sibimet
495 2482 792 2534 aequarentur,
821 2490 844 2519 a
858 2473 968 2519 facie
986 2474 1259 2520 tabernaculi
1277 2474 1392 2520 facta
1409 2485 1474 2520 est

76 2546 204 2590 unius
223 2544 309 2591 veli
328 2545 589 2606 duplicatio,
617 2561 640 2589 a
669 2553 792 2604 tergo
815 2543 984 2590 dimidii
1011 2545 1229 2591 subtectio
1251 2565 1260 2591 :
1284 2546 1360 2591 sed
1381 2546 1475 2607 ipsa

124 2637 133 2654 ¹
155 2631 254 2666 Exod.
276 2642 365 2673 xxvi,
384 2632 435 2664 13.
