1872 3267
433 241 689 271 LoCUTmNES
724 244 775 269 m:
809 243 970 279 Exmw,
1010 243 1089 269 rm.
1128 243 1173 267 11.
1436 229 1488 266 37

109 326 128 348 »
165 312 287 354 nos¹:
309 329 327 350 »
353 309 411 353 sic
432 309 547 352 enim
569 308 703 351 habet
727 322 916 366 graecus:
939 306 1099 350 latinus
1122 315 1267 349 autem
1285 305 1344 349 ait
1361 320 1492 365 quem

106 394 184 438 pro
207 381 372 440 optimo
398 378 652 438 legebamus
669 414 679 431 ‚
710 397 728 418 «
754 387 803 422 ut
824 377 983 422 daretis
1011 376 1202 436 gladium
1223 377 1268 420 in
1292 376 1493 420 manibus

109 470 126 492 υ
165 453 269 512 ejus,
288 450 396 512 »qui
413 450 698 504 soloecismus,
713 448 834 493 nulla
851 448 1220 509 interpretationis
1243 447 1495 492 necessitate

106 522 243 566 factus
265 532 353 578 est,
379 522 481 582 quia
503 522 550 565 in
572 535 712 579 graeco
735 536 823 565 non
841 530 919 565 est.

166 607 319 648 XXIV.
352 625 370 645 (ι
399 605 534 649 statui
561 613 871 648 testamentum
899 618 1040 647 meum
1068 601 1118 646 ad
1144 601 1241 646 illos
1263 602 1320 645 ita
1345 611 1393 644 ut
1414 601 1494 661 dfi-

104 695 122 714 υ
161 691 249 719 rem
274 675 356 720 illis
380 686 533 720 terram
557 676 934 726 Chananzrorum,
963 684 1004 718 et
1031 683 1187 717 terram
1212 688 1344 732 quam
1372 674 1493 716 inco-

107 766 121 784 -ι
162 746 357 801 luerunt,
381 747 422 789 in
446 763 531 805 qua
555 756 597 789 et
613 745 889 790 incoluerunt
910 746 951 788 in
966 762 1013 788 ea
1025 750 1039 769 '²
1059 765 1066 788 2
1099 764 1113 784 n
1143 744 1201 787 sio
1221 743 1336 786 enim
1363 744 1489 786 habet

102 832 289 874 graecus‘,
315 817 434 877 quod
458 818 610 877 utique
635 826 676 860 vt,
698 818 740 860 iu
771 833 909 874 graeca
934 816 1078 875 lingua
1109 814 1294 858 absurde
1324 813 1495 857 videtur

100 900 273 943 :souareg
294 898 333 931 et
357 898 499 931 tamen
522 888 801 946 Septuaginta
816 888 1102 946 interpretum
1124 884 1357 929 auotoritas
1378 894 1494 927 tauta

100 968 185 1012 est,
212 975 319 1018 quos
351 960 406 1003 ita
430 959 551 1019 loqui
575 974 661 1002 uon
688 959 841 1018 piguit.
874 957 989 1011 Quid
1014 958 1151 1010 enim,
1180 966 1222 1000 et
1247 972 1394 1000 sensus
1424 955 1494 999 hic

100 1028 201 1072 latet
213 1031 230 1072 Ρ
250 1028 370 1089 quod
387 1030 420 1073 si
435 1029 583 1073 nullus
602 1039 664 1073 est
677 1065 686 1083 ‚
713 1029 800 1088 ipsa
823 1028 986 1073 locutio
1000 1027 1192 1073 notanda
1209 1036 1294 1081 est,
1316 1042 1371 1070 ne
1390 1026 1492 1069 alibi

99 1100 272 1144 inventa
306 1116 478 1144 sensum
503 1100 735 1159 impediat,
761 1099 830 1143 vel
857 1098 1022 1159 aliquid
1050 1113 1245 1159 quaerere
1268 1098 1346 1142 ubi
1377 1113 1494 1158 quae-

100 1171 284 1215 rendum
307 1187 396 1216 non
419 1181 504 1226 est,
526 1169 773 1230 compellat.

157 1257 293 1298 XXV.
313 1253 443 1307 Quod
457 1254 589 1298 hahet
603 1253 786 1308 latinus,
814 1273 834 1295 «
850 1254 1064 1298 Exaudivi
1080 1253 1289 1312 gemitum
1301 1251 1493 1297 filiorum

97 1342 118 1365 δ)
156 1324 286 1369 Israel
300 1361 310 1380 ,
329 1325 702 1385 quemadmodum
720 1325 917 1385 AEgyptii
937 1325 1183 1384 affligerent
1197 1341 1268 1369 eos
1282 1326 1318 1370 3:
1339 1344 1358 1365 >›
1378 1325 1496 1367 Grae-

97 1412 171 1441 cus
192 1397 325 1440 habet
357 1402 622 1437 κκτκδωὶοῠνται
644 1397 765 1458 quod
794 1398 1072 1458 interpretari
1094 1407 1237 1458 posset
1253 1433 1263 1453 ,
1297 1417 1316 1438 α
1341 1397 1385 1440 in
1412 1411 1494 1440 ser-

98 1485 118 1507 »
155 1468 337 1511 vitutem
362 1466 565 1525 redigunt
583 1484 654 1513 eos
674 1489 680 1513 :
701 1488 719 1509 »
748 1485 847 1513 nam
872 1485 962 1513 uno
984 1469 1117 1513 verbo
1141 1485 1231 1513 non
1252 1476 1409 1528 potest.

155 1554 318 1595 XXVI.
345 1570 365 1593 «
388 1554 446 1595 Et
473 1551 646 1595 loeutus
671 1561 734 1596 est
755 1555 927 1610 Moyses
955 1554 1014 1596 sio
1040 1553 1094 1595 ad
1122 1553 1232 1596 filios
1266 1550 1398 1595 Israel
1414 1586 1425 1606 ,
1452 1559 1495 1594 et

98 1642 118 1663 »
155 1638 244 1666 non
267 1621 556 1666 exaudierunt
577 1625 761 1680 Moysen
779 1639 802 1666 a
821 1622 1067 1667 defectione
1091 1623 1222 1667 animi
1246 1632 1289 1666 et
1312 1623 1367 1666 ab
1390 1636 1496 1682 ope-

99 1712 118 1733 »
156 1693 273 1736 ribus
296 1692 414 1736 duris
430 1693 444 1717 ⁴
468 1693 780 1737 :exaudierunt
797 1713 815 1734 n
844 1694 901 1737 ait
917 1729 926 1747 ,
951 1709 1064 1748 non,
1092 1693 1340 1737 audierunt.

152 1777 337 1818 XXVII.
368 1794 387 1815 «
412 1777 507 1833 Ego
526 1775 642 1818 enim
662 1774 918 1836 ineloquens
940 1778 1061 1819 sum⁵
1075 1811 1085 1830 ,
1104 1774 1222 1836 quod
1248 1776 1306 1819 ait
1324 1777 1496 1832 Moyses

96 1846 150 1890 ad
174 1845 407 1888 Dominum
425 1880 435 1897 ,
475 1854 584 1899 ἅλςγες
609 1846 719 1889 dixit
754 1862 939 1904 graecus,
973 1862 1062 1890 non
1093 1847 1340 1907 imperitus‚
1369 1846 1494 1906 quasi

98 1921 218 1966 οἶμαύἢς
240 1914 311 1958 VCl
333 1920 535 1959 ἀπαίδευτος.

154 1994 358 2036 XXVIII.
393 2014 411 2034 «
446 1993 499 2036 Hi
527 2001 630 2036 sunt
654 1996 800 2037 Aaron
823 2002 866 2037 et
886 1996 1084 2050 Moyses,
1118 1995 1280 2054 quibus
1303 1995 1410 2040 dixit
1433 1997 1493 2040 eis

100 2081 117 2101 n
156 2065 268 2106 Deus
295 2072 345 2107 ut
373 2063 566 2108 educant
594 2063 702 2107 filios
738 2064 867 2109 Israel
890 2064 945 2108 de
976 2074 1089 2109 terra
1118 2067 1327 2126 AEgyptiG
1352 2087 1359 2111 z
1388 2087 1406 2107 »
1433 2068 1491 2111 sic

97 2134 211 2177 enim
236 2135 367 2179 habet
387 2151 566 2195 graecus.

155 2219 316 2259 XXIX.
362 2237 380 2257 «
415 2220 527 2261 Eece
569 2232 650 2274 ego
687 2216 834 2274 gracili
875 2234 979 2263 voce
1023 2235 1140 2274 sum,
1185 2230 1228 2264 et
1266 2220 1490 2281 quomodo

99 2306 118 2327 »
156 2287 358 2332 exaudiet
381 2303 449 2332 me
474 2290 641 2333 Pharao
659 2291 698 2333 7Ξ)
725 2309 742 2330 υ
771 2290 1023 2335 Notandum
1051 2292 1171 2352 quod
1195 2313 1212 2333 «
1238 2292 1441 2337 exaudiet
1466 2312 1485 2334 >›

97 2358 228 2413 dixit,
251 2376 362 2416 non,
389 2360 550 2405 audiet.

153 2438 344 2481 XXX..„«
370 2438 490 2482 Fecit
509 2447 654 2482 autem
676 2441 848 2496 Moyses
871 2448 913 2482 et
940 2442 1112 2494 Aaron,
1144 2439 1256 2484 sicut
1284 2440 1493 2500 praecepit

146 2537 154 2553 ¹
180 2533 278 2563 Exotl.
299 2543 406 2575 v,21.
428 2552 470 2557 —
490 2542 502 2556 2
529 2536 620 2577 Id.1‚
647 2535 679 2578 ἦ.
701 2553 741 2559 -
763 2534 878 2569 ³1bid.
910 2536 940 2569 5.
969 2554 1011 2559 —
1038 2535 1153 2569 41bid.
1172 2548 1204 2579 9.
1235 2554 1276 2560 --
1295 2535 1310 2559 5
1330 2537 1410 2569 lbid.
1436 2545 1486 2569 12.

99 2604 140 2610 —-
159 2585 173 2607 ’ἕ
199 2588 278 2619 Ibid.
301 2589 354 2621 26.
382 2607 423 2613 ’-
448 2598 461 2623 7
482 2590 562 2623 Ibid.
585 2593 638 2623 30.
