1872 3267
427 201 508 239 172
848 213 880 239 s.
918 210 1145 242 Avensa-nu
1177 215 1357 243 Emscom

911 314 1145 363 QUAESTIO
1176 317 1310 358 cxvi.

481 432 501 454 «
546 415 759 458 Ascmvnm-
793 423 941 482 autem
971 417 1083 460 Deus
1111 416 1166 460 ab
1201 432 1251 461 eo
1284 416 1405 471 loco,
1430 416 1509 460 ubi
1533 416 1705 461 locutus
1736 427 1798 463 est
1859 466 1861 471 ⁴

420 502 440 524 »
475 500 575 528 cum
594 500 644 529 eo
661 505 671 542 3
689 494 732 528 et
753 485 903 529 statuit
921 486 1055 530 Jacob
1074 487 1251 531 titulum
1272 488 1317 531 in
1338 488 1434 531 loco
1451 487 1495 530 in
1520 504 1608 547 quo
1625 488 1797 533 locutus
1859 484 1861 493 ’

419 573 438 595 »
473 565 537 599 est
557 571 658 599 cum
677 571 749 611 eo,
770 555 947 599 titulum
968 556 1187 616 lapideum
1207 579 1217 614 3
1234 558 1441 602 etlibavit
1463 574 1592 618 super
1619 574 1720 603 eum
1742 559 1797 603 li-
1857 612 1859 614 v

416 643 435 665 »
472 625 656 680 bamen,
689 635 733 670 et
758 625 921 670 infudit
958 642 1086 686 super
1115 643 1214 672 eum
1244 627 1413 686 oleum3
1451 638 1494 672 et
1521 630 1693 673 vocavit
1724 632 1799 674 Ja-

415 712 434 735 »
470 696 552 739 cob
585 711 745 740 nomen
766 694 867 750 loci,
894 696 939 739 in
961 713 1049 756 quo
1074 697 1246 741 loeutus
1264 708 1327 742 est
1350 714 1450 742 cum
1469 714 1520 742 eo
1541 698 1630 743 illic
1652 703 1766 743 Deus
1783 734 1794 755 ‚
1855 687 1857 695 '

413 783 432 805 »
469 764 661 809 Bethel¹.
690 784 709 806 »
750 769 912 810 Iterum
938 766 1103 811 factum
1133 777 1195 812 est
1223 769 1305 812 hoc
1330 768 1449 823 loco,
1482 770 1603 828 quod
1627 769 1794 813 factum
1852 812 1855 830 ‚

409 836 570 892 fuerat,
596 853 651 880 an
674 837 828 880 iterum
849 848 1237 883 commemoratum
1251 849 1314 883 est
1330 841 1348 883 Ρ
1367 838 1447 884 Sed
1464 839 1693 900 quodlibet
1715 841 1797 884 ho-

408 922 504 949 rum
527 907 603 961 sit,
631 922 759 966 super
780 906 972 966 lapidem
998 907 1150 953 libavit
1172 910 1324 964 Jacob,
1352 925 1438 953 non
1468 908 1603 968 lapidi
1624 908 1792 954 libavit.
1850 911 1853 926 ¹

407 979 502 1021 Non
521 992 623 1035 ergo
644 977 756 1021 sicut
777 976 1018 1021 idololatrae
1041 978 1182 1022 solent
1205 994 1295 1022 aras
1325 988 1425 1023 ante
1447 978 1611 1039 lapides
1633 980 1795 1024 eonsti-
1849 975 1851 1020 Ξ

405 1055 526 1090 tuere
542 1082 553 1101 ,
573 1056 616 1091 et
637 1056 845 1108 tanquam
863 1046 942 1090 diis
964 1046 1100 1091 libare
1117 1047 1352 1107 lapidibus.
1848 1040 1850 1062 ÷

887 1157 1121 1206 QUAESTIO
1154 1158 1306 1198 cxvii.

474 1260 507 1302 I.
542 1260 668 1311 Qnon
697 1257 929 1302 duodecim
957 1259 1034 1303 filii
1066 1269 1377 1318 computantur
1410 1258 1564 1314 Israel,
1596 1259 1672 1319 qui
1702 1260 1789 1303 nati
1843 1281 1845 1295 ι

400 1337 500 1371 sunt
534 1328 594 1382 ei,
632 1337 675 1371 et
701 1327 883 1383 dicitur‚
918 1348 937 1371 «
974 1330 1029 1372 Hi
1054 1339 1156 1372 sunt
1177 1328 1253 1372 filii
1280 1329 1432 1383 lsrael,
1469 1330 1544 1388 qui
1577 1329 1667 1372 nati
1689 1338 1789 1373 sunt
1842 1341 1844 1376 ὲ

402 1415 421 1438 »
457 1398 494 1440 ei
530 1399 574 1441 in
608 1398 918 1458 Mesopotamia
937 1403 980 1453 ¹2,
1026 1417 1045 1439 »
1085 1415 1186 1443 cum
1220 1400 1445 1459 Benjamin
1478 1398 1607 1457 longe
1644 1408 1789 1458 postea
1842 1396 1843 1403 ¹

398 1477 525 1511 natus
549 1468 626 1522 sit,
661 1484 761 1512 cum
777 1469 868 1528 jam
891 1469 1127 1512 transiisset
1149 1468 1301 1512 Bethel
1317 1504 1327 1524 ,
1354 1479 1396 1513 et
1421 1470 1790 1528 appropinquaret
1838 1463 1841 1534 J

397 1538 673 1582 Bethlehem:
702 1538 860 1582 frustra
889 1539 1068 1599 quidam
1091 1549 1297 1584 conantes
1318 1539 1442 1583 istam
1460 1539 1624 1584 solvere
1646 1555 1789 1600 quaes-
1837 1543 1839 1596 j

397 1610 582 1663 tionem,
628 1609 831 1653 dixerunt
870 1625 959 1654 non
996 1609 1256 1668 legendum,
1305 1629 1324 1651 «
1360 1609 1459 1654 Nati
1481 1619 1604 1665 sunt,
1630 1627 1650 1650 »
1677 1610 1788 1654 sicut
1837 1599 1839 1602 ‚

396 1679 519 1724 latini
538 1671 733 1740 plserique
750 1680 919 1724 codices
935 1680 1121 1737 hahent3
1141 1680 1230 1734 sed,
1257 1700 1276 1722 «
1299 1680 1419 1724 Facti
1443 1689 1567 1724 sunt:
1600 1698 1619 1721 η
1647 1696 1788 1739 graeee
1834 1687 1836 1726 ἐ

396 1750 512 1793 enim
523 1750 730 1809 scriptum
744 1759 806 1793 est
829 1758 989 1802 ἐγένωτοε
1015 1750 1075 1794 ita
1107 1749 1302 1794 volentes
1319 1749 1504 1808 intelligi
1527 1751 1657 1795 etiam
1679 1753 1787 1794 Ben-
1832 1757 1835 1811 ξ

389 1820 551 1879 jamin,
577 1820 772 1879 quamvis
793 1820 854 1863 ibi
889 1829 1015 1864 natus
1043 1835 1131 1863 non
1154 1819 1307 1874 fuerit,
1332 1819 1392 1863 ihi
1422 1818 1584 1863 sactum
1616 1829 1783 1877 tamen3
1832 1815 1833 1855 ἶ

396 1890 500 1950 quia
525 1891 615 1949 jam
651 1888 791 1934 fuerat
818 1891 863 1933 in
897 1899 1020 1934 utero
1053 1890 1311 1945 seminatus,
1347 1899 1397 1934 ut
1435 1905 1662 1949 praegnans
1684 1890 1785 1934 inde

398 1959 581 2014 Rachel,
601 1960 747 2004 exiisse
764 1960 980 2004 credatur.
999 1963 1092 2004 Hoc
1111 1970 1255 2004 autem
1274 1960 1405 2004 modo
1428 1960 1614 2015 etiamsi,
1645 1980 1664 2002 «
1689 1962 1784 2005 Nati

397 2049 417 2072 »
453 2040 575 2085 sunt,
602 2050 621 2072 »
644 2031 881 2090 legeretur,
907 2032 1236 2090 possentdicere
1254 2051 1262 2075 :
1283 2051 1301 2072 «
1327 2034 1422 2074 Jam
1444 2032 1488 2074 in
1510 2040 1634 2075 utero
1656 2040 1783 2075 natus
1826 2037 1829 2087 j

396 2121 416 2143 »
452 2112 544 2146 erat
568 2121 586 2142 »
614 2103 714 2162 quia
742 2113 976 2163 conceptus
1000 2112 1116 2157 erat,
1145 2103 1255 2146 sicut
1283 2101 1337 2145 dc
1368 2111 1514 2146 sancta
1533 2103 1666 2147 Maria
1689 2102 1784 2146 dic·
1825 2120 1827 2141 ι

393 2182 487 2217 tum
506 2172 641 2216 estad
663 2174 822 2232 Joseph
840 2193 848 2218 :
870 2193 890 2216 «
911 2173 1039 2226 Quod
1057 2174 1171 2217 enim
1196 2173 1242 2216 in
1259 2187 1307 2216 ea
1330 2181 1482 2216 natum
1501 2181 1578 2227 est,
1605 2172 1658 2216 de
1684 2173 1782 2232 Spi-

396 2263 415 2284 »
452 2243 539 2287 ritu
560 2253 708 2287 sancto
732 2246 843 2287 estss.
874 2262 893 2284 »
1822 2257 1823 2286 l

451 2317 509 2357 11.
537 2313 620 2358 Sed
638 2312 756 2356 aliud
779 2322 841 2357 est
857 2349 866 2367 ,
888 2313 1008 2373 quod
1027 2312 1208 2372 impedit
1230 2313 1340 2356 hanc
1353 2312 1615 2356 solutionem
1633 2328 1776 2372 quaes-
1820 2326 1822 2374 ᾗ

390 2385 517 2429 tionis
531 2386 659 2444 hujus
675 2405 685 2441 3
704 2385 804 2444 quia
819 2384 851 2427 si
868 2386 959 2443 jam
976 2384 1036 2427 ibi
1054 2385 1277 2443 Benjamin
1300 2393 1535 2443 conceptus
1560 2393 1673 2438 erat,
1695 2384 1770 2444 qui
1820 2382 1821 2390 ¹

384 2455 456 2499 filii
482 2456 617 2499 Jacob
641 2454 823 2513 grandes
845 2453 946 2497 inde
968 2455 1188 2509 exierunt,
1213 2454 1281 2498 vix
1304 2469 1518 2498 annorum
1537 2453 1774 2498 duodecim
1816 2447 1819 2539 ¹³

435 2558 443 2573 ¹
462 2553 540 2583 Gen.
560 2562 660 2592 xxxv,
689 2550 799 2583 13-15.
825 2567 864 2573 —-
886 2557 898 2572 ²
918 2550 997 2583 Ihid.
1018 2550 1073 2581 26.
1090 2566 1130 2572 -—-
1151 2547 1163 2572 3
1183 2549 1296 2582 Manli.
1314 2561 1338 2590 1,
1365 2558 1418 2581 ρο.
