1872 3267
351 211 617 249 QUAESTIORES
651 214 692 239 m
726 210 879 249 105111,
917 214 997 240 Lm.
1037 215 1094 240 vr.
1329 202 1412 241 563

26 292 74 321 ea
98 287 383 337 sequerentur
405 294 502 338 ([11εο
533 277 676 336 ipsum
697 279 844 320 Jesum
868 277 1105 321 bellantem
1127 287 1271 322 secuta
1293 288 1409 323 sunt.

26 349 138 402 Quia
158 364 262 393 vero
293 366 381 394 non
403 350 448 393 in
481 348 539 392 eis
562 357 682 392 tanta
706 348 812 392 fides
839 348 943 404 suit7
966 350 1095 394 etiam
1126 365 1227 393 eum
1259 349 1414 395 adver-

22 419 140 463 sariis
163 420 250 463 suis
283 418 632 480 praevaluissent,
657 434 852 478 pugnare
884 435 985 463 cum
1015 419 1074 463 eis
1097 436 1235 480 usque
1259 419 1314 464 ad
1342 420 1413 464 in-

22 490 317 535 ternecionem
339 505 499 540 eorum
510 489 666 533 timore
685 505 774 534 non
794 490 886 534 ausi
901 499 1016 534 sunt.
1034 492 1172 543 Quem
1190 491 1408 548 timorem,

20 569 72 604 ut
94 561 199 616 dixi,
223 578 313 607 non
336 562 390 605 de
411 560 590 616 malitia,
612 576 756 621 neque
774 559 829 604 de
844 560 1046 620 superbia
1063 559 1134 605 vel
1155 571 1412 622 contemptu

21 635 229 693 praecepti
258 633 485 689 dominici,
521 631 596 676 sed
619 631 673 676 de
696 632 830 677 animi
864 633 1116 677 infirmitate
1139 635 1408 691 venientem,

21 702 164 749 noluit
185 704 244 749 eis
267 704 477 749 Dominus
510 704 740 763 imputare,
762 720 861 749 cum
894 705 952 748 eis
979 720 1055 764 per
1083 707 1233 749 Jesum
1270 706 1412 750 novis-

8 774 127 819 'sima
147 773 416 836 loqueretur.
436 773 562 819 Unde
584 783 626 818 et
650 774 903 835 Apostolus:
928 775 1224 831 «Alexander,
1247 778 1407 838 inquit,

0 875 1 900 3
23 863 45 887 »
81 847 254 891 aerarius
277 846 415 891 multa
437 846 551 890 mala
579 847 685 890 mihi
709 847 912 903 ostendit,
940 847 1094 893 reddet
1115 848 1178 892 illi
1201 850 1412 894 Dominus

24 934 45 958 ³)
80 916 322 962 secundum
340 933 470 977 opera
491 917 663 977 ipsius¹.
692 936 713 959 »
739 921 800 962 De
823 918 888 962 his
912 929 1057 963 autem
1076 920 1153 980 qui
1180 936 1278 965 eum
1303 921 1413 980 peri-

21 988 244 1034 clitantem
274 1005 362 1034 non
383 988 546 1033 malitia
556 1025 571 1045 ,
592 988 668 1034 sed
697 989 852 1034 timore
884 990 1184 1048 deseruerant,
1210 993 1269 1037 ita
1293 992 1412 1038 locu-

23 1069 92 1106 tus
107 1071 171 1106 est
188 1080 198 1106 t
219 1079 238 1104 «
265 1064 317 1106 In
344 1062 484 1122 prima
501 1077 597 1106 mea
615 1060 867 1107 defensione
888 1079 1018 1108 nemo
1039 1065 1148 1108 mihi
1172 1063 1318 1122 affuit,
1339 1064 1414 1111 sed

24 1149 45 1174 »
81 1147 231 1178 omnes
252 1148 322 1177 me
345 1132 700 1194 dereliquerunt:
725 1149 815 1179 non
835 1133 920 1179 illis
941 1134 1226 1195 imputetur2.
1255 1155 1274 1177 »

70 1238 78 1254 ¹
107 1241 126 1264 2
148 1233 227 1265 Tim.
244 1243 289 1265 lv.
316 1249 358 1256 -—
380 1239 392 1256 ²
412 1231 493 1265 lbid.
515 1232 567 1265 16.

1153 2633 1218 2672 36.
