1872 3267
387 239 644 267 LocwnoNEs
677 241 731 267 nn
762 241 941 277 GENE51‚
977 242 1060 267 mu.
1098 244 1126 266 1.
1392 232 1443 268 17

63 303 222 348 habere
243 303 592 364 perhibeantur«
611 304 762 362 Syriae,
781 322 802 345 »
817 303 893 349 sed
909 319 1011 350 cum
1026 305 1224 350 asterisco
1237 305 1448 366 scriptum

0 382 1 421 ἑ
62 383 141 419 est.

122 460 219 504 CII.
244 464 352 503 Deus
375 458 431 503 ad
447 459 584 503 Jacob
599 494 610 514 ‚
632 478 651 501 «
676 461 774 504 Non
794 459 1096 520 derelinquam
1121 468 1162 503 te
1178 494 1189 514 ,
1215 460 1355 505 donec
1382 460 1450 505 fa-

66 547 88 571 »
109 529 219 574 ciam
229 530 373 575 omnia
389 546 489 590 quae
502 539 646 574 tecum
662 529 835 575 locutus
852 531 974 574 sum²
994 549 1002 574 2
1020 548 1039 570 »
1063 530 1186 590 quasi
1199 530 1452 576 dimissurus

64 616 165 645 cum
187 599 361 658 fecerit3
385 616 475 644 non
498 601 651 661 utique
666 636 676 656 ‚
703 599 779 644 sed
796 599 961 645 locutio
984 608 1062 644 est.

120 684 242 727 CIII.
272 701 292 724 «
320 682 512 727 Surrexit
545 681 682 726 Jacob
712 681 766 725 de
787 697 939 727 somno
970 697 1074 736 suo,
1108 691 1151 726 et
1172 681 1307 728 dixit:
1342 683 1453 737 Quia

65 771 86 794 »
110 761 173 797 est
185 752 396 797 Dominus
414 751 569 797 inloeo
591 753 691 807 hoe⁷
708 767 787 810 ego
810 762 957 797 autem
977 753 1285 812 ignorabam2:
1313 775 1329 795 »
1356 754 1452 814 ple-

62 839 144 867 nus
165 838 310 867 sensus
328 832 411 878 est,
443 824 521 867 etsi
545 839 634 868 non
660 823 840 879 habeat,
879 843 898 866 «
930 825 1046 885 quia.
1074 827 1152 869 Est
1173 825 1383 870 Dominus
1411 827 1454 870 in

65 911 86 935 >›
111 893 206 938 loco
224 893 332 938 hoe:
356 911 376 934 »
398 909 446 937 ae
470 894 502 937 si
520 892 684 938 diceret
709 913 717 937 :
747 913 766 936 «
783 897 861 938 Est
877 894 948 938 hic
965 894 1279 940 demonstratio
1300 897 1452 940 Domi—

63 981 86 1005 »
111 963 155 1007 ni
174 983 193 1004 »
217 979 332 1009 :non
354 963 470 1007 enirn
492 963 704 1008 Dominus
721 964 765 1007 in
786 963 884 1008 loeo
907 974 985 1009 est.

121 1048 234 1092 CIV.
262 1046 398 1091 Jacob
413 1046 684 1106 interrogans
706 1046 826 1106 quod
846 1047 904 1091 ait
922 1066 930 1091 ;
960 1066 980 1089 α
1003 1048 1144 1092 Nostis
1157 1048 1309 1093 Laban
1323 1049 1457 1094 filiam

65 1135 86 1159 »
112 1118 323 1173 Nachor3‚
364 1138 381 1159 »
407 1133 509 1162 cum
528 1127 638 1162 esset
659 1116 773 1162 filius
792 1117 977 1162 Bathuel
996 1139 1006 1176 3
1030 1118 1370 1178 intelligendum
1392 1131 1456 1165 est

63 1189 321 1234 nobiliorem
344 1187 474 1234 fuisse
487 1190 680 1244 Nachor‚
708 1199 751 1234 et
770 1190 926 1234 merito
940 1190 1163 1250 dignitatis
1182 1193 1274 1251 ejus
1291 1191 1458 1238 factum

63 1277 153 1306 esse
177 1271 228 1306 ut
251 1260 306 1305 de
327 1261 419 1321 ipso
441 1261 743 1320 interrogaret.
772 1261 932 1306 Filium
955 1271 1103 1306 autem
1132 1262 1219 1307 diei
1251 1273 1294 1307 et
1327 1264 1394 1308 avi
1417 1274 1461 1310 et

63 1332 211 1393 proavi
228 1341 271 1377 et
287 1331 402 1376 ultra
417 1332 590 1392 majoris
606 1332 789 1393 alicujus
807 1349 907 1377 eum
927 1333 1004 1394 qui
1020 1349 1070 1377 ex
1083 1333 1158 1378 illo
1173 1345 1456 1395 propagatur,

64 1402 353 1448 usitatissimae
366 1402 599 1447 locutionis
622 1412 700 1447 est.
728 1404 840 1448 Hine
858 1413 922 1448 est
943 1403 1065 1464 quod
1084 1413 1126 1448 et
1151 1408 1268 1450 Isaac
1290 1415 1460 1465 patrem

63 1472 140 1517 filii
167 1473 233 1516 sui
270 1471 505 1533 appellavit
535 1472 780 1528 Abraham,
821 1474 934 1518 sicut
962 1473 1094 1534 paulo
1131 1484 1232 1519 ante
1262 1491 1459 1520 comme-

64 1558 245 1588 moravi.

124 1626 216 1670 CV.
241 1643 262 1665 «
284 1623 442 1668 Adhuc
464 1632 528 1668 est
548 1624 639 1668 dies
660 1623 815 1678 multa,
831 1624 1032 1669 nondum
1054 1635 1119 1670 est
1141 1627 1248 1672 hora
1271 1643 1460 1687 congre-

68 1713 89 1737 »
113 1695 244 1755 gandi
261 1695 460 1754 pecora&
485 1712 505 1734 »

124 1779 236 1823 CVI.
261 1796 279 1818 «
296 1779 353 1820 Et
365 1774 486 1820 dedit
499 1774 561 1819 illi
573 1774 739 1820 Ballam
755 1775 956 1821 ancillam
970 1793 1092 1822 suam
1107 1778 1187 1839 ipsi
1200 1784 1400 1826 uxorem⁵
1418 1801 1458 1828 :n

67 1847 246 1909 plenum
268 1855 400 1902 esset,
425 1845 503 1890 etsi
529 1865 550 1888 «
575 1845 656 1905 ipsi
680 1864 700 1886 »
722 1862 812 1891 non
836 1846 1086 1893 adderetur.

125 1933 262 1977 CVII.
290 1949 310 1972 «
345 1929 388 1974 Si
424 1928 570 1973 inveni
600 1929 781 1987 gratiam
804 1939 905 1975 ante
945 1940 1009 1987 te,
1035 1943 1274 1993 auguratus
1295 1951 1456 1993 essem,

71 2021 92 2044 »
112 1999 333 2046 benedixit
350 2000 466 2044 enim
483 2015 553 2044 me
571 2002 685 2044 Deus
710 2000 756 2045 in
778 2001 962 2046 introitu
978 2012 1056 2048 tuo
1070 2005 1085 2030 ⁰
1109 2024 1117 2049 :
1140 2023 1161 2046 »
1182 2021 1272 2050 non
1284 2007 1462 2053 videtur

68 2088 355 2133 consequens,
370 2072 472 2132 quia
492 2071 564 2116 hic
577 2070 813 2117 dicendum
831 2071 915 2118 fuit
934 2094 942 2119 :
962 2094 981 2117 «
1011 2076 1053 2120 Si
1078 2075 1339 2123 invenissem
1363 2097 1462 2140 gra-

71 2161 93 2186 »
107 2144 212 2188 tiam
224 2151 324 2187 ante
338 2151 396 2196 te,
411 2150 648 2201 auguratus
661 2158 967 2198 essem,»nune
981 2150 1178 2202 autemj«
1188 2149 1231 2194 Si
1243 2149 1391 2195 inveni
1408 2173 1416 2197 :
1436 2171 1457 2194 »

71 2213 176 2259 ordo
198 2222 284 2258 est:
303 2212 346 2258 Si
358 2212 502 2256 inveni
518 2212 699 2271 gratiam
715 2223 815 2258 ante
837 2224 893 2270 te,
913 2217 1114 2275 permitte
1127 2234 1198 2263 me
1218 2224 1421 2280 augurari
1448 2243 1458 2269 :

71 2285 130 2329 ita
144 2285 259 2328 enim
274 2283 398 2337 dixit,
426 2302 447 2325 «
467 2292 703 2342 auguratus
727 2299 879 2340 essem,
906 2295 1154 2348 »tanquam
1172 2289 1350 2347 diceret,
1375 2309 1400 2338 0
1424 2296 1459 2338 si

72 2364 304 2415 auguratus
319 2369 453 2399 essem
468 2389 479 2410 ‚
500 2354 546 2398 id
564 2363 648 2410 est,
670 2354 725 2400 ad
744 2355 912 2401 bonum
934 2361 1169 2419 augurium
1194 2371 1237 2405 te
1252 2362 1299 2407 in
1327 2364 1460 2411 domo

72 2442 166 2472 mea
185 2427 408 2472 haberem.

121 2533 129 2549 ¹
154 2528 231 2560 Gen.
252 2534 360 2567 xxviii,
384 2523 434 2556 15.
455 2541 496 2548 —-
520 2531 533 2548 ²
553 2525 633 2557 lbid.
660 2525 774 2557 10.—-
795 2524 807 2548 3
824 2526 868 2557 ld.
891 2536 978 2566 xxix,
1007 2527 1037 2558 5.
1060 2544 1100 2550 —
1120 2526 1136 2556 4
1161 2528 1242 2559 ibid.
1264 2539 1293 2570 7.
1316 2529 1388 2552 -51
1410 2534 1458 2565 ld.

76 2595 151 2625 xxx,
171 2580 202 2624 4.
226 2577 296 2605 -G
312 2580 392 2613 ΗΜ.
416 2589 470 2622 27.

288 2645 408 2674 CXIII.
1276 2640 1300 2678 '2
