1872 3267
352 252 379 289 6
776 266 809 292 s.
846 263 1073 294 Acous'rmi
1107 267 1286 294 EPISCOPI

351 329 411 373 sic
441 330 557 373 enim
583 328 816 374 voluerunt
843 330 1115 391 interpretari
1146 331 1267 392 quod
1301 345 1441 390 graece
1471 331 1652 386 dicitur,
1699 340 1732 372 ἐν.

351 409 503 455 πλαγίων,
1145 448 1151 453 ,

410 474 554 518 XVII.
580 470 711 525 Quod
729 471 940 531 scriptum
961 480 1051 517 est:
1079 490 1100 514 «
1115 470 1274 517 Adhuc
1294 471 1411 516 enim
1430 481 1598 532 septem
1614 471 1730 530 dies,

353 560 375 584 ι)
411 558 492 602 ego
519 541 726 587 inducam
752 542 965 586 diluvium
998 558 1121 603 aquae
1149 558 1278 603 super
1309 545 1518 600 terram¹,
1553 562 1574 587 »
1608 543 1731 605 quod

350 613 554 659 nonnulli
567 613 691 658 latini
712 613 882 658 codices
898 613 1065 659 habent
1084 630 1093 655 :
1111 615 1156 658 in
1175 629 1315 672 graeco
1331 614 1569 670 invenitur,
1597 634 1618 658 «
1636 618 1730 674 Ego

351 703 375 726 »
409 684 615 730 inducam
633 684 827 744 pluviam
848 700 976 744 super
998 694 1156 732 terram
1176 705 1184 731 :
1208 704 1231 727 ιι
1257 699 1396 744 graeca
1421 685 1586 733 locutio
1608 687 1733 745 geni-

346 756 487 801 tivum
503 771 650 800 casum
666 754 813 811 habet,
831 770 920 799 non
940 755 1248 811 accusativum,
1268 765 1318 803 ut
1338 755 1373 800 si
1391 755 1476 801 hoo
1489 755 1534 800 in
1545 755 1732 802 latinum

347 827 658 886 exprimamus,
694 826 755 870 ita
787 826 958 872 dicatur
985 845 995 870 :
1020 825 1178 872 Adhuc
1210 827 1327 871 enim
1356 835 1525 888 septem
1562 825 1732 877 dierum

347 896 553 942 inducam
574 896 769 957 pluviam
785 912 914 957 super
934 906 1110 942 terram.

405 970 573 1013 XVIII.
609 967 738 1022 Quod
758 968 968 1028 scriptum
990 977 1076 1024 est,
1105 987 1125 1012 α
1143 970 1201 1014 Et
1221 966 1427 1015 fecitNos
1441 968 1586 1014 omnia
1606 984 1733 1029 quae-

351 1057 375 1082 ιι·
407 1054 598 1100 cumque
618 1040 826 1100 praecepit
846 1039 910 1084 illi
933 1040 1144 1086 Dominus
1159 1043 1295 1096 Deus,
1312 1040 1372 1084 sic
1387 1039 1535 1095 feeit2,
1561 1058 1583 1082 »
1605 1039 1734 1084 locu-

347 1111 409 1156 tio
444 1120 509 1155 est
532 1110 680 1155 similis
713 1111 752 1155 ei
783 1111 905 1172 quod
932 1111 978 1156 in
1006 1109 1257 1157 conditione
1299 1120 1510 1159 creaturae
1556 1119 1733 1170 postea-

346 1197 480 1243 quam
503 1180 679 1238 dicitur,
708 1200 730 1225 «
762 1184 820 1228 Et
843 1182 903 1227 sic
930 1191 994 1227 est
1020 1180 1212 1238 factum,
1242 1203 1260 1229 ιι
1287 1180 1479 1238 additur,
1509 1201 1530 1226 «
1554 1184 1612 1230 Et
1628 1181 1732 1228 fecit

350 1271 372 1295 >›
407 1255 536 1297 Deus.
563 1270 583 1292 »

406 1325 530 1368 XIX.
559 1342 580 1366 «
604 1322 735 1377 Quod
762 1324 971 1384 scriptum
994 1332 1083 1380 est,
1121 1342 1142 1366 ι(
1166 1322 1331 1370 Delebo
1357 1337 1532 1369 omnem
1553 1322 1732 1369 suscita-

351 1412 373 1438 »
388 1395 588 1450 fionemss,
598 1410 714 1439 »non
727 1395 990 1439 creationem
1001 1393 1161 1440 dictam
1178 1393 1423 1440 notandum
1437 1403 1500 1440 est
1515 1412 1524 1438 ε
1539 1401 1731 1449 ἀνάστασιν,

347 1466 464 1510 enim
487 1480 626 1524 graece
647 1465 858 1525 scriptum
874 1475 938 1510 est
951 1501 961 1521 ,
981 1464 1103 1526 quod
1124 1480 1285 1509 nomen
1304 1464 1433 1510 etiam
1453 1464 1734 1511 resurrectio-

347 1536 415 1580 nis
455 1535 622 1580 assidue
661 1535 841 1595 ponitur
874 1536 920 1578 in
960 1534 1190 1594 Scripturis
1232 1534 1382 1593 groecis
1396 1569 1408 1589 ,
1449 1550 1550 1579 cum
1589 1545 1734 1594 posset

346 1613 550 1652 ἐξανάστασις
564 1607 664 1662 dici,
682 1616 732 1651 ut
744 1607 965 1651 suscitatio
979 1607 1033 1651 sit
1047 1613 1234 1662 ἀνάστασις,
1245 1606 1501 1651 resurrectio
1515 1614 1728 1662 ἐξανάσταςις,

347 1680 446 1732 Quo
466 1678 601 1723 verbo
628 1686 672 1721 et
694 1676 928 1737 Apostolus
949 1692 1052 1721 usus
1075 1686 1139 1722 est
1159 1696 1169 1722 ε
1207 1696 1228 1721 «
1251 1677 1293 1722 Si
1314 1693 1403 1738 quo
1425 1676 1557 1722 modo
1579 1693 1732 1722 occur-

350 1768 372 1791 ι)
408 1765 499 1794 ram
523 1751 568 1793 in
590 1749 949 1794 resurrectionem
976 1758 1251 1794 mortuorum
1266 1751 1280 1776 ⁴
1304 1768 1313 1794 ι
1342 1767 1361 1791 ιι
1386 1749 1446 1793 ibi
1469 1749 1584 1794 enim
1603 1750 1731 1809 graeci

347 1836 439 1865 non
460 1826 647 1875 ἀνάστασιν,
672 1819 747 1864 sed
770 1827 974 1866 ἐξανάστασιν
995 1820 1177 1864 habent.

405 1893 504 1935 XX.
540 1889 670 1944 Quod
690 1890 898 1950 scriptum
921 1899 999 1945 est,
1029 1909 1049 1933 «
1068 1894 1125 1935 Et
1143 1905 1292 1935 omnes
1313 1890 1464 1935 bestiae
1486 1890 1732 1936 secundum

348 1981 371 2006 >›
407 1977 562 2021 genus,
590 1972 632 2006 et
653 1963 798 2007 omnia
815 1978 970 2022 pecora
993 1961 1233 2007 secundum
1253 1977 1387 2021 genus
1403 1997 1413 2017 ,
1440 1971 1483 2006 et
1513 1977 1642 2006 omne
1664 1977 1733 2006 re·-

349 2053 371 2077 »
405 2049 512 2094 pens
534 2033 656 2094 quod
678 2043 877 2078 movetur
899 2049 1027 2093 super
1054 2043 1212 2077 terram
1240 2032 1482 2077 secundum
1505 2046 1664 2092 genus,
1689 2042 1732 2077 et

349 2125 369 2148 »
405 2119 533 2149 omne
554 2103 730 2148 volatile
753 2104 994 2148 secundum
1018 2119 1153 2163 genus
1174 2103 1394 2147 intrarunt
1415 2103 1471 2147 ad
1486 2105 1578 2148 Noe
1596 2103 1642 2147 in
1659 2119 1731 2147 ar-

348 2194 371 2217 »
406 2175 633 2230 cam,bina
644 2175 698 2218 ab
715 2174 834 2218 omni
851 2190 978 2218 carne
995 2175 1041 2217 in
1058 2183 1218 2234 quoest
1235 2174 1408 2233 spiritus
1420 2174 1539 2218 vitae⁵
1562 2192 1571 2219 :
1595 2192 1615 2215 ι)
1642 2189 1730 2218 non

346 2246 534 2290 refertur
561 2264 580 2287 «
600 2245 646 2288 in
668 2260 778 2305 quo,
802 2262 822 2285 »
849 2245 930 2288 nisi
955 2260 1090 2303 genus
1112 2243 1344 2288 subaudias
1360 2279 1372 2299 ,
1400 2244 1445 2287 id
1467 2252 1551 2297 est,
1577 2243 1622 2287 in
1640 2259 1730 2303 quo

346 2332 502 2376 genere
524 2336 531 2360 :
554 2331 654 2360 nam
673 2316 706 2359 si
729 2331 856 2359 carne
878 2315 1226 2370 subaudiremus,
1249 2315 1295 2358 in
1313 2330 1398 2375 qua
1416 2313 1558 2358 fuerat
1578 2313 1728 2358 dicen-

345 2387 479 2444 dum3
504 2402 591 2447 quo
613 2385 728 2430 solus
750 2386 960 2445 interpres
985 2386 1270 2443 Symmachus
1291 2384 1415 2428 dixit.

401 2459 522 2500 XXI.
549 2458 678 2510 Quod
700 2457 856 2501 iterum
878 2456 1087 2515 scriptum
1108 2465 1187 2510 est,
1217 2474 1237 2498 ι(
1259 2457 1316 2499 Et
1337 2453 1480 2499 deleta
1502 2462 1566 2498 est
1587 2454 1729 2498 omnis

393 2559 403 2575 ¹
424 2555 501 2584 Gen.
523 2564 581 2594 vn,
602 2551 631 2594 lg
659 2569 700 2575 --
729 2552 843 2584 ²1bid.
867 2552 897 2584 5.
917 2569 959 2574 —-
980 2549 1086 2583 31bi11<
1110 2551 1141 2592 4.
1164 2568 1204 2573 -
1225 2549 1240 2580 4
1255 2550 1369 2592 Philip.
1390 2561 1444 2592 m,
1474 2561 1524 2582 ιι.
1545 2566 1586 2573 —·
1605 2548 1620 2572 ⁵
1638 2551 1717 2582 Gen.

348 2619 402 2651 vn,
424 2608 473 2651 1'1,
495 2608 545 2640 15.

1822 2522 1824 2561 ¹
