1872 3267
408 208 490 246 226
833 222 866 247 s.
902 220 1129 250 Αυωυωιω
1163 223 1342 250 Ellscoll

892 316 1039 391 (IUAES
1042 338 1070 376 Γ
1075 335 1126 376 ΙΟ
1158 337 1333 375 XXXIII.

460 435 576 486 Qum
598 442 663 477 est
683 399 805 494 quod
825 433 1048 480 mandavit
1068 439 1181 480 Deus
1199 434 1429 488 Pharaoni,
1451 448 1553 478 cum
1573 449 1616 478 se
1636 435 1780 480 tactu-

400 519 498 547 rum
521 519 768 563 magnam²>
745 502 999 549 orandinem
1025 506 1264 550 minaiffetui
1279 508 1310 557 ¹,
1337 514 1387 549 ut
1407 505 1582 549 festinet
1600 520 1783 564 congre-

400 591 500 634 gare
521 591 678 635 pecora
695 589 771 620 sua
788 611 799 631 ‚
816 584 865 620 et
890 581 1182 637 quaecumque
1205 577 1268 621 illi
1290 586 1432 621 essent
1451 577 1498 620 in
1518 591 1672 636 campo
1690 596 1703 632 ·‚
1727 593 1782 621 ne
1842 572 1848 614 -’

399 645 608 705 grandine
623 647 871 691 intereant?
891 649 984 690 Hoc
1001 647 1227 692 enim-'non
1242 657 1333 692 tam
1354 646 1634 705 indignanter
1650 648 1784 707 quam

398 715 731 761 misericorditer
747 715 1186 762 videturssadmonere.
1210 718 1295 766 Sed
1311 719 1395 762 hoc
1416 733 1506 762 non
1521 715 1627 762 facit
1643 733 1784 778 quaes-³
1811 750 1813 753 -

398 787 587 843 tionem,
624 787 800 848 quando
834 792 946 832 Deus
979 789 1108 833 etiam
1137 790 1322 834 irascens
1350 798 1564 849 temperat
1583 804 1779 849 poenama

400 857 517 902 Illud
550 868 614 903 est
649 858 770 936 quod
807 860 961 904 merito
995 870 1167 917 movet,
1200 861 1362 921 quibus
1400 876 1518 904 nunc
1551 860 1781 920 pecoribus

398 929 668 985 consulatur,
693 930 727 974 si
749 931 895 974 omnia
917 920 1088 975 mortua
1111 920 1284 976 fuerant
1299 931 1425 991 plaga
1444 932 1679 991 superiore,
1706 931 1782 976 ubi
1843 952 1845 955 ·

398 1001 608 1060 scriptum
630 1009 718 1055 est,
753 999 876 1060 quod
897 999 1100 1045 discrevit
1126 1004 1240 1046 Deus
1260 1001 1374 1045 inter
1394 1016 1551 1060 pecora
1573 1001 1782 1045 Hebraeo—

399 1086 498 1115 rum
531 1079 574 1115 et
605 1071 941 1130 AEgypdorum,
974 1071 1033 1115 ita
1065 1080 1116 1115 ut
1144 1071 1263 1116 illinc
1300 1071 1474 1115 nullum
1504 1081 1778 1127 meleretum
1836 1107 1843 1116 .

398 1143 543 1187 omnia
563 1159 665 1188 vero
694 1144 1002 1203 AEgyptiorum
1030 1159 1186 1202 pecora
1206 1153 1496 1188 morerentur.
1531 1146 1600 1187 An
1623 1158 1674 1188 eo
1696 1142 1781 1187 sol-—

397 1214 513 1258 vitur
529 1214 726 1274 quaestio,
743 1213 864 1274 quod
875 1213 1132 1273 praedixerat
1150 1230 1198 1258 ea
1209 1216 1435 1269 moritura,
1447 1229 1547 1274 quae
1564 1214 1610 1257 in
1627 1229 1781 1274 campo
1826 1251 1827 1254 ,

397 1283 603 1340 fuissent,
623 1294 674 1328 ut
695 1285 788 1329 haec
810 1285 1078 1344 accipiantur
1106 1285 1257 1329 omnia
1284 1305 1293 1329 ;
1314 1285 1614 1344 intelligantur
1635 1294 1781 1329 autem
1818 1337 1822 1346 Ι

397 1356 578 1400 evasisse
599 1372 698 1416 quae
720 1357 765 1400 in
795 1355 997 1400 domibus
1019 1365 1163 1410 crant,
1199 1372 1298 1417 quae
1325 1365 1565 1416 potuerunt
1593 1356 1722 1400 etiam
1757 1371 1781 1400 a
1832 1393 1836 1398 .

397 1425 699 1470 dubitantibus
717 1425 891 1485 colligi,
916 1429 961 1470 e't
987 1427 1030 1470 in
1053 1426 1184 1470 domo
1211 1426 1377 1481 teneri,
1411 1442 1466 1469 ne
1496 1426 1608 1470 forte
1629 1441 1780 1470 verum

397 1507 506 1541 esset
533 1497 654 1558 quod
682 1499 852 1554 Moyses
880 1496 1114 1541 Dominum
1138 1495 1356 1540 facturum
1382 1511 1472 1540 esse
1492 1495 1749 1555 praedixerat
1765 1515 1781 1542 :-

397 1576 442 1612 et
469 1583 521 1611 ex
547 1568 612 1611 his
633 1583 723 1612 esse
744 1567 790 1611 in
809 1567 972 1627 campis
991 1567 1153 1611 iterum
1174 1576 1400 1627 poterant,
1426 1583 1525 1627 quae
1552 1566 1684 1611 modo
1703 1566 1781 1611 ad-
1828 1549 1872 1616 bil

395 1647 544 1682 monet
558 1637 811 1696 congregari
832 1638 878 1681 in
897 1637 1050 1682 domos
1063 1672 1074 1692 ‚
1094 1653 1149 1681 ne
1170 1637 1381 1695 grandine
1412 1646 1618 1696 pereant:
1643 1637 1780 1681 maxi·-

395 1724 486 1764 me,
507 1708 608 1769 quia
629 1708 825 1768 sequitur
841 1708 1062 1767 Scriptura
1082 1717 1126 1751 et
1143 1707 1269 1752 dicit:
1295 1727 1314 1749 «
1331 1708 1417 1761 Qui
1435 1707 1581 1752 timuit
1595 1707 1780 1752 verbum

1828 1630 1872 1685 sna«

1828 1709 1871 1755 wi

398 1798 420 1822 »
454 1780 627 1824 Domini
650 1795 872 1824 servorum
897 1779 1146 1834 Pharaonis,
1165 1779 1447 1838 congregavit
1467 1794 1622 1838 pecora
1641 1795 1718 1822 sua
1735 1779 1780 1822 in
1805 1779 1872 1842 1:1⁵⁵

399 1868 420 1892 >›
455 1849 634 1897 domos:
660 1850 737 1910 qui
758 1859 903 1894 autem
932 1865 1021 1893 non
1043 1849 1231 1893 intendit
1257 1858 1403 1892 mente
1424 1850 1469 1892 in
1484 1849 1669 1893 verbum
1690 1852 1780 1893 Do·-

398 1939 420 1963 »
455 1921 584 1974 mini,
610 1921 772 1964 dimisit
799 1935 956 1980 pecora
988 1936 1064 1964 sua
1088 1920 1133 1963 in
1161 1922 1370 1980 camp0'2?
1390 1938 1411 1962 »
1437 1923 1531 1964 Hoc
1557 1934 1658 1978 ergo
1687 1919 1779 1963 fieri

1828 1850 1872 1895 ‚ss

1836 1902 1872 1967 ,i

393 1992 566 2052 potuit,
583 1991 761 2051 quando
782 1991 913 2035 etiam
931 1993 1117 2035 mortem
1130 2006 1337 2050 pecorum
1354 1991 1542 2036 minatus
1563 2000 1628 2036 est
1645 1994 1779 2046 Deus,
1801 1992 1806 2031 5
1839 1978 1849 2039 l

394 2063 591 2123 quamvis
612 2062 659 2106 id
681 2061 902 2122 Scriptura
917 2062 1117 2106 tacuerit.

877 2159 944 2208 QU
947 2159 1056 2199 AEST
1060 2158 1112 2198 lO
1144 2159 1318 2197 XXXIV.
1773 2162 1776 2170 “
1797 2129 1801 2180 l

460 2281 480 2304 «
501 2264 564 2306 ΕΤ
584 2261 691 2305 dixit
712 2261 922 2305 Dominus
940 2258 995 2303 ad
1016 2262 1226 2317 Moysen:
1246 2259 1442 2304 Extende
1456 2274 1636 2303 manum
1657 2268 1792 2311 tuam

1845 2070 1847 2110 ἰ
1868 2081 1872 2085 r

1844 2116 1847 2127 1

1857 2283 1872 2327 la*

397 2351 419 2374 »
453 2332 498 2375 in
516 2331 694 2387 eoelum,
715 2341 758 2375 et
775 2331 855 2374 erit
878 2329 1040 2390 grando
1057 2330 1101 2373 in
1116 2330 1234 2374 omni
1255 2339 1362 2373 terra
1380 2330 1605 2390 AEgypti3.
1626 2347 1645 2370 »
1667 2332 1796 2395 Ecce}
1855 2366 1872 2394 3.ae

396 2403 553 2448 iterum
572 2398 853 2460 Moyses'non
873 2402 918 2445 in
949 2411 1105 2445 terram
1123 2436 1133 2457 ,
1154 2399 1232 2446 sed
1251 2401 1298 2445 in
1324 2400 1485 2446 coelum
1507 2415 1685 2446 inanum
1700 2401 1793 2460 juffl

394 2475 524 2519 betur
540 2473 770 2519 extendere
786 2508 796 2528 ‚
822 2474 932 2517 sicut
949 2472 1144 2531 superius
1161 2471 1216 2515 de
1231 2470 1391 2516 favilla.
1787 2506 1790 2530 Ι

442 2570 567 2603 1Exod.
592 2581 637 2612 ix,
661 2581 711 2612 19.
732 2587 773 2592 —
794 2576 806 2592 ²
821 2569 902 2602 lbid.
928 2577 1035 2612 19-21.
1055 2585 1094 2591 -—
1116 2566 1128 2591 3
1152 2567 1233 2599 Ibid.
1259 2577 1307 2609 17·

1854 2425 1872 2469 i<

1870 2526 1872 2555 l
