1872 3267
418 167 505 204 576
866 179 898 204 s.
935 176 1165 204 Aue-us'rim
1198 175 1378 203 Eptscom

416 242 674 295 tentatione,
700 250 750 285 ut
767 239 929 285 bellare
951 241 1178 295 discerent,
1198 239 1245 284 id
1265 249 1351 296 est,
1369 249 1419 285 ut
1435 249 1554 284 tanta
1577 240 1735 300 pietate
1753 251 1797 287 et

413 312 659 357 obedientia
680 311 786 370 legis
818 312 894 356 Dei
927 312 1167 367 bellarent,
1193 321 1356 373 quanta
1382 320 1524 372 patres
1548 327 1699 356 eorum
1721 312 1798 373 qui

413 383 600 428 Domino
615 386 705 427 Deo
720 382 850 426 etiam
865 381 1068 426 bellando
1088 383 1345 441 placuerunt
1361 402 1369 427 :
1388 398 1475 427 non
1488 382 1589 442 quia
1606 382 1797 442 optabile

414 453 581 514 aliquid
602 462 667 497 est
691 452 879 507 bellum,
904 452 981 497 sed
1002 452 1103 513 quia
1125 453 1260 512 pietas
1277 452 1508 497 laudabilis
1529 462 1574 497 et
1593 454 1638 497 in
1665 452 1792 498 bello.

414 524 544 577 Quod
566 532 710 567 autem
733 523 929 583 sequitur
951 543 959 568 :
990 542 1010 565 «
1036 525 1199 567 Verum
1221 524 1295 583 qui
1317 532 1417 567 ante
1433 522 1528 566 illos
1550 522 1799 567 nescierunt

417 613 436 635 n
474 593 593 638 illas:
626 612 646 635 »
673 593 781 654 quid
797 593 876 637 nisi
899 602 1046 652 gentes
1068 592 1164 637 vult
1184 592 1388 651 intelligi,
1421 608 1527 653 quas
1549 593 1799 637 nescierunt
1845 619 1851 634 ι

414 663 620 709 bellando
644 664 721 724 qui
743 663 922 707 fuerunt
946 674 1045 707 ante
1069 664 1200 721 istos,
1224 679 1411 724 quorum
1433 663 1687 718 tentationi,
1715 664 1798 708 hoc

414 746 499 790 est,
525 736 773 795 probationi
801 735 962 780 relictae
988 737 1118 779 sunt?
1141 735 1305 779 Deinde
1327 750 1669 779 commemorans
1700 751 1799 795 quae

414 807 500 851 sint
529 827 537 851 2
583 827 604 849 α
633 807 864 867 Quinque,
900 807 1068 867 inquit,
1105 806 1309 866 satrapias
1346 806 1739 864 alienigenarum13
1774 824 1794 846 »

414 893 521 938 quas
547 877 590 921 in
612 876 733 921 libris
752 881 1003 936 Regnorum
1029 875 1299 920 manifestius
1317 877 1562 936 exprimit&
1595 875 1800 935 Satrapiae

415 957 561 991 autem
586 947 793 992 dicuntur
815 948 939 1008 quasi
962 963 1092 1007 parva
1121 962 1253 1005 regna
1270 981 1280 1001 ,
1305 946 1465 1006 quibus
1489 954 1669 1005 satrapae
1689 961 1801 1005 prae-

415 1027 561 1062 erant:
588 1017 707 1077 quod
729 1034 888 1062 nomen
907 1018 951 1061 in
969 1017 1051 1061 illis
1069 1017 1263 1077 partibus
1285 1017 1351 1076 cuj
1361 1015 1508 1060 usdam
1526 1017 1700 1060 honoris
1719 1025 1797 1070 est,

414 1089 501 1133 sive
519 1087 617 1132 fuit.
646 1108 665 1130 «
687 1091 743 1133 Et
762 1105 954 1143 omnem,
980 1089 1138 1148 inquit,
1155 1090 1469 1142 Chananaeum,
1493 1096 1536 1131 et
1555 1086 1796 1140 Sidonium,

416 1177 436 1199 »
472 1168 515 1203 et
536 1162 718 1203 Evaeum
747 1160 1060 1203 inhabitantem
1090 1158 1307 1202 Libanum
1340 1168 1440 1202 ante
1472 1167 1665 1201 montem
1692 1160 1801 1200 Her-

417 1248 436 1270 »
472 1245 576 1273 mon
600 1245 736 1289 usque
759 1229 813 1273 ad
836 1229 1105 1274 caboemath
1125 1245 1133 1270 ε
1155 1239 1198 1272 et
1217 1228 1378 1273 factum
1394 1237 1472 1280 est,
1494 1237 1544 1271 ut
1560 1236 1801 1272 tentaretur
1858 1250 1859 1254 ¹

416 1318 435 1340 »
472 1300 517 1342 in
538 1299 639 1358 ipsis
661 1298 844 1356 Israelss3
872 1317 890 1339 »
920 1308 1124 1358 tanquam
1148 1298 1334 1352 diceret,
1362 1301 1454 1342 Hoc
1467 1306 1611 1341 autem
1634 1297 1799 1342 i'actum

413 1379 497 1424 est,
525 1379 575 1413 ut
598 1379 839 1414 tentaretur
856 1370 901 1412 in
922 1369 1021 1428 ipsis
1044 1368 1174 1412 Isra'e'l
1196 1387 1204 1412 z
1229 1387 1249 1410 «
1278 1367 1392 1412 Scire
1415 1368 1447 1411 si
1472 1368 1650 1412 audient
1671 1384 1799 1412 man-

418 1459 436 1481 »
472 1438 570 1483 data
602 1439 801 1497 Domini3
831 1458 850 1480 1)
882 1455 971 1483 non
998 1448 1048 1482 ut
1073 1438 1199 1482 sciret
1224 1441 1338 1482 Deus
1362 1438 1555 1482 omnium
1584 1439 1795 1496 cognitor,

414 1510 545 1554 etiam
577 1509 826 1555 futurorum
843 1545 853 1564 ,
891 1509 963 1553 sed
996 1518 1045 1553 ut
1064 1508 1223 1552 scirent
1244 1508 1345 1567 ipsi,
1376 1518 1419 1551 et
1442 1524 1517 1552 sua
1539 1508 1799 1553 conscicntia

412 1580 480 1626 vel
500 1580 801 1639 gloriarentur,
820 1580 890 1624 vel
906 1580 1283 1633 convincerentur,
1297 1587 1445 1622 utrum
1463 1578 1664 1622 audirent
1681 1594 1801 1623 man-

413 1652 512 1697 data
536 1652 735 1706 Domini,
767 1671 786 1693 «
813 1654 921 1705 Quae
942 1650 1164 1694 mandavit
1187 1650 1384 1709 patribus
1411 1665 1563 1694 eorum
1593 1650 1638 1693 in
1667 1665 1801 1694 manu

415 1741 434 1764 »
470 1723 626 1780 Moysi.
652 1742 670 1764 »
698 1722 912 1775 Quoniam
945 1737 1047 1779 ergo
1075 1719 1336 1764 manifestati
1370 1720 1450 1763 sibi
1476 1729 1602 1774 sunt,
1635 1736 1725 1764 non
1756 1735 1800 1764 se

412 1792 608 1836 obedisse
625 1796 714 1837 Deo
731 1827 741 1846 ,
762 1793 807 1835 in
829 1791 877 1835 iis
901 1791 1102 1849 gentibus
1125 1806 1222 1849 quae
1246 1789 1302 1833 ad
1319 1805 1469 1833 eorum
1489 1790 1795 1845 tentationem,

412 1862 455 1907 id
468 1873 546 1917 est,
559 1862 905 1906 exercitationem
917 1871 1048 1921 atquc
1061 1860 1362 1919 probationem
1375 1858 1549 1903 fuerant
1561 1859 1794 1914 derelictae,

414 1943 638 1992 propterea
662 1931 768 1976 dixit
785 1935 898 1976 Deus
920 1931 989 1975 vel
1011 1930 1082 1973 illa
1106 1930 1150 1972 in
1178 1929 1337 1989 quibus
1360 1939 1503 1989 aperte
1524 1930 1674 1973 missus
1703 1932 1796 1973 An-

412 2002 530 2061 gelus
558 2012 602 2045 et
627 2002 798 2046 locutus
825 2017 1048 2061 expressus
1071 2009 1155 2054 est,
1188 1999 1255 2043 vel
1280 1999 1408 2058 paulo
1438 2010 1558 2053 ante,
1597 1999 1674 2043 ubi
1708 1998 1793 2044 ait:

415 2092 434 2114 «
471 2076 651 2131 Propter
677 2072 798 2132 quod
833 2081 948 2114 tanta
970 2069 1202 2129 dereliquit
1227 2085 1328 2127 gens
1356 2070 1449 2113 lwec
1474 2073 1797 2113 Testamentum

413 2160 431 2183 >i
470 2158 616 2186 meum
630 2178 640 2196 ,
662 2143 783 2202 quod
804 2140 1007 2184 mandavi
1027 2140 1221 2199 patribus
1246 2155 1395 2183 eorum
1413 2174 1423 2194 ,
1445 2148 1488 2182 et
1505 2155 1593 2183 non
1616 2139 1795 2183 obedie-

413 2231 432 2252 »
471 2222 572 2255 runt
593 2212 693 2256 voci
711 2227 818 2255 meae
841 2230 849 2255 :
881 2219 923 2254 et
951 2226 1031 2268 ego
1054 2225 1144 2254 non
1165 2224 1380 2269 apponam
1412 2207 1582 2252 auferre
1609 2210 1749 2253 virum
1772 2226 1795 2254 a

418 2303 435 2323 »
471 2282 580 2326 faeie
602 2283 838 2342 ipsorum‘2.
859 2300 877 2322 »

471 2355 545 2396 tv.
568 2353 741 2396 Dictum
759 2361 820 2396 est
843 2360 987 2396 autem
1011 2351 1055 2395 in
1079 2350 1415 2395 Deuteronomio
1441 2367 1491 2394 ex
1514 2365 1697 2409 persona
1718 2350 1795 2395 Dei

409 2422 627 2483 loquentis
651 2422 706 2466 de
729 2422 819 2466 istis
843 2421 1043 2480 gentibus
1065 2420 1342 2465 adversariis:
1367 2440 1385 2461 «
1401 2423 1498 2466 Non
1515 2420 1682 2479 ejiciam
1699 2419 1794 2464 illos
1847 2457 1852 2463 .

454 2513 461 2528 ¹
485 2506 588 2538 Judic.
611 2518 657 2547 ni,
677 2507 706 2538 3.
734 2522 774 2528 --
796 2513 807 2528 ²
827 2508 969 2546 lteg.x=1‚
991 2505 1008 2535 ξ)
1027 2509 1057 2536 ct
1084 2516 1131 2537 io.
1148 2521 1188 2526 --
1206 2503 1218 2527 3
1232 2504 1337 2536 Judic.
1361 2513 1409 2544 ul,
1429 2505 1461 2545 3,
1481 2502 1720 2546 1—412141,
1741 2513 1782 2536 20
