1872 3267
350 270 620 311 QUAESTIONES
652 273 696 300 nv
730 272 940 312 Exonmvi,
975 275 1057 302 Lux.
1095 275 1142 301 11.
1355 264 1439 302 285

526 403 763 453 QUAEsTio
795 404 967 445 oxxni.

113 518 216 559 Cum
237 514 293 560 de
317 515 413 561 filiis
435 517 581 560 Aaron
613 515 866 577 loqueretur
889 536 896 562 ε
935 536 954 560 «
980 519 1036 562 Et
1066 516 1220 562 indues
1251 531 1348 572 cos,
1374 517 1442 562 in-

58 605 78 628 »
113 587 237 647 quit,
271 588 435 632 tunicas
453 622 464 643 ,
493 596 537 632 et
559 588 703 646 cinges
733 604 804 634 eos
829 589 971 646 zonis,
1003 598 1046 634 et
1072 588 1362 634 circumdabis
1384 589 1444 633 eis

3 709 4 714 Ἰ
57 676 78 700 »
113 657 319 703 cidaras¹.
347 676 367 700 »
397 661 538 712 Quam
570 657 686 703 dicat
720 660 899 705 cidarim
926 660 996 706 vel
1024 659 1210 716 cidaras,
1235 659 1443 720 quoniam

3 728 4 747 ³
54 745 143 776 non
165 739 230 776 est
258 730 612 791 interpretatum,
641 747 721 776 nec
751 732 797 776 in
818 749 901 778 usu
921 731 1053 778 modo
1076 742 1164 788 est,
1188 732 1441 791 ignoratur:

4 834 5 863 3
53 811 162 862 puto
184 809 332 846 tamen
352 817 442 847 non
464 817 553 848 esse
574 802 726 862 capitis
754 812 960 864 tegumen
976 839 987 860 ,
1013 813 1064 849 ut
1085 803 1287 849 nonnulli
1312 812 1444 864 puta-

4 875 6 897 *
53 883 226 919 verunt.
253 876 405 935 Neque
432 873 548 919 enim
578 874 766 931 diceret,
810 895 829 917 «
861 875 1160 921 Circumdabis
1196 875 1280 932 eis,
1314 894 1335 917 »
1365 874 1446 919 nisi

55 943 139 990 talc
162 943 328 1006 aliquid
348 953 473 1002 esset,
500 944 621 1006 quod
637 962 727 992 non
750 947 896 1007 capiti,
918 947 994 992 sed
1007 947 1178 1009 corpori
1200 947 1298 993 usui
1318 954 1441 992 essct.

526 1067 763 1118 QUAEsTIO
795 1069 966 1110 cxxw.

6 1227 7 1237 γ
117 1199 136 1223 «
171 1183 236 1226 ΕΤ
260 1181 342 1226 erit
363 1180 448 1227 illis
462 1181 753 1228 sacerdotium
772 1183 880 1228 mihi
902 1183 947 1227 in
972 1183 1298 1244 sempiternum.
1321 1186 1445 1238 Quo-

6 1258 7 1300 l
54 1250 185 1297 modo
199 1251 330 1309 dicat,
355 1272 375 1295 «
393 1256 444 1297 In
457 1254 786 1313 sempiternum,
806 1271 826 1294 »
844 1252 899 1298 de
913 1253 978 1298 his
993 1254 1284 1313 significativis
1298 1256 1442 1312 rebus,

6 1314 8 1365 Ξ
55 1325 251 1385 superius
277 1339 391 1385 saepe
411 1323 612 1370 diximus.
639 1328 747 1371 Nam
771 1325 925 1386 utique
946 1335 1163 1371 mutatum
1187 1336 1248 1371 est
1272 1328 1356 1372 hoc
1378 1343 1445 1372 sa-

54 1395 299 1440 cerdotium
315 1431 326 1450 ,
347 1405 397 1440 ut
418 1394 528 1440 illud
548 1405 658 1441 esset.
677 1396 723 1440 in
745 1406 958 1441 aeternum
979 1397 1223 1442 secundum
1244 1397 1445 1443 ordinem

7 1484 9 1509 1
55 1465 392 1521 Melchisedech,
414 1482 504 1511 non
521 1466 762 1511 secundum
778 1466 976 1512 ordinem
996 1472 1156 1513 Aaron.
1182 1469 1249 1513 lbi
1264 1469 1381 1513 enim
1403 1478 1447 1513 et

7 1564 10 1567 -
51 1536 229 1598 juratio,
256 1546 300 1581 et
320 1536 442 1581 nulla
466 1538 544 1581 Dei
567 1537 815 1597 poenitudo,
842 1555 928 1598 qua
950 1539 1215 1597 significetur
1239 1540 1441 1584 mutatio.

58 1626 78 1649 «
104 1607 273 1652 Juravit
302 1608 416 1651 enim
444 1607 671 1662 Dominus,
698 1617 741 1652 et
762 1624 852 1652 non
878 1609 1113 1668 poenitebit
1134 1625 1233 1654 eum
1254 1630 1262 1653 ε
1288 1613 1353 1654 Tu
1382 1626 1443 1666 es,

57 1697 78 1720 »
114 1678 284 1739 inquit,
316 1677 514 1723 sacerdos
536 1679 580 1722 in
605 1688 819 1724 aeternum
841 1679 1083 1725 secundum
1111 1680 1307 1725 ordinem
1335 1682 1446 1727 Mel-

58 1768 80 1791 »
113 1750 379 1794 chisedechss.
401 1767 420 1790 »
440 1753 501 1793 De
514 1748 666 1794 ordine
680 1760 825 1795 autem
844 1755 990 1797 Aaron
1008 1753 1175 1798 dictum
1189 1762 1253 1797 est
1267 1753 1446 1814 quidem

59 1839 79 1863 «
116 1824 167 1881 {n
184 1820 513 1881 sempiternum,
540 1839 559 1862 »
586 1820 655 1865 vel
674 1832 852 1882 propter
875 1832 1047 1883 tempus
1065 1840 1153 1869 non
1175 1833 1446 1885 praeceptum

16 1899 18 1903 ’
57 1907 144 1951 quo
162 1907 299 1952 usque
318 1891 634 1947 observaretur,
650 1891 720 1937 vel
734 1892 856 1953 quod
873 1909 937 1938 res
960 1893 1223 1953 significaret
1239 1904 1421 1940 aeternas
1433 1930 1444 1950 ,

57 1977 272 2022 nusquam
286 1970 350 2006 est
364 1971 512 2006 tamen
526 1961 692 2006 dictum
708 1961 762 2007 de
776 1963 1016 2009 sacerdotio
1031 1967 1193 2018 Aaron,
1215 1984 1231 2004 «
1250 1966 1362 2018 Quia
1379 1967 1448 2027 ju-

61 2051 81 2074 »
116 2032 227 2077 ravit
246 2033 473 2088 Dominus,
490 2042 636 2078 etnon
657 2035 890 2094 poenitebit
903 2050 1019 2080 eum.
1041 2054 1061 2078 »
1086 2039 1143 2081 Et
1160 2035 1258 2081 ideo
1282 2036 1448 2082 dictum

59 2113 122 2150 est
157 2105 202 2148 in
235 2103 310 2149 illo
342 2104 582 2150 sacerdotio
606 2105 849 2151 secundum
879 2107 1076 2152 ordinem
1100 2107 1446 2164 Melchisedech,

64 2194 82 2216 «
115 2178 213 2222 Non
240 2175 475 2236 poenitebit
507 2192 630 2233 eum,
660 2194 680 2218 »
718 2187 769 2223 ut
799 2179 1134 2238 significaretur,
1166 2180 1268 2240 quia
1297 2179 1351 2224 de
1380 2196 1449 2226 sa-

61 2247 252 2294 cerdotio
278 2251 426 2295 Aaron
446 2249 657 2310 poenituit
677 2264 805 2307 eum,
841 2250 888 2296 id
919 2260 1008 2308 est,
1033 2251 1218 2298 mutavit
1248 2250 1374 2298 illud.

538 2370 775 2420 QUAESTIO
807 2371 943 2413 CXXV
954 2403 962 2412 .

120 2483 235 2536 Qum
256 2490 344 2540 est,
383 2501 404 2526 α
426 2484 486 2529 Et
507 2483 829 2530 consummabis
850 2501 1005 2532 manus
1026 2489 1195 2545 Aaron,
1220 2499 1264 2536 et
1292 2502 1451 2536 manus

66 2571 88 2594 »
121 2552 311 2599 filiorum
340 2555 479 2615 ejus&
506 2557 575 2600 An
597 2570 675 2616 per
696 2570 851 2601 manus
878 2567 1138 2618 potestatem
1165 2561 1446 2621 significavit,

112 2643 122 2661 ¹
142 2639 239 2671 Exod.
260 2649 349 2682 xxix,
368 2656 411 2663 —
427 2645 441 2663 ²
466 2639 546 2672 Ibid.
564 2657 605 2663 —
621 2638 634 2663 3
658 2639 737 2674 Psal.
760 2652 823 2684 eix,
850 2639 882 2685 4.
904 2659 946 2666 ·—
960 2641 976 2674 4
995 2645 1093 2679 Exod.
1113 2656 1199 2689 xx1x,
1221 2657 1254 2689 9.
