<?xml version="1.0" encoding="UTF-8"?>
<!DOCTYPE html PUBLIC "-//W3C//DTD XHTML 1.0 Transitional//EN"
    "http://www.w3.org/TR/xhtml1/DTD/xhtml1-transitional.dtd">
<html xmlns="http://www.w3.org/1999/xhtml" xml:lang="en" lang="en">
 <head>
  <title>
</title>
<meta http-equiv="Content-Type" content="text/html;charset=utf-8" />
  <meta name='ocr-system' content='tesseract 3.04.00' />
  <meta name='ocr-capabilities' content='ocr_page ocr_carea ocr_par ocr_line ocrx_word'/>
</head>
<body>
  <div class='ocr_page' id='page_1' title='image "./operaomniaaccura06auguuoft_0259.png"; bbox 0 0 1872 3267; ppageno 0'>
   <div class='ocr_carea' id='block_1_1' title="bbox 10 1380 32 2721">
    <p class='ocr_par' dir='ltr' id='par_1_1' title="bbox 10 1380 32 2721">
     <span class='ocr_line' id='line_1_1' title="bbox 10 1380 32 2721; baseline 0 0"><span class='ocrx_word' id='word_1_1' title='bbox 10 1380 32 2721; x_wconf 95' lang='lat' dir='ltr'> </span> 
     </span>
    </p>
   </div>
   <div class='ocr_carea' id='block_1_2' title="bbox 375 304 1463 356">
    <p class='ocr_par' dir='ltr' id='par_1_2' title="bbox 375 304 1463 356">
     <span class='ocr_line' id='line_1_2' title="bbox 375 304 1463 356; baseline -0.004 -9"><span class='ocrx_word' id='word_1_2' title='bbox 375 316 638 356; x_wconf 83' lang='lat' dir='ltr'><strong>QUAESTIONES</strong></span> <span class='ocrx_word' id='word_1_3' title='bbox 673 318 717 346; x_wconf 68' lang='lat' dir='ltr'>nv</span> <span class='ocrx_word' id='word_1_4' title='bbox 750 318 957 356; x_wconf 74' lang='lat' dir='ltr'>ExontsM,</span> <span class='ocrx_word' id='word_1_5' title='bbox 995 319 1075 345; x_wconf 76' lang='lat' dir='ltr'>nn.</span> <span class='ocrx_word' id='word_1_6' title='bbox 1112 319 1160 344; x_wconf 86' lang='lat'>11.</span> <span class='ocrx_word' id='word_1_7' title='bbox 1377 304 1463 343; x_wconf 78' lang='lat'>249</span> 
     </span>
    </p>
   </div>
   <div class='ocr_carea' id='block_1_3' title="bbox 74 381 1470 1226">
    <p class='ocr_par' dir='ltr' id='par_1_3' title="bbox 74 381 1470 1226">
     <span class='ocr_line' id='line_1_3' title="bbox 80 381 1463 444; baseline -0.004 -14"><span class='ocrx_word' id='word_1_8' title='bbox 80 401 154 430; x_wconf 89' lang='lat' dir='ltr'>sen</span> <span class='ocrx_word' id='word_1_9' title='bbox 169 421 179 440; x_wconf 87' lang='lat'>‚</span> <span class='ocrx_word' id='word_1_10' title='bbox 206 384 283 429; x_wconf 86' lang='lat' dir='ltr'>ubi</span> <span class='ocrx_word' id='word_1_11' title='bbox 311 394 354 428; x_wconf 88' lang='lat' dir='ltr'>et</span> <span class='ocrx_word' id='word_1_12' title='bbox 374 385 516 444; x_wconf 88' lang='lat' dir='ltr'>ipsum</span> <span class='ocrx_word' id='word_1_13' title='bbox 539 392 682 442; x_wconf 85' lang='lat' dir='ltr'>posset</span> <span class='ocrx_word' id='word_1_14' title='bbox 703 391 870 426; x_wconf 83' lang='lat' dir='ltr'>tentare</span> <span class='ocrx_word' id='word_1_15' title='bbox 887 383 1089 442; x_wconf 90' lang='lat' dir='ltr'>superbia</span> <span class='ocrx_word' id='word_1_16' title='bbox 1111 400 1122 426; x_wconf 84' lang='grc'>.-</span> <span class='ocrx_word' id='word_1_17' title='bbox 1147 381 1326 427; x_wconf 82' lang='lat' dir='ltr'>sedebat</span> <span class='ocrx_word' id='word_1_18' title='bbox 1348 382 1463 425; x_wconf 87' lang='lat' dir='ltr'>enim</span> 
     </span>
     <span class='ocr_line' id='line_1_4' title="bbox 75 452 1464 515; baseline -0.002 -16"><span class='ocrx_word' id='word_1_19' title='bbox 75 455 301 515; x_wconf 83' lang='lat' dir='ltr'>judiciaria</span> <span class='ocrx_word' id='word_1_20' title='bbox 324 453 586 499; x_wconf 87' lang='lat' dir='ltr'>sublimitate</span> <span class='ocrx_word' id='word_1_21' title='bbox 609 452 724 498; x_wconf 90' lang='lat' dir='ltr'>solus</span> <span class='ocrx_word' id='word_1_22' title='bbox 740 488 750 508; x_wconf 83' lang='lat'><strong><em>‚</em></strong></span> <span class='ocrx_word' id='word_1_23' title='bbox 769 453 970 498; x_wconf 79' lang='lat' dir='ltr'>universo</span> <span class='ocrx_word' id='word_1_24' title='bbox 992 452 1156 513; x_wconf 91' lang='lat' dir='ltr'>populo</span> <span class='ocrx_word' id='word_1_25' title='bbox 1174 462 1328 497; x_wconf 85' lang='lat' dir='ltr'>stante.</span> <span class='ocrx_word' id='word_1_26' title='bbox 1354 455 1464 498; x_wconf 81' lang='lat' dir='ltr'>Nam</span> 
     </span>
     <span class='ocr_line' id='line_1_5' title="bbox 80 523 1465 584; baseline -0.003 -13"><span class='ocrx_word' id='word_1_27' title='bbox 80 528 199 571; x_wconf 90' lang='lat' dir='ltr'>hunc</span> <span class='ocrx_word' id='word_1_28' title='bbox 224 542 397 571; x_wconf 89' lang='lat' dir='ltr'>sensum</span> <span class='ocrx_word' id='word_1_29' title='bbox 419 525 604 580; x_wconf 79' lang='lat' dir='ltr'>indicat,</span> <span class='ocrx_word' id='word_1_30' title='bbox 632 540 733 569; x_wconf 89' lang='lat' dir='ltr'>cum</span> <span class='ocrx_word' id='word_1_31' title='bbox 756 525 846 584; x_wconf 88' lang='lat' dir='ltr'>ipse</span> <span class='ocrx_word' id='word_1_32' title='bbox 869 526 1024 570; x_wconf 88' lang='lat' dir='ltr'>Jothor</span> <span class='ocrx_word' id='word_1_33' title='bbox 1051 540 1122 568; x_wconf 90' lang='lat' dir='ltr'>eos</span> <span class='ocrx_word' id='word_1_34' title='bbox 1147 523 1245 582; x_wconf 82' lang='lat' dir='ltr'>eligi</span> <span class='ocrx_word' id='word_1_35' title='bbox 1261 524 1388 584; x_wconf 86' lang='lat' dir='ltr'>jussit</span> <span class='ocrx_word' id='word_1_36' title='bbox 1409 523 1465 568; x_wconf 88' lang='lat' dir='ltr'>ad</span> 
     </span>
     <span class='ocr_line' id='line_1_6' title="bbox 74 594 1465 659; baseline -0.004 -16"><span class='ocrx_word' id='word_1_37' title='bbox 74 598 332 659; x_wconf 82' lang='lat' dir='ltr'>judicandas</span> <span class='ocrx_word' id='word_1_38' title='bbox 353 612 500 642; x_wconf 83' lang='lat' dir='ltr'>causas</span> <span class='ocrx_word' id='word_1_39' title='bbox 521 596 689 656; x_wconf 75' lang='lat' dir='ltr'>populi,</span> <span class='ocrx_word' id='word_1_40' title='bbox 707 598 780 657; x_wconf 89' lang='lat' dir='ltr'>qui</span> <span class='ocrx_word' id='word_1_41' title='bbox 804 597 994 641; x_wconf 87' lang='lat' dir='ltr'>odissent</span> <span class='ocrx_word' id='word_1_42' title='bbox 1014 597 1276 656; x_wconf 80' lang='lat' dir='ltr'>superbiam.</span> <span class='ocrx_word' id='word_1_43' title='bbox 1299 594 1465 639; x_wconf 78' lang='lat' dir='ltr'>Deinde</span> 
     </span>
     <span class='ocr_line' id='line_1_7' title="bbox 80 665 1462 730; baseline -0.004 -18"><span class='ocrx_word' id='word_1_44' title='bbox 80 684 212 730; x_wconf 85' lang='lat' dir='ltr'>quam</span> <span class='ocrx_word' id='word_1_45' title='bbox 235 669 289 712; x_wconf 90' lang='lat' dir='ltr'>sit</span> <span class='ocrx_word' id='word_1_46' title='bbox 306 666 629 712; x_wconf 82' lang='lat' dir='ltr'>observandum</span> <span class='ocrx_word' id='word_1_47' title='bbox 651 667 770 727; x_wconf 87' lang='lat' dir='ltr'>quod</span> <span class='ocrx_word' id='word_1_48' title='bbox 793 667 896 711; x_wconf 84' lang='lat' dir='ltr'>alibi</span> <span class='ocrx_word' id='word_1_49' title='bbox 917 667 1137 727; x_wconf 81' lang='lat' dir='ltr'>Scriptura</span> <span class='ocrx_word' id='word_1_50' title='bbox 1155 666 1261 710; x_wconf 91' lang='lat' dir='ltr'>dicit</span> <span class='ocrx_word' id='word_1_51' title='bbox 1284 686 1291 711; x_wconf 91' lang='lat'>:</span> <span class='ocrx_word' id='word_1_52' title='bbox 1317 685 1337 708; x_wconf 69' lang='grc' dir='ltr'>α</span> <span class='ocrx_word' id='word_1_53' title='bbox 1362 665 1462 718; x_wconf 77' lang='lat' dir='ltr'>Fili‚</span> 
     </span>
     <span class='ocr_line' id='line_1_8' title="bbox 83 738 1461 797; baseline -0.001 -16"><span class='ocrx_word' id='word_1_54' title='bbox 83 759 103 782; x_wconf 86' lang='lat'>»</span> <span class='ocrx_word' id='word_1_55' title='bbox 140 756 195 784; x_wconf 89' lang='lat' dir='ltr'>ne</span> <span class='ocrx_word' id='word_1_56' title='bbox 221 741 266 783; x_wconf 90' lang='lat' dir='ltr'>in</span> <span class='ocrx_word' id='word_1_57' title='bbox 298 739 446 783; x_wconf 87' lang='lat' dir='ltr'>multis</span> <span class='ocrx_word' id='word_1_58' title='bbox 480 740 565 783; x_wconf 89' lang='lat' dir='ltr'>sint</span> <span class='ocrx_word' id='word_1_59' title='bbox 597 748 717 783; x_wconf 89' lang='lat' dir='ltr'>actus</span> <span class='ocrx_word' id='word_1_60' title='bbox 746 740 841 783; x_wconf 83' lang='lat' dir='ltr'>tui1</span> <span class='ocrx_word' id='word_1_61' title='bbox 870 759 878 784; x_wconf 90' lang='lat'>:</span> <span class='ocrx_word' id='word_1_62' title='bbox 907 758 926 780; x_wconf 83' lang='lat'>»</span> <span class='ocrx_word' id='word_1_63' title='bbox 969 739 1069 783; x_wconf 85' lang='lat' dir='ltr'>satis</span> <span class='ocrx_word' id='word_1_64' title='bbox 1091 748 1134 782; x_wconf 90' lang='lat' dir='ltr'>et</span> <span class='ocrx_word' id='word_1_65' title='bbox 1164 738 1235 782; x_wconf 88' lang='lat' dir='ltr'>bic</span> <span class='ocrx_word' id='word_1_66' title='bbox 1268 746 1461 797; x_wconf 81' lang='lat' dir='ltr'>apparet.</span> 
     </span>
     <span class='ocr_line' id='line_1_9' title="bbox 81 808 1465 868; baseline -0.003 -14"><span class='ocrx_word' id='word_1_67' title='bbox 81 811 246 855; x_wconf 78' lang='lat' dir='ltr'>Deinde</span> <span class='ocrx_word' id='word_1_68' title='bbox 264 811 394 855; x_wconf 80' lang='lat' dir='ltr'>verba</span> <span class='ocrx_word' id='word_1_69' title='bbox 411 813 435 854; x_wconf 89' lang='lat' dir='ltr'>J</span> <span class='ocrx_word' id='word_1_70' title='bbox 440 811 567 854; x_wconf 90' lang='lat' dir='ltr'>othor</span> <span class='ocrx_word' id='word_1_71' title='bbox 585 811 727 854; x_wconf 80' lang='lat' dir='ltr'>dantis</span> <span class='ocrx_word' id='word_1_72' title='bbox 750 811 978 854; x_wconf 88' lang='lat' dir='ltr'>consilium</span> <span class='ocrx_word' id='word_1_73' title='bbox 994 810 1135 868; x_wconf 69' lang='lat' dir='ltr'>Moysi</span> <span class='ocrx_word' id='word_1_74' title='bbox 1153 808 1465 854; x_wconf 84' lang='lat' dir='ltr'>consideranda</span> 
     </span>
     <span class='ocr_line' id='line_1_10' title="bbox 81 879 1468 942; baseline -0.004 -16"><span class='ocrx_word' id='word_1_75' title='bbox 81 892 182 926; x_wconf 89' lang='lat' dir='ltr'>sunt</span> <span class='ocrx_word' id='word_1_76' title='bbox 203 902 211 926; x_wconf 92' lang='lat'>:</span> <span class='ocrx_word' id='word_1_77' title='bbox 236 882 342 926; x_wconf 90' lang='lat' dir='ltr'>dicit</span> <span class='ocrx_word' id='word_1_78' title='bbox 363 882 477 925; x_wconf 88' lang='lat' dir='ltr'>enim</span> <span class='ocrx_word' id='word_1_79' title='bbox 506 901 514 926; x_wconf 83' lang='lat' dir='ltr'>z</span> <span class='ocrx_word' id='word_1_80' title='bbox 557 901 575 923; x_wconf 85' lang='lat'>«</span> <span class='ocrx_word' id='word_1_81' title='bbox 601 884 728 926; x_wconf 89' lang='lat' dir='ltr'>Nunc</span> <span class='ocrx_word' id='word_1_82' title='bbox 749 882 897 942; x_wconf 79' lang='lat' dir='ltr'>itaque</span> <span class='ocrx_word' id='word_1_83' title='bbox 919 881 1020 925; x_wconf 86' lang='lat' dir='ltr'>audi</span> <span class='ocrx_word' id='word_1_84' title='bbox 1047 897 1137 936; x_wconf 74' lang='lat' dir='ltr'>me,</span> <span class='ocrx_word' id='word_1_85' title='bbox 1165 890 1208 924; x_wconf 87' lang='lat' dir='ltr'>et</span> <span class='ocrx_word' id='word_1_86' title='bbox 1240 879 1468 924; x_wconf 86' lang='lat' dir='ltr'>consilium</span> 
     </span>
     <span class='ocr_line' id='line_1_11' title="bbox 82 942 1469 1007; baseline -0.001 -13"><span class='ocrx_word' id='word_1_87' title='bbox 82 971 104 995; x_wconf 57' lang='lat'>³&gt;</span> <span class='ocrx_word' id='word_1_88' title='bbox 140 953 256 997; x_wconf 86' lang='lat' dir='ltr'>dabo</span> <span class='ocrx_word' id='word_1_89' title='bbox 291 952 400 1007; x_wconf 84' lang='lat' dir='ltr'>tibi,</span> <span class='ocrx_word' id='word_1_90' title='bbox 433 962 476 996; x_wconf 89' lang='lat' dir='ltr'>et</span> <span class='ocrx_word' id='word_1_91' title='bbox 508 953 588 996; x_wconf 89' lang='lat' dir='ltr'>erit</span> <span class='ocrx_word' id='word_1_92' title='bbox 622 956 735 996; x_wconf 77' lang='lat' dir='ltr'>Deus</span> <span class='ocrx_word' id='word_1_93' title='bbox 768 942 912 997; x_wconf 85' lang='lat' dir='ltr'>tecum</span> <span class='ocrx_word' id='word_1_94' title='bbox 927 957 958 996; x_wconf 74' lang='lat'>¹2.</span> <span class='ocrx_word' id='word_1_95' title='bbox 989 971 1009 994; x_wconf 64' lang='grc' dir='ltr'>υ</span> <span class='ocrx_word' id='word_1_96' title='bbox 1038 952 1122 996; x_wconf 89' lang='lat' dir='ltr'>Ubi</span> <span class='ocrx_word' id='word_1_97' title='bbox 1160 952 1268 995; x_wconf 86' lang='lat' dir='ltr'>mihi</span> <span class='ocrx_word' id='word_1_98' title='bbox 1295 949 1469 995; x_wconf 88' lang='lat' dir='ltr'>videtur</span> 
     </span>
     <span class='ocr_line' id='line_1_12' title="bbox 81 1023 1465 1082; baseline -0.003 -14"><span class='ocrx_word' id='word_1_99' title='bbox 81 1024 310 1082; x_wconf 82' lang='lat' dir='ltr'>significari</span> <span class='ocrx_word' id='word_1_100' title='bbox 327 1059 338 1078; x_wconf 81' lang='lat'>,</span> <span class='ocrx_word' id='word_1_101' title='bbox 364 1023 489 1067; x_wconf 87' lang='lat' dir='ltr'>nimis</span> <span class='ocrx_word' id='word_1_102' title='bbox 510 1023 729 1068; x_wconf 82' lang='lat' dir='ltr'>intentum</span> <span class='ocrx_word' id='word_1_103' title='bbox 751 1025 952 1068; x_wconf 84' lang='lat' dir='ltr'>humanis</span> <span class='ocrx_word' id='word_1_104' title='bbox 975 1023 1218 1067; x_wconf 83' lang='lat' dir='ltr'>actionibus</span> <span class='ocrx_word' id='word_1_105' title='bbox 1240 1023 1434 1065; x_wconf 88' lang='lat' dir='ltr'>animum</span> <span class='ocrx_word' id='word_1_106' title='bbox 1454 1056 1465 1074; x_wconf 76' lang='grc'>,</span> 
     </span>
     <span class='ocr_line' id='line_1_13' title="bbox 80 1092 1470 1154; baseline -0.004 -15"><span class='ocrx_word' id='word_1_107' title='bbox 80 1098 172 1139; x_wconf 88' lang='lat' dir='ltr'>Deo</span> <span class='ocrx_word' id='word_1_108' title='bbox 193 1094 386 1154; x_wconf 84' lang='lat' dir='ltr'>quodam</span> <span class='ocrx_word' id='word_1_109' title='bbox 410 1095 542 1139; x_wconf 92' lang='lat' dir='ltr'>modo</span> <span class='ocrx_word' id='word_1_110' title='bbox 559 1095 749 1149; x_wconf 82' lang='lat' dir='ltr'>vacuari,</span> <span class='ocrx_word' id='word_1_111' title='bbox 770 1110 859 1154; x_wconf 83' lang='lat' dir='ltr'>quo</span> <span class='ocrx_word' id='word_1_112' title='bbox 883 1095 932 1137; x_wconf 83' lang='lat' dir='ltr'>fit</span> <span class='ocrx_word' id='word_1_113' title='bbox 952 1103 1074 1138; x_wconf 84' lang='lat' dir='ltr'>tanto</span> <span class='ocrx_word' id='word_1_114' title='bbox 1091 1092 1277 1152; x_wconf 69' lang='lat' dir='ltr'>plenior7</span> <span class='ocrx_word' id='word_1_115' title='bbox 1304 1100 1470 1152; x_wconf 81' lang='lat' dir='ltr'>quanto</span> 
     </span>
     <span class='ocr_line' id='line_1_14' title="bbox 82 1163 1150 1226; baseline -0.003 -17"><span class='ocrx_word' id='word_1_116' title='bbox 82 1166 125 1209; x_wconf 86' lang='lat' dir='ltr'>in</span> <span class='ocrx_word' id='word_1_117' title='bbox 147 1181 334 1226; x_wconf 85' lang='lat' dir='ltr'>superna</span> <span class='ocrx_word' id='word_1_118' title='bbox 358 1175 488 1226; x_wconf 82' lang='lat' dir='ltr'>atque</span> <span class='ocrx_word' id='word_1_119' title='bbox 507 1175 668 1210; x_wconf 64' lang='lat' dir='ltr'>aeterna</span> <span class='ocrx_word' id='word_1_120' title='bbox 687 1164 865 1208; x_wconf 86' lang='lat' dir='ltr'>liberius</span> <span class='ocrx_word' id='word_1_121' title='bbox 888 1163 1150 1208; x_wconf 73' lang='lat' dir='ltr'>extenditur.</span> 
     </span>
    </p>
   </div>
   <div class='ocr_carea' id='block_1_4' title="bbox 569 1262 970 1311">
    <p class='ocr_par' dir='ltr' id='par_1_4' title="bbox 569 1262 970 1311">
     <span class='ocr_line' id='line_1_15' title="bbox 569 1262 970 1311; baseline 0.005 -11"><span class='ocrx_word' id='word_1_122' title='bbox 569 1262 804 1311; x_wconf 78' lang='lat' dir='ltr'>QUAESTIO</span> <span class='ocrx_word' id='word_1_123' title='bbox 837 1263 951 1300; x_wconf 77' lang='lat' dir='ltr'>LXIX</span> <span class='ocrx_word' id='word_1_124' title='bbox 962 1294 970 1302; x_wconf 96' lang='lat'><strong>.</strong></span> 
     </span>
    </p>
   </div>
   <div class='ocr_carea' id='block_1_5' title="bbox 85 1362 1475 2058">
    <p class='ocr_par' dir='ltr' id='par_1_5' title="bbox 85 1362 1475 2058">
     <span class='ocr_line' id='line_1_16' title="bbox 140 1362 1471 1422; baseline -0.002 -15"><span class='ocrx_word' id='word_1_125' title='bbox 140 1367 265 1418; x_wconf 74' lang='lat' dir='ltr'>Qnon</span> <span class='ocrx_word' id='word_1_126' title='bbox 286 1379 390 1407; x_wconf 84' lang='lat' dir='ltr'>vero</span> <span class='ocrx_word' id='word_1_127' title='bbox 418 1362 616 1422; x_wconf 81' lang='lat' dir='ltr'>adjungit</span> <span class='ocrx_word' id='word_1_128' title='bbox 639 1373 682 1407; x_wconf 86' lang='lat' dir='ltr'>et</span> <span class='ocrx_word' id='word_1_129' title='bbox 704 1362 810 1407; x_wconf 80' lang='lat' dir='ltr'>dicit</span> <span class='ocrx_word' id='word_1_130' title='bbox 838 1383 846 1408; x_wconf 92' lang='lat'>:</span> <span class='ocrx_word' id='word_1_131' title='bbox 874 1383 894 1406; x_wconf 90' lang='lat'>«</span> <span class='ocrx_word' id='word_1_132' title='bbox 920 1366 1024 1407; x_wconf 91' lang='lat' dir='ltr'>Esto</span> <span class='ocrx_word' id='word_1_133' title='bbox 1044 1372 1091 1407; x_wconf 92' lang='lat' dir='ltr'>tu</span> <span class='ocrx_word' id='word_1_134' title='bbox 1112 1362 1278 1422; x_wconf 87' lang='lat' dir='ltr'>populo</span> <span class='ocrx_word' id='word_1_135' title='bbox 1295 1378 1394 1422; x_wconf 54' lang='lat' dir='ltr'>quae</span> <span class='ocrx_word' id='word_1_136' title='bbox 1418 1362 1471 1405; x_wconf 86' lang='lat' dir='ltr'>ad</span> 
     </span>
     <span class='ocr_line' id='line_1_17' title="bbox 85 1433 1473 1489; baseline -0.001 -13"><span class='ocrx_word' id='word_1_137' title='bbox 85 1453 105 1475; x_wconf 64' lang='grc' dir='ltr'>η</span> <span class='ocrx_word' id='word_1_138' title='bbox 141 1437 281 1478; x_wconf 91' lang='lat' dir='ltr'>Deum</span> <span class='ocrx_word' id='word_1_139' title='bbox 297 1470 307 1489; x_wconf 82' lang='grc'>,</span> <span class='ocrx_word' id='word_1_140' title='bbox 342 1443 384 1478; x_wconf 87' lang='lat' dir='ltr'>ct</span> <span class='ocrx_word' id='word_1_141' title='bbox 406 1435 564 1478; x_wconf 81' lang='lat' dir='ltr'>referes</span> <span class='ocrx_word' id='word_1_142' title='bbox 581 1435 713 1478; x_wconf 84' lang='lat' dir='ltr'>verba</span> <span class='ocrx_word' id='word_1_143' title='bbox 739 1449 890 1478; x_wconf 88' lang='lat' dir='ltr'>eorum</span> <span class='ocrx_word' id='word_1_144' title='bbox 915 1433 971 1479; x_wconf 82' lang='lat' dir='ltr'>ad</span> <span class='ocrx_word' id='word_1_145' title='bbox 987 1437 1128 1478; x_wconf 83' lang='lat' dir='ltr'>Deum</span> <span class='ocrx_word' id='word_1_146' title='bbox 1151 1453 1159 1478; x_wconf 79' lang='lat' dir='ltr'>z</span> <span class='ocrx_word' id='word_1_147' title='bbox 1185 1442 1229 1477; x_wconf 88' lang='lat' dir='ltr'>et</span> <span class='ocrx_word' id='word_1_148' title='bbox 1249 1433 1473 1477; x_wconf 80' lang='lat' dir='ltr'>testaberis</span> 
     </span>
     <span class='ocr_line' id='line_1_18' title="bbox 87 1503 1472 1565; baseline 0 -18"><span class='ocrx_word' id='word_1_149' title='bbox 87 1525 105 1546; x_wconf 95' lang='lat'>»</span> <span class='ocrx_word' id='word_1_150' title='bbox 142 1504 223 1549; x_wconf 90' lang='lat' dir='ltr'>illis</span> <span class='ocrx_word' id='word_1_151' title='bbox 244 1514 460 1565; x_wconf 83' lang='lat' dir='ltr'>praecepta</span> <span class='ocrx_word' id='word_1_152' title='bbox 486 1505 563 1549; x_wconf 89' lang='lat' dir='ltr'>Dei</span> <span class='ocrx_word' id='word_1_153' title='bbox 585 1514 628 1549; x_wconf 88' lang='lat' dir='ltr'>et</span> <span class='ocrx_word' id='word_1_154' title='bbox 655 1504 796 1564; x_wconf 79' lang='lat' dir='ltr'>legem</span> <span class='ocrx_word' id='word_1_155' title='bbox 822 1506 912 1565; x_wconf 88' lang='lat' dir='ltr'>ejus</span> <span class='ocrx_word' id='word_1_156' title='bbox 935 1526 943 1549; x_wconf 76' lang='lat'>2</span> <span class='ocrx_word' id='word_1_157' title='bbox 969 1514 1013 1549; x_wconf 84' lang='lat' dir='ltr'>et</span> <span class='ocrx_word' id='word_1_158' title='bbox 1045 1504 1361 1549; x_wconf 84' lang='lat' dir='ltr'>demonstrabis</span> <span class='ocrx_word' id='word_1_159' title='bbox 1388 1503 1472 1547; x_wconf 89' lang='lat' dir='ltr'>illis</span> 
     </span>
     <span class='ocr_line' id='line_1_19' title="bbox 87 1575 1472 1635; baseline 0.001 -19"><span class='ocrx_word' id='word_1_160' title='bbox 87 1595 106 1616; x_wconf 94' lang='lat'>»</span> <span class='ocrx_word' id='word_1_161' title='bbox 141 1575 231 1620; x_wconf 90' lang='lat' dir='ltr'>vias</span> <span class='ocrx_word' id='word_1_162' title='bbox 253 1576 298 1618; x_wconf 90' lang='lat' dir='ltr'>in</span> <span class='ocrx_word' id='word_1_163' title='bbox 330 1575 489 1635; x_wconf 87' lang='lat' dir='ltr'>quibus</span> <span class='ocrx_word' id='word_1_164' title='bbox 518 1575 811 1619; x_wconf 81' lang='lat' dir='ltr'>ambulabunt</span> <span class='ocrx_word' id='word_1_165' title='bbox 839 1576 883 1619; x_wconf 88' lang='lat' dir='ltr'>in</span> <span class='ocrx_word' id='word_1_166' title='bbox 913 1575 994 1631; x_wconf 82' lang='lat' dir='ltr'>eis,</span> <span class='ocrx_word' id='word_1_167' title='bbox 1032 1584 1076 1619; x_wconf 85' lang='lat' dir='ltr'>et</span> <span class='ocrx_word' id='word_1_168' title='bbox 1107 1591 1237 1635; x_wconf 85' lang='lat' dir='ltr'>opera</span> <span class='ocrx_word' id='word_1_169' title='bbox 1268 1590 1367 1635; x_wconf 83' lang='lat' dir='ltr'>quae</span> <span class='ocrx_word' id='word_1_170' title='bbox 1407 1575 1472 1617; x_wconf 82' lang='lat' dir='ltr'>fa-</span> 
     </span>
     <span class='ocr_line' id='line_1_20' title="bbox 88 1645 1474 1705; baseline 0.002 -19"><span class='ocrx_word' id='word_1_171' title='bbox 88 1665 106 1686; x_wconf 86' lang='lat'>»</span> <span class='ocrx_word' id='word_1_172' title='bbox 143 1645 284 1689; x_wconf 73' lang='lat' dir='ltr'>cient3</span> <span class='ocrx_word' id='word_1_173' title='bbox 317 1665 326 1690; x_wconf 71' lang='grc' dir='ltr'>ι</span> <span class='ocrx_word' id='word_1_174' title='bbox 364 1664 384 1686; x_wconf 68' lang='lat' dir='ltr'>n</span> <span class='ocrx_word' id='word_1_175' title='bbox 411 1661 512 1689; x_wconf 89' lang='lat' dir='ltr'>cum</span> <span class='ocrx_word' id='word_1_176' title='bbox 535 1645 700 1705; x_wconf 87' lang='lat' dir='ltr'>populo</span> <span class='ocrx_word' id='word_1_177' title='bbox 724 1646 926 1690; x_wconf 88' lang='lat' dir='ltr'>universo</span> <span class='ocrx_word' id='word_1_178' title='bbox 954 1646 1048 1690; x_wconf 81' lang='lat' dir='ltr'>haec</span> <span class='ocrx_word' id='word_1_179' title='bbox 1071 1645 1239 1705; x_wconf 79' lang='lat' dir='ltr'>agenda</span> <span class='ocrx_word' id='word_1_180' title='bbox 1271 1661 1361 1689; x_wconf 85' lang='lat' dir='ltr'>esse</span> <span class='ocrx_word' id='word_1_181' title='bbox 1394 1645 1474 1689; x_wconf 88' lang='lat' dir='ltr'>de-</span> 
     </span>
     <span class='ocr_line' id='line_1_21' title="bbox 86 1714 1475 1776; baseline -0.001 -16"><span class='ocrx_word' id='word_1_182' title='bbox 86 1724 312 1760; x_wconf 84' lang='lat' dir='ltr'>monstrat.</span> <span class='ocrx_word' id='word_1_183' title='bbox 339 1717 436 1760; x_wconf 87' lang='lat' dir='ltr'>Non</span> <span class='ocrx_word' id='word_1_184' title='bbox 463 1715 579 1759; x_wconf 91' lang='lat' dir='ltr'>enim</span> <span class='ocrx_word' id='word_1_185' title='bbox 606 1717 666 1760; x_wconf 86' lang='lat' dir='ltr'>ait</span> <span class='ocrx_word' id='word_1_186' title='bbox 691 1736 699 1761; x_wconf 92' lang='lat'>:</span> <span class='ocrx_word' id='word_1_187' title='bbox 736 1735 756 1757; x_wconf 67' lang='grc' dir='ltr'>α</span> <span class='ocrx_word' id='word_1_188' title='bbox 782 1716 1131 1776; x_wconf 84' lang='lat' dir='ltr'>Uniuscujusque</span> <span class='ocrx_word' id='word_1_189' title='bbox 1161 1716 1294 1760; x_wconf 82' lang='lat' dir='ltr'>verba</span> <span class='ocrx_word' id='word_1_190' title='bbox 1316 1714 1475 1759; x_wconf 83' lang='lat' dir='ltr'>referes</span> 
     </span>
     <span class='ocr_line' id='line_1_22' title="bbox 89 1786 1471 1847; baseline 0.003 -20"><span class='ocrx_word' id='word_1_191' title='bbox 89 1807 108 1828; x_wconf 87' lang='lat'>»</span> <span class='ocrx_word' id='word_1_192' title='bbox 144 1786 199 1831; x_wconf 89' lang='lat' dir='ltr'>ad</span> <span class='ocrx_word' id='word_1_193' title='bbox 217 1789 378 1842; x_wconf 80' lang='lat' dir='ltr'>Deum,</span> <span class='ocrx_word' id='word_1_194' title='bbox 408 1806 427 1828; x_wconf 89' lang='lat'>»</span> <span class='ocrx_word' id='word_1_195' title='bbox 445 1786 535 1842; x_wconf 81' lang='lat' dir='ltr'>sed⁷</span> <span class='ocrx_word' id='word_1_196' title='bbox 562 1807 581 1829; x_wconf 75' lang='grc' dir='ltr'>α</span> <span class='ocrx_word' id='word_1_197' title='bbox 607 1787 751 1832; x_wconf 86' lang='lat' dir='ltr'>Verba</span> <span class='ocrx_word' id='word_1_198' title='bbox 774 1803 948 1842; x_wconf 81' lang='lat' dir='ltr'>eorum,</span> <span class='ocrx_word' id='word_1_199' title='bbox 973 1806 993 1829; x_wconf 88' lang='lat'>»</span> <span class='ocrx_word' id='word_1_200' title='bbox 1008 1803 1109 1832; x_wconf 89' lang='lat' dir='ltr'>cum</span> <span class='ocrx_word' id='word_1_201' title='bbox 1125 1803 1255 1847; x_wconf 84' lang='lat' dir='ltr'>supra</span> <span class='ocrx_word' id='word_1_202' title='bbox 1273 1786 1471 1831; x_wconf 73' lang='lat' dir='ltr'>dixisset:</span> 
     </span>
     <span class='ocr_line' id='line_1_23' title="bbox 89 1857 1475 1918; baseline 0.001 -18"><span class='ocrx_word' id='word_1_203' title='bbox 89 1878 109 1900; x_wconf 87' lang='lat'>«</span> <span class='ocrx_word' id='word_1_204' title='bbox 144 1860 248 1901; x_wconf 89' lang='lat' dir='ltr'>Esto</span> <span class='ocrx_word' id='word_1_205' title='bbox 273 1867 321 1902; x_wconf 90' lang='lat' dir='ltr'>tu</span> <span class='ocrx_word' id='word_1_206' title='bbox 342 1857 507 1918; x_wconf 84' lang='lat' dir='ltr'>populo</span> <span class='ocrx_word' id='word_1_207' title='bbox 530 1873 630 1918; x_wconf 79' lang='lat' dir='ltr'>quae</span> <span class='ocrx_word' id='word_1_208' title='bbox 653 1857 707 1901; x_wconf 84' lang='lat' dir='ltr'>ad</span> <span class='ocrx_word' id='word_1_209' title='bbox 732 1862 867 1902; x_wconf 90' lang='lat' dir='ltr'>Deum</span> <span class='ocrx_word' id='word_1_210' title='bbox 894 1867 1011 1903; x_wconf 88' lang='lat' dir='ltr'>sunt.</span> <span class='ocrx_word' id='word_1_211' title='bbox 1040 1876 1060 1899; x_wconf 73' lang='lat'>)›</span> <span class='ocrx_word' id='word_1_212' title='bbox 1092 1862 1195 1903; x_wconf 86' lang='lat' dir='ltr'>Post</span> <span class='ocrx_word' id='word_1_213' title='bbox 1211 1859 1305 1902; x_wconf 66' lang='lat' dir='ltr'>haec</span> <span class='ocrx_word' id='word_1_214' title='bbox 1323 1857 1475 1902; x_wconf 82' lang='lat' dir='ltr'>admo-</span> 
     </span>
     <span class='ocr_line' id='line_1_24' title="bbox 87 1927 1475 1988; baseline -0.001 -16"><span class='ocrx_word' id='word_1_215' title='bbox 87 1938 182 1983; x_wconf 79' lang='lat' dir='ltr'>net,</span> <span class='ocrx_word' id='word_1_216' title='bbox 207 1943 263 1971; x_wconf 90' lang='lat' dir='ltr'>ne</span> <span class='ocrx_word' id='word_1_217' title='bbox 281 1927 554 1986; x_wconf 82' lang='lat' dir='ltr'>singulorum</span> <span class='ocrx_word' id='word_1_218' title='bbox 577 1929 773 1986; x_wconf 79' lang='lat' dir='ltr'>negotia,</span> <span class='ocrx_word' id='word_1_219' title='bbox 799 1945 898 1988; x_wconf 76' lang='lat' dir='ltr'>quae</span> <span class='ocrx_word' id='word_1_220' title='bbox 926 1929 1040 1972; x_wconf 86' lang='lat' dir='ltr'>inter</span> <span class='ocrx_word' id='word_1_221' title='bbox 1069 1945 1112 1973; x_wconf 86' lang='lat' dir='ltr'>se</span> <span class='ocrx_word' id='word_1_222' title='bbox 1137 1929 1325 1983; x_wconf 83' lang='lat' dir='ltr'>babent,</span> <span class='ocrx_word' id='word_1_223' title='bbox 1352 1927 1475 1972; x_wconf 83' lang='lat' dir='ltr'>dese-</span> 
     </span>
     <span class='ocr_line' id='line_1_25' title="bbox 89 1998 1473 2058; baseline -0.002 -14"><span class='ocrx_word' id='word_1_224' title='bbox 89 2009 254 2055; x_wconf 76' lang='lat' dir='ltr'>rantur,</span> <span class='ocrx_word' id='word_1_225' title='bbox 277 1998 422 2043; x_wconf 86' lang='lat' dir='ltr'>electis</span> <span class='ocrx_word' id='word_1_226' title='bbox 446 1998 648 2043; x_wconf 86' lang='lat' dir='ltr'>videlicet</span> <span class='ocrx_word' id='word_1_227' title='bbox 665 1999 916 2058; x_wconf 82' lang='lat' dir='ltr'>potentibus</span> <span class='ocrx_word' id='word_1_228' title='bbox 932 1999 1031 2043; x_wconf 87' lang='lat' dir='ltr'>viris</span> <span class='ocrx_word' id='word_1_229' title='bbox 1054 2002 1195 2042; x_wconf 84' lang='lat' dir='ltr'>Deum</span> <span class='ocrx_word' id='word_1_230' title='bbox 1213 1999 1473 2053; x_wconf 77' lang='lat' dir='ltr'>colentibus,</span> 
     </span>
    </p>
   </div>
   <div class='ocr_carea' id='block_1_6' title="bbox 84 2068 1478 2130">
    <p class='ocr_par' dir='ltr' id='par_1_6' title="bbox 84 2068 1478 2130">
     <span class='ocr_line' id='line_1_26' title="bbox 84 2068 1478 2130; baseline -0.001 -16"><span class='ocrx_word' id='word_1_231' title='bbox 84 2070 232 2129; x_wconf 82' lang='lat' dir='ltr'>justis,</span> <span class='ocrx_word' id='word_1_232' title='bbox 258 2079 301 2113; x_wconf 88' lang='lat' dir='ltr'>et</span> <span class='ocrx_word' id='word_1_233' title='bbox 337 2070 413 2128; x_wconf 82' lang='lat' dir='ltr'>qui</span> <span class='ocrx_word' id='word_1_234' title='bbox 435 2068 608 2114; x_wconf 88' lang='lat' dir='ltr'>oderint</span> <span class='ocrx_word' id='word_1_235' title='bbox 641 2069 911 2129; x_wconf 80' lang='lat' dir='ltr'>superbiam,</span> <span class='ocrx_word' id='word_1_236' title='bbox 946 2085 1055 2130; x_wconf 85' lang='lat' dir='ltr'>quos</span> <span class='ocrx_word' id='word_1_237' title='bbox 1078 2070 1316 2113; x_wconf 84' lang='lat' dir='ltr'>constituat</span> <span class='ocrx_word' id='word_1_238' title='bbox 1348 2085 1478 2129; x_wconf 88' lang='lat' dir='ltr'>super</span> 
     </span>
    </p>
   </div>
   <div class='ocr_carea' id='block_1_7' title="bbox 91 2140 1483 2623">
    <p class='ocr_par' dir='ltr' id='par_1_7' title="bbox 91 2140 1483 2623">
     <span class='ocr_line' id='line_1_27' title="bbox 93 2140 1475 2201; baseline -0.001 -16"><span class='ocrx_word' id='word_1_239' title='bbox 93 2142 287 2186; x_wconf 83' lang='lat' dir='ltr'>millenos</span> <span class='ocrx_word' id='word_1_240' title='bbox 299 2177 309 2196; x_wconf 87' lang='lat'>,</span> <span class='ocrx_word' id='word_1_241' title='bbox 335 2141 439 2185; x_wconf 83' lang='lat' dir='ltr'>alios</span> <span class='ocrx_word' id='word_1_242' title='bbox 457 2156 586 2200; x_wconf 86' lang='lat' dir='ltr'>super</span> <span class='ocrx_word' id='word_1_243' title='bbox 608 2150 814 2185; x_wconf 84' lang='lat' dir='ltr'>centenos</span> <span class='ocrx_word' id='word_1_244' title='bbox 828 2176 838 2195; x_wconf 75' lang='lat'><strong><em>‚</em></strong></span> <span class='ocrx_word' id='word_1_245' title='bbox 857 2140 962 2185; x_wconf 87' lang='lat' dir='ltr'>alios</span> <span class='ocrx_word' id='word_1_246' title='bbox 978 2157 1107 2200; x_wconf 87' lang='lat' dir='ltr'>super</span> <span class='ocrx_word' id='word_1_247' title='bbox 1124 2141 1452 2201; x_wconf 83' lang='lat' dir='ltr'>quinquagenos</span> <span class='ocrx_word' id='word_1_248' title='bbox 1465 2176 1475 2191; x_wconf 81' lang='grc'>,</span> 
     </span>
     <span class='ocr_line' id='line_1_28' title="bbox 91 2212 1479 2272; baseline -0.002 -16"><span class='ocrx_word' id='word_1_249' title='bbox 91 2212 193 2256; x_wconf 81' lang='lat' dir='ltr'>alios</span> <span class='ocrx_word' id='word_1_250' title='bbox 219 2228 347 2272; x_wconf 85' lang='lat' dir='ltr'>super</span> <span class='ocrx_word' id='word_1_251' title='bbox 369 2212 519 2256; x_wconf 87' lang='lat' dir='ltr'>denos.</span> <span class='ocrx_word' id='word_1_252' title='bbox 549 2212 616 2256; x_wconf 87' lang='lat' dir='ltr'>Sic</span> <span class='ocrx_word' id='word_1_253' title='bbox 638 2221 681 2255; x_wconf 88' lang='lat' dir='ltr'>et</span> <span class='ocrx_word' id='word_1_254' title='bbox 702 2212 756 2255; x_wconf 86' lang='lat' dir='ltr'>ab</span> <span class='ocrx_word' id='word_1_255' title='bbox 778 2212 871 2271; x_wconf 87' lang='lat' dir='ltr'>ipso</span> <span class='ocrx_word' id='word_1_256' title='bbox 889 2215 1039 2270; x_wconf 79' lang='lat' dir='ltr'>Moyse</span> <span class='ocrx_word' id='word_1_257' title='bbox 1057 2213 1242 2256; x_wconf 85' lang='lat' dir='ltr'>removit</span> <span class='ocrx_word' id='word_1_258' title='bbox 1270 2227 1418 2270; x_wconf 77' lang='lat' dir='ltr'>graves</span> <span class='ocrx_word' id='word_1_259' title='bbox 1437 2223 1479 2255; x_wconf 69' lang='lat' dir='ltr'>vt</span> 
     </span>
     <span class='ocr_line' id='line_1_29' title="bbox 91 2283 1477 2343; baseline 0.001 -18"><span class='ocrx_word' id='word_1_260' title='bbox 91 2284 351 2342; x_wconf 83' lang='lat' dir='ltr'>periculosas</span> <span class='ocrx_word' id='word_1_261' title='bbox 370 2283 675 2342; x_wconf 81' lang='lat' dir='ltr'>occupationes</span> <span class='ocrx_word' id='word_1_262' title='bbox 694 2318 704 2336; x_wconf 72' lang='grc'><em>,</em></span> <span class='ocrx_word' id='word_1_263' title='bbox 731 2299 811 2327; x_wconf 79' lang='lat' dir='ltr'>noc</span> <span class='ocrx_word' id='word_1_264' title='bbox 840 2284 941 2327; x_wconf 83' lang='lat' dir='ltr'>istos</span> <span class='ocrx_word' id='word_1_265' title='bbox 960 2284 1166 2341; x_wconf 78' lang='lat' dir='ltr'>gravavit.</span> <span class='ocrx_word' id='word_1_266' title='bbox 1189 2283 1477 2343; x_wconf 77' lang='lat' dir='ltr'>Quandoqui-</span> 
     </span>
     <span class='ocr_line' id='line_1_30' title="bbox 93 2353 1480 2414; baseline -0.001 -17"><span class='ocrx_word' id='word_1_267' title='bbox 93 2355 191 2397; x_wconf 85' lang='lat' dir='ltr'>dem</span> <span class='ocrx_word' id='word_1_268' title='bbox 208 2354 288 2413; x_wconf 88' lang='lat' dir='ltr'>ipsi</span> <span class='ocrx_word' id='word_1_269' title='bbox 308 2353 423 2397; x_wconf 87' lang='lat' dir='ltr'>mille</span> <span class='ocrx_word' id='word_1_270' title='bbox 445 2353 657 2397; x_wconf 83' lang='lat' dir='ltr'>haberent</span> <span class='ocrx_word' id='word_1_271' title='bbox 674 2369 813 2397; x_wconf 89' lang='lat' dir='ltr'>unum</span> <span class='ocrx_word' id='word_1_272' title='bbox 836 2370 1046 2414; x_wconf 78' lang='lat' dir='ltr'>superse,</span> <span class='ocrx_word' id='word_1_273' title='bbox 1073 2364 1115 2397; x_wconf 85' lang='lat' dir='ltr'>et</span> <span class='ocrx_word' id='word_1_274' title='bbox 1140 2354 1221 2398; x_wconf 88' lang='lat' dir='ltr'>sub</span> <span class='ocrx_word' id='word_1_275' title='bbox 1240 2353 1314 2398; x_wconf 89' lang='lat' dir='ltr'>illo</span> <span class='ocrx_word' id='word_1_276' title='bbox 1341 2354 1480 2397; x_wconf 83' lang='lat' dir='ltr'>babe-</span> 
     </span>
     <span class='ocr_line' id='line_1_31' title="bbox 95 2423 1481 2483; baseline 0 -16"><span class='ocrx_word' id='word_1_277' title='bbox 95 2434 189 2468; x_wconf 87' lang='lat' dir='ltr'>rent</span> <span class='ocrx_word' id='word_1_278' title='bbox 211 2424 315 2468; x_wconf 88' lang='lat' dir='ltr'>alios</span> <span class='ocrx_word' id='word_1_279' title='bbox 337 2424 487 2468; x_wconf 88' lang='lat' dir='ltr'>decem</span> <span class='ocrx_word' id='word_1_280' title='bbox 508 2459 518 2478; x_wconf 80' lang='lat'>‚</span> <span class='ocrx_word' id='word_1_281' title='bbox 544 2434 587 2468; x_wconf 88' lang='lat' dir='ltr'>et</span> <span class='ocrx_word' id='word_1_282' title='bbox 609 2424 691 2467; x_wconf 83' lang='lat' dir='ltr'>sub</span> <span class='ocrx_word' id='word_1_283' title='bbox 710 2425 769 2467; x_wconf 85' lang='lat' dir='ltr'>eis</span> <span class='ocrx_word' id='word_1_284' title='bbox 793 2424 896 2469; x_wconf 84' lang='lat' dir='ltr'>alios</span> <span class='ocrx_word' id='word_1_285' title='bbox 924 2425 1103 2483; x_wconf 75' lang='lat' dir='ltr'>viginti,</span> <span class='ocrx_word' id='word_1_286' title='bbox 1131 2434 1173 2468; x_wconf 87' lang='lat' dir='ltr'>et</span> <span class='ocrx_word' id='word_1_287' title='bbox 1190 2425 1272 2468; x_wconf 88' lang='lat' dir='ltr'>sub</span> <span class='ocrx_word' id='word_1_288' title='bbox 1294 2425 1359 2467; x_wconf 88' lang='lat' dir='ltr'>his</span> <span class='ocrx_word' id='word_1_289' title='bbox 1377 2423 1481 2468; x_wconf 80' lang='lat' dir='ltr'>alios</span> 
     </span>
     <span class='ocr_line' id='line_1_32' title="bbox 95 2493 1482 2556; baseline -0.001 -18"><span class='ocrx_word' id='word_1_290' title='bbox 95 2504 269 2538; x_wconf 78' lang='lat' dir='ltr'>centum</span> <span class='ocrx_word' id='word_1_291' title='bbox 289 2503 374 2549; x_wconf 78' lang='lat' dir='ltr'>‚ut</span> <span class='ocrx_word' id='word_1_292' title='bbox 394 2494 464 2538; x_wconf 71' lang='lat' dir='ltr'>vix</span> <span class='ocrx_word' id='word_1_293' title='bbox 498 2493 664 2553; x_wconf 85' lang='lat' dir='ltr'>aliquid</span> <span class='ocrx_word' id='word_1_294' title='bbox 692 2495 747 2537; x_wconf 81' lang='lat' dir='ltr'>ad</span> <span class='ocrx_word' id='word_1_295' title='bbox 781 2494 974 2552; x_wconf 69' lang='lat' dir='ltr'>singulos</span> <span class='ocrx_word' id='word_1_296' title='bbox 1006 2511 1204 2556; x_wconf 83' lang='lat' dir='ltr'>quosque</span> <span class='ocrx_word' id='word_1_297' title='bbox 1229 2495 1482 2554; x_wconf 62' lang='lat' dir='ltr'>praepositos</span> 
     </span>
     <span class='ocr_line' id='line_1_33' title="bbox 99 2563 1483 2623; baseline 0.001 -17"><span class='ocrx_word' id='word_1_298' title='bbox 99 2565 365 2623; x_wconf 71' lang='lat' dir='ltr'>perveniret,</span> <span class='ocrx_word' id='word_1_299' title='bbox 399 2563 519 2623; x_wconf 78' lang='lat' dir='ltr'>quod</span> <span class='ocrx_word' id='word_1_300' title='bbox 548 2565 745 2623; x_wconf 82' lang='lat' dir='ltr'>judicare</span> <span class='ocrx_word' id='word_1_301' title='bbox 768 2580 939 2609; x_wconf 70' lang='lat' dir='ltr'>necesse</span> <span class='ocrx_word' id='word_1_302' title='bbox 967 2565 1194 2608; x_wconf 72' lang='lat' dir='ltr'>baberent.</span> <span class='ocrx_word' id='word_1_303' title='bbox 1232 2565 1483 2608; x_wconf 60' lang='lat' dir='ltr'>insinuatur</span> 
     </span>
    </p>
   </div>
   <div class='ocr_carea' id='block_1_8' title="bbox 147 2660 1010 2703">
    <p class='ocr_par' dir='ltr' id='par_1_8' title="bbox 147 2660 1010 2703">
     <span class='ocr_line' id='line_1_34' title="bbox 147 2660 1010 2703; baseline 0 -12"><span class='ocrx_word' id='word_1_304' title='bbox 147 2668 151 2681; x_wconf 92' lang='lat'><em>¹</em></span> <span class='ocrx_word' id='word_1_305' title='bbox 176 2660 272 2692; x_wconf 55' lang='lat' dir='ltr'>{zm-ii.</span> <span class='ocrx_word' id='word_1_306' title='bbox 295 2672 337 2700; x_wconf 16' lang='lat' dir='ltr'>xi«.</span> <span class='ocrx_word' id='word_1_307' title='bbox 362 2672 408 2693; x_wconf 76' lang='lat' dir='ltr'>io.</span> <span class='ocrx_word' id='word_1_308' title='bbox 432 2679 471 2682; x_wconf 23' lang='grc' dir='ltr'>ἥ</span> <span class='ocrx_word' id='word_1_309' title='bbox 492 2668 503 2681; x_wconf 52' lang='lat'>0</span> <span class='ocrx_word' id='word_1_310' title='bbox 525 2662 624 2692; x_wconf 71' lang='lat' dir='ltr'>Emd.</span> <span class='ocrx_word' id='word_1_311' title='bbox 648 2672 737 2693; x_wconf 71' lang='lat' dir='ltr'>xviii.</span> <span class='ocrx_word' id='word_1_312' title='bbox 759 2672 805 2703; x_wconf 76' lang='lat'>¹9-</span> <span class='ocrx_word' id='word_1_313' title='bbox 837 2679 875 2683; x_wconf 78' lang='lat'>—-</span> <span class='ocrx_word' id='word_1_314' title='bbox 899 2660 911 2682; x_wconf 74' lang='lat'>3</span> <span class='ocrx_word' id='word_1_315' title='bbox 932 2661 1010 2692; x_wconf 67' lang='grc' dir='ltr'>ῙΙιῐιί.</span> 
     </span>
    </p>
   </div>
  </div>
 </body>
</html>
