1872 3267
373 252 640 294 QUAEsnoNEs
671 255 716 282 m
748 252 899 294 Josun,
934 255 1018 284 Lu.
1052 256 1112 283 v1.
1348 241 1431 283 555

48 321 188 367 cendo
205 335 256 366 ex
273 320 354 367 illis
371 330 536 382 septem
555 319 774 380 gentibus,
792 329 836 365 et
854 335 925 366 eos
945 319 1195 366 obedientes
1210 319 1431 378 faciendo,

48 392 192 438 adhuc
228 402 374 438 tamen
411 394 524 438 inter
562 407 634 437 eos
671 391 776 437 salvi
809 401 947 438 erant.
986 391 1091 437 Ideo
1125 407 1226 437 cum
1257 391 1433 438 dixisset

51 482 72 507 «
106 467 170 509 Ex
192 465 395 510 omnibus
416 463 574 519 verbis,
597 481 617 505 »
652 462 820 508 addidit
841 483 862 507 «
882 464 1036 522 Bonis3
1059 482 1080 505 »
1105 464 1209 524 quia
1233 463 1432 508 nondum

45 546 281 581 evenerant
313 535 543 581 maledicta
571 535 945 596 contemptoribus
976 544 1020 580 et
1048 535 1435 594 transgressoribus

45 608 296 653 constituta.
336 610 485 652 Restat
512 623 615 666 ergo
647 617 697 652 ut
725 606 846 668 quod
875 607 933 652 ait
963 626 972 652 z
1007 625 1029 650 «
1059 605 1190 652 Dedit
1221 607 1434 652 Dominus

47 697 69 721 »
105 678 252 723 Israeli
285 694 459 724 omnem
495 688 655 723 terram
687 694 818 740 quam
843 680 1064 739 juraverat
1097 677 1200 722 dare
1234 678 1434 738 patribus

47 768 68 792 »
103 765 278 806 eorum,
307 768 327 791 »
354 750 596 795 secundum
626 751 710 795 hoc
738 748 1029 809 intelligatur,
1054 749 1157 810 quia
1185 749 1263 793 etsi
1288 747 1433 794 adhuc

44 830 168 866 erant
193 837 244 866 ex
277 820 359 866 illis
387 821 590 880 gentibus
619 821 812 883 reliquiae
840 820 1120 867 conterendae
1153 829 1197 865 et
1227 820 1432 865 extermi-

42 892 217 947 nandae,
238 892 308 938 vel
331 909 384 937 ex
403 893 495 938 aliis
514 909 654 954 usque
676 892 731 938 ad
750 894 917 938 flumen
938 894 1224 953 Euphratem,
1241 901 1317 936 aut
1333 891 1435 936 sub-

38 962 244 1024 jugandae
275 963 309 1007 si
338 979 427 1008 non
451 965 717 1018 resisterent,
744 974 820 1008 aut
840 964 1077 1024 perdendae
1100 965 1135 1009 si
1159 964 1432 1009 resisterent:

42 1044 190 1078 tamen
210 1034 256 1078 in
282 1050 411 1079 usum
433 1050 584 1080 eorum
615 1035 775 1079 relictae
798 1045 922 1089 sunt,
941 1036 986 1078 in
1004 1034 1165 1095 quibus
1182 1050 1436 1079 exerceren-

0 1116 1 1125 ’
42 1113 129 1160 tur,
153 1120 207 1147 ne
233 1104 480 1150 carnalibus
507 1105 738 1150 affectibus
765 1114 808 1150 et
830 1104 1142 1165 cupiditatibus
1167 1105 1344 1159 infirmi,
1366 1121 1436 1149 re-

40 1175 268 1236 pentinam
309 1185 519 1236 tanquam
559 1191 704 1220 rerum
751 1175 1061 1236 temporalium
1102 1177 1437 1236 prosperitatem

40 1244 237 1290 modeste
272 1262 321 1290 ac
358 1246 590 1290 salubriter
619 1247 830 1290 sustinere
866 1262 957 1290 non
993 1255 1188 1305 possent,
1222 1245 1299 1290 sed
1333 1245 1436 1291 elati

41 1317 168 1363 citius
181 1317 422 1372 interirent,
434 1317 556 1380 quod
575 1327 821 1378 opportune
834 1316 919 1362 alio
931 1317 1030 1362 loco
1043 1316 1431 1362 demonstrabitur.

41 1388 193 1434 Omnis
221 1403 325 1449 ergo
360 1388 444 1434 illis
474 1398 587 1433 terra
615 1389 717 1434 data
750 1398 842 1447 est,
875 1389 978 1450 quia
1007 1397 1050 1433 et
1080 1388 1154 1433 illa
1183 1405 1304 1449 pars,
1334 1405 1435 1451 quae

40 1458 240 1505 nondum
267 1459 411 1504 fuerat
432 1460 478 1504 in
504 1459 820 1520 possessionem
845 1459 962 1516 data,
988 1461 1078 1521 jam
1100 1459 1201 1506 data
1223 1459 1368 1506 fuerat
1387 1461 1434 1508 in

40 1529 280 1592 quamdam
300 1531 618 1576 exercitationis
640 1530 892 1575 utilitatem.

544 1637 781 1687 QUAEsrlo
812 1638 934 1677 xxn.

98 1741 224 1794 Quoi>
242 1740 324 1795 ait,
355 1758 375 1782 «
399 1741 498 1785 Non
522 1739 678 1784 restitit
698 1740 928 1800 quisquam
951 1748 1051 1785 ante
1074 1738 1229 1785 faciem
1251 1739 1428 1786 illorum

42 1829 64 1854 i)
90 1810 144 1856 ab
174 1810 377 1855 omnibus
413 1810 598 1854 inimicis
631 1813 830 1866 eorum¹,
869 1811 1005 1872 quaeri
1028 1820 1170 1871 potest
1207 1811 1431 1872 quomodo

39 1897 193 1926 verum
211 1880 285 1935 sit,
311 1896 410 1925 cum
435 1881 490 1924 de
511 1881 630 1925 tribu
648 1884 741 1925 Dan
764 1882 960 1941 superius
983 1882 1193 1941 scriptum
1210 1882 1285 1937 sit,
1311 1883 1430 1943 quod

42 1968 113 1997 eos
129 1953 274 1996 hostes
298 1967 448 1996 eorum
475 1968 564 1996 non
586 1953 858 2012 permiserint
891 1952 1153 1997 descendere
1174 1953 1220 1996 in
1246 1952 1427 2010 vallem,

41 2033 84 2068 et
105 2022 412 2083 praevaluerint
433 2022 491 2066 eis
514 2023 558 2066 in
576 2023 832 2067 montibus2.
857 2023 941 2068 Sed
959 2023 1079 2084 quod
1097 2023 1310 2068 diximus³
1330 2041 1430 2069 cum

41 2094 274 2140 duodecim
301 2094 412 2138 filios
444 2094 579 2138 Jacob
622 2095 842 2155 Scriptura
873 2095 917 2138 in
952 2096 1263 2155 Mesopotamia
1307 2106 1430 2141 natos

41 2175 419 2212 commemorasset
432 2165 509 2209 ubi
525 2181 614 2210 non
629 2165 771 2211 fuerat
785 2177 913 2211 natus
927 2168 1153 2228 Benjamin
1171 2188 1182 2224 3
1198 2167 1282 2211 hoc
1299 2168 1430 2212 etiam

40 2237 112 2281 hic
127 2235 463 2295 intelligendum
485 2245 570 2291 est,
595 2236 696 2297 quia
718 2253 797 2297 pro
822 2238 1022 2282 universo
1041 2237 1205 2297 populo
1222 2236 1429 2283 undecim

40 2308 180 2353 tribus
203 2307 424 2368 deputatae
445 2316 547 2352 sunt
563 2343 573 2363 ,
599 2323 648 2352 ea
671 2308 844 2367 regula,
865 2325 963 2370 quae
987 2307 1079 2353 aliis
1105 2309 1426 2368 Scripturarum

40 2378 145 2422 locis
167 2379 292 2422 nobis
321 2379 420 2423 satis
454 2378 658 2423 innotuit.
685 2381 827 2424 Causa
856 2390 1002 2424 autem
1029 2380 1063 2423 si
1093 2381 1326 2440 quaeritur,
1351 2396 1430 2425 cur

40 2449 136 2493 haec
157 2448 294 2494 tribus
327 2450 372 2493 in
393 2465 442 2493 ea
464 2459 578 2494 sorte
608 2466 707 2510 quae
742 2450 804 2494 illi
826 2451 1026 2506 obvenit,
1063 2466 1151 2495 non
1189 2451 1428 2495 obtinuerit

91 2552 99 2568 ¹
115 2546 208 2577 Josue
227 2556 300 2587 xxi,
316 2544 369 2587 42.
391 2562 433 2570 —-
453 2552 465 2569 ²
492 2546 538 2578 Id.
565 2557 638 2588 xix,
662 2546 717 2588 2¹48,
740 2547 833 2587 juxta
847 2558 916 2580 Lxx.
949 2564 990 2570 -—
1022 2545 1035 2570 3
1054 2546 1124 2580 Lib.
1143 2558 1164 2580 1.
1186 2547 1380 2585 Quaestiones
1395 2548 1425 2580 in

44 2604 123 2633 Gen.
144 2606 254 2644 quaest.
280 2612 330 2643 ¹7-
