1872 3267
347 286 612 323 Qosss'rtomzs
646 290 689 315 m
725 288 932 326 Exontm,
969 289 1050 316 Lm.
1089 292 1136 316 ιι.
1349 280 1427 319 301

51 361 94 396 et
116 351 296 411 proximi
314 386 324 406 ‚
339 361 430 397 tota
453 356 539 396 Lex
552 351 728 413 pendet⁷
749 353 847 398 ideo
858 357 1028 411 Moyses
1046 354 1090 398 in
1105 363 1293 416 utroque
1307 371 1435 401 suum

50 420 314 466 desiderium
335 421 656 467 demonstrabat
684 443 692 468 :
717 423 763 467 in
780 423 1014 469 dilectione
1041 424 1203 470 scilicet
1225 426 1332 481 Dei,
1356 427 1435 472 ubi

49 498 109 543 ait
129 517 138 543 :
161 517 179 539 «
201 499 244 543 Si
256 498 401 544 inveni
424 499 603 557 gratiam
622 500 668 544 in
689 511 924 561 conspectu
939 510 1032 557 tuo,
1049 500 1228 546 ostende
1248 502 1357 547 mihi
1374 512 1436 548 te-

50 587 72 611 »
107 570 338 630 metipsum
359 569 601 626 manifeste,
616 581 667 616 ut
677 571 846 617 videam
860 581 917 628 te,
935 583 985 618 ut
1001 573 1080 617 sim
1096 573 1320 618 inveniens
1338 590 1436 634 gra-

51 658 72 682 »
110 639 212 684 tiam
233 641 278 684 in
295 650 531 701 conspectu
554 650 657 687 tuo:
682 661 702 684 »
728 642 774 686 in
797 642 1028 689 dilectione
1052 653 1198 689 autem
1220 645 1431 704 proximi,

48 710 124 756 ubi
141 710 200 756 ait
218 730 226 757 :
255 730 276 754 «z
301 714 357 756 Et
378 721 428 757 ut
449 712 581 758 sciam
602 713 703 774 quia
725 714 914 774 populus
931 724 1033 760 tuus
1055 723 1119 759 est
1145 730 1249 775 gens
1269 716 1380 761 haec.
1408 735 1430 758 »

548 812 784 862 QUAESTIO
815 814 928 855 CL11.

105 904 222 956 Qun)
243 910 308 946 est
327 900 448 963 quod
471 900 576 947 dicit
595 905 709 947 Deus
733 903 788 948 ad
809 907 991 962 Moysen
1019 923 1028 949 :
1057 923 1077 947 «
1096 904 1315 959 Quoniam
1343 905 1432 952 scio

52 992 70 1014 »
106 981 148 1017 te
166 988 256 1032 prae
281 972 483 1017 omnibus
501 975 513 999 1
535 993 543 1017 :
568 992 587 1014 »
609 973 827 1035 numquid
844 978 957 1020 Deus
981 974 1080 1035 plus
1097 974 1243 1036 aliqua
1263 976 1365 1032 scit,
1390 985 1434 1022 et

47 1041 192 1103 aliqua
211 1043 385 1088 minus?
409 1047 477 1088 An
498 1045 742 1089 secundum
775 1045 895 1106 quod
923 1045 1084 1091 dieitur
1102 1046 1366 1106 quibusdam
1388 1047 1434 1092 in

47 1114 281 1172 Evangelio
306 1133 315 1158 :
351 1134 371 1156 «
398 1117 497 1160 Non
530 1115 630 1160 novi
669 1118 809 1160 vos²P
835 1134 855 1157 »
883 1115 1136 1161 Secundum
1166 1117 1280 1162 hanc
1314 1116 1431 1161 enim

45 1185 267 1230 scientiam
283 1220 294 1241 ‚
312 1202 399 1246 qua
420 1189 534 1230 Deus
555 1185 716 1231 dicitur
733 1186 840 1231 scire
857 1203 956 1247 quae
973 1185 1035 1230 illi
1052 1186 1242 1247 placent,
1267 1188 1431 1233 nescire

45 1272 144 1317 quae
166 1255 412 1315 displicent,
433 1272 523 1301 non
544 1257 647 1317 quia
667 1256 839 1316 ignorat
856 1272 920 1311 ea,
939 1256 1015 1301 sed
1031 1258 1134 1318 quia
1156 1274 1246 1303 non
1269 1274 1429 1319 appro-

5 1379 7 1382 y
46 1327 142 1382 bat,
173 1328 284 1372 sicut
305 1344 371 1373 ars
395 1337 510 1372 recte
543 1327 703 1372 dicitur
734 1328 898 1374 nescire
926 1329 1053 1385 vitia,
1089 1345 1191 1375 cum
1212 1330 1433 1391 improbat

46 1398 169 1454 vitia,
194 1415 284 1459 prae
307 1399 509 1444 omnibus
540 1402 654 1444 Deus
675 1403 858 1458 Moysen
883 1400 1046 1445 sciebat
1062 1436 1073 1457 ,
1098 1402 1201 1462 quja
1220 1405 1310 1447 Deo
1342 1418 1432 1463 prae

0 1463 7 1504 ⁵<
46 1470 249 1516 omnibus
264 1473 435 1528 Moyses
453 1469 668 1530 placebat.

538 1566 775 1616 QUAES'rio
806 1567 936 1607 CLIII.

103 1658 352 1703 Nomium-21
368 1665 519 1712 est-ne,
546 1655 666 1716 quod
689 1656 808 1716 prius
826 1656 915 1716 ipse
938 1659 1109 1715 Moyses
1133 1656 1298 1704 dixerat
1312 1661 1429 1705 Deo:

48 1747 67 1770 «
103 1728 252 1773 Dixisti
286 1727 414 1782 mihi,
445 1727 540 1772 Scio
563 1736 605 1770 te
632 1743 722 1786 prae
745 1727 1004 1773 omnihus&
1033 1747 1052 1769 »
1079 1729 1200 1789 quod
1231 1728 1293 1774 illi
1319 1733 1433 1776 Deus

0 1817 5 1842 ι
45 1808 326 1860 posteaquam
352 1799 437 1842 hoc
460 1798 548 1858 ipse
566 1799 656 1842 Deo
685 1797 792 1842 dixit
807 1834 817 1853 ,
840 1797 998 1857 legitur
1018 1799 1198 1857 dixisse,
1224 1811 1324 1847 ante
1351 1819 1430 1847 au-

0 1888 3 1898 *
48 1877 133 1913 tem
150 1885 239 1913 non
257 1868 430 1927 legitur,
456 1877 504 1912 ut
532 1867 825 1928 intelligamus
847 1885 937 1914 non
960 1871 1104 1916 omnia
1129 1888 1218 1916 esse
1246 1873 1402 1934 scripta
1419 1909 1430 1929 ,

0 1963 4 1984 ;
45 1957 144 2002 quae
166 1956 267 1985 cum
289 1939 365 1985 illo
388 1943 502 1984 Deus
523 1938 695 1985 locutus
716 1950 779 1986 est
797 1961 805 1986 :
832 1941 907 1986 sed
929 1941 1181 2002 diligentius
1205 1945 1431 2005 requiren-

0 2028 5 2053 ;
46 2009 152 2055 dum
174 2010 300 2056 estin
317 2010 534 2071 prioribus
558 2011 794 2071 Scripturae
815 2012 1011 2072 partibus
1026 2049 1036 2069 ,
1061 2029 1116 2058 an
1128 2030 1228 2059 vere
1249 2015 1307 2060 ita
1330 2015 1398 2061 sit.

548 2105 784 2168 QUAEs'rlo
816 2121 945 2162 cmv.

108 2212 140 2254 Ι.
166 2211 269 2254 CUM
289 2208 464 2254 dixisset
484 2211 655 2266 Moyses
681 2207 736 2252 ad
764 2210 1001 2256 Dominum
1025 2233 1033 2258 z
1066 2232 1086 2256 «
1114 2215 1306 2260 Ostende
1327 2216 1435 2262 mihi

51 2298 72 2322 »
107 2280 288 2340 gloriam
310 2289 430 2325 tuam
448 2299 456 2324 :
484 2300 501 2322 ›>
524 2279 748 2339 respondit
770 2281 808 2325 ei
830 2283 1042 2328 Dominus
1062 2303 1070 2329 :
1096 2304 1115 2327 «
1133 2288 1226 2344 Ego
1244 2289 1435 2333 transibo

51 2368 73 2392 »
107 2359 206 2395 ante
227 2360 270 2396 te
293 2350 427 2410 gloria
446 2366 541 2395 mea
557 2386 568 2407 ‚
594 2360 636 2395 et
666 2352 830 2397 vocabo
852 2354 1030 2399 nomine
1054 2356 1228 2402 Domini
1255 2358 1301 2402 in
1331 2375 1437 2404 con-

52 2439 74 2464 »
107 2432 258 2483 spectu
280 2432 358 2468 tuo
386 2442 394 2467 ε
421 2431 465 2467 et
490 2422 728 2468 misereb'or
751 2425 822 2469 cui
844 2425 1042 2471 misertus
1077 2443 1150 2473 ero
1169 2465 1179 2485 ‚
1205 2439 1248 2474 et
1270 2430 1437 2475 miseri-

17 2499 21 2587 ι
53 2510 76 2535 »
109 2492 303 2538 cordiam
319 2493 537 2554 praestabo
559 2493 629 2538 cui
646 2494 984 2541 misericordiam
1000 2498 1271 2557 praestitero*
1294 2519 1312 2542 »
1337 2516 1438 2546 cum

100 2595 109 2611 ¹
138 2589 236 2622 Exod.
256 2599 340 2632 xxx,
364 2601 415 2633 17·
435 2608 477 2613 —
496 2596 510 2614 ²
528 2589 643 2623 Matth.
665 2601 748 2633 xxv,
776 2600 827 2624 12.
855 2610 896 2615 —-
918 2589 931 2616 3
951 2594 1050 2628 Exod,
1073 2606 1190 2638 xxxin,
1215 2605 1252 2630 12
1271 2601 1304 2630 et
1323 2608 1375 2641 17.
1395 2616 1438 2624 -

19 2645 21 2648 “
56 2642 72 2675 4
90 2644 188 2677 Exod.
205 2656 316 2688 xxxin,
342 2646 394 2689 18,
417 2657 468 2689 19·
