1872 3267
411 217 464 256 68
844 229 877 255 s.
914 227 1141 257 Aoousnm
1174 230 1353 258 EPISCOPI

408 308 515 346 esse,
534 307 634 336 cum
648 290 807 336 dieitur
826 311 846 334 «
864 296 1006 339 Homo
1023 295 1170 350 homo,
1195 313 1214 336 »
1235 305 1443 356 tanquam
1462 292 1593 348 dicat,
1618 293 1794 337 «Homo

411 380 432 403 »
458 361 531 406 ille
544 371 620 406 aut
632 361 704 407 ille
716 379 735 404 υ
753 363 836 406 hoc
848 372 926 419 est,
942 365 1208 426 quicumque
1220 367 1374 410 homo:
1393 380 1481 410 non
1495 364 1607 408 sicut
1618 362 1795 423 quidam
1848 354 1852 390 Ᾰ

405 440 693 491 putaverunt,
727 451 747 475 «
771 434 1066 480 Homo-homo
1093 453 1113 476 »
1140 436 1197 479 ita
1220 434 1331 491 dici,
1362 444 1571 495 tanquam
1593 431 1795 477 laudabi-

406 501 504 547 liter
516 512 810 563 nuncupetur,
824 503 915 548 acsi
931 503 1163 560 diceretur,
1181 509 1349 550 «Homo
1368 504 1444 549 sed
1468 505 1630 548 homo»
1655 503 1701 547 id
1714 511 1792 557 est,

405 588 495 617 non
530 572 860 634 qualiscumque
893 573 1013 618 velut
1045 575 1193 620 similis
1216 575 1384 635 pecori,
1410 574 1484 619 sed
1507 574 1705 634 quivere
1743 572 1798 616 sit
1845 589 1851 619 ι

405 643 538 688 homo
561 662 570 688 ε
595 659 727 704 quem
746 658 921 688 sensum
944 658 1035 688 non
1056 661 1144 690 esse
1162 661 1313 690 verum
1329 681 1339 701 ,
1367 645 1442 690 sed
1459 643 1691 689 locutionis
1711 643 1796 686 hoc
1845 659 1850 689 t

405 731 496 760 esse
520 715 840 774 Scripturarum
855 751 865 771 ,
891 725 1037 775 aperte
1059 718 1129 761 hic
1151 718 1416 772 ostenditur,
1434 732 1535 761 cum
1552 717 1597 760 in
1614 731 1666 760 eo
1687 714 1796 760 dici-
1837 720 1849 750 '-

406 794 478 829 tur
500 785 576 846 qui
594 784 795 846 culpatur
812 821 822 841 ,
844 801 933 829 non
951 785 1027 846 qui
1045 786 1263 832 laudatur.

463 859 579 901 LIX.
607 857 719 901 Cum
741 855 796 899 de
817 856 947 901 servis
970 866 1143 915 ageret,
1166 873 1275 918 quos
1297 857 1446 902 liceret
1476 857 1635 901 habere
1657 858 1796 900 Isra'e«

403 925 512 982 litis,
538 929 636 971 «Et
668 936 797 971 erunt
830 927 975 982 vobis,
1002 927 1166 987 inquit,
1194 928 1238 972 in
1274 926 1584 988 possessionem
1606 927 1651 970 in
1674 935 1796 969 aeter-
1843 954 1847 959 ·

409 1017 429 1039 »
464 999 628 1042 num¹z
657 1016 676 1039 »
723 1012 822 1042 cum
855 997 1008 1058 utique
1042 998 1193 1041 aeterni
1217 997 1445 1042 moriendo
1478 1011 1566 1041 esse
1588 1012 1676 1040 non
1701 1011 1796 1055 pos·

405 1077 497 1113 sent
537 1067 606 1113 vel
630 1068 797 1113 domini
823 1068 892 1113 vel
926 1068 1058 1123 servi,
1090 1087 1109 1110 «
1136 1078 1348 1112 aeternum
1374 1086 1394 1109 »
1428 1083 1531 1127 ergo
1555 1067 1684 1121 dixit,
1717 1067 1795 1111 ubi
1832 1068 1847 1126 ’ἦ

402 1155 495 1184 non
517 1148 581 1183 est
610 1139 815 1199 temporis
849 1139 1118 1198 praestitutus
1154 1138 1310 1183 modus
1331 1154 1559 1198 quousque
1581 1138 1791 1192 serviant,
1830 1129 1843 1182 ἷζ

402 1211 515 1254 sicut
533 1209 794 1254 constitutus
817 1218 880 1253 est
902 1209 961 1253 eis
978 1243 988 1263 ,
1014 1225 1125 1269 quos
1149 1209 1195 1253 in
1219 1209 1466 1254 remissione
1489 1208 1649 1252 dimitti
1667 1208 1795 1267 jubet
1829 1227 1845 1252 a

404 1280 596 1324 libertati
614 1296 716 1324 suae.

466 1355 557 1395 Lx.
587 1372 605 1391 α
639 1352 680 1395 Si
710 1352 753 1394 in
786 1349 1011 1409 prseeoptis
1040 1350 1144 1393 meis
1166 1349 1502 1404 ambulaveritis,
1532 1347 1794 1393 etmandata

407 1440 428 1462 »
464 1437 557 1463 inea
598 1420 951 1473 obsewavciitis,
988 1429 1030 1462 et
1063 1418 1247 1463 fet-eritis
1278 1436 1347 1473 (Ἠ,
1384 1429 1426 1463 et
1457 1419 1572 1463 dabo
1601 1418 1794 1477 pluviam

406 1511 426 1532 ³>
465 1492 587 1535 vobis
610 1491 653 1533 in
681 1500 869 1548 [empore
889 1492 993 1533 suo2
1019 1510 1064 1534 ι»
1081 1491 1348 1548 snpmssuum
1374 1500 1451 1544 cst,
1473 1509 1492 1531 «
1509 1499 1581 1533 et»
1608 1505 1792 1533 eonsue-
1826 1511 1842 1531 ,τ

401 1562 543 1606 tudini
558 1561 787 1605 locutionis
802 1570 980 1615 nwslrw,
1002 1560 1075 1603 sed
1093 1577 1210 1604 more
1229 1562 1547 1620 Serip'turarum
1563 1562 1760 1603 additum
1779 1578 1788 1604 ε
1839 1575 1841 1581 ’

402 1634 668 1692 sequebatur
686 1632 817 1684 enirn,
845 1650 862 1671 «
881 1631 1001 1673 babo
1018 1630 1157 1674 vobis.
1181 1650 1198 1669 υ

463 1706 578 1746 Lm.
606 1722 623 1743 α
644 1706 697 1745 Et
714 1702 747 1745 si
766 1717 902 1760 usque
922 1700 1064 1743 adbuc
1083 1716 1171 1743 non
1185 1699 1432 1744 obedieritis
1448 1701 1567 1756 mihi,
1595 1711 1637 1745 ct
1656 1718 1792 1761 appo-
1821 1755 1823 1759 Α

405 1793 426 1816 >›
463 1790 565 1818 nam
589 1773 796 1831 castigare
821 1787 893 1815 vos
924 1771 1078 1830 septies
1107 1771 1151 1814 in
1173 1772 1358 1830 peccatis
1384 1773 1531 1816 vestris
1548 1776 1561 1798 ³
1582 1793 1589 1817 2
1615 1793 1632 1813 »
1659 1773 1789 1817 etiam

404 1845 474 1889 hie
497 1843 768 1903 superfluum
786 1851 870 1897 est,
901 1862 920 1883 «
940 1850 982 1885 et
1005 1859 1047 1886 2»
1068 1841 1331 1901 sequebatur
1352 1842 1490 1897 enim,
1519 1862 1537 1883 «
1555 1846 1786 1902 Apponam
1819 1843 1822 1888 ξ

403 1933 424 1957 )>
461 1915 666 1972 castigare
700 1928 775 1958 vos
800 1931 808 1957 ;
837 1931 856 1953 »
899 1912 1020 1972 quod
1067 1920 1214 1955 autem
1253 1912 1339 1967 ait,
1374 1932 1392 1954 ‹<
1429 1913 1611 1973 septies,
1640 1932 1659 1954 »
1707 1929 1786 1972 pro

403 1985 522 2030 omni
545 1986 727 2028 numero
750 1982 1054 2042 accipiendum
1076 1991 1152 2026 est.

450 2089 458 2106 1
478 2083 555 2113 Lev.
575 2091 650 2122 xxv,
669 2079 723 2123 46.
754 2097 792 2103 --
813 2086 828 2103 ’-’
846 2079 892 2112 Id.
913 2090 1001 2121 xxvi,
1022 2079 1052 2112 3.
1076 2095 1116 2101 —-
1133 2076 1146 2100 3
1165 2077 1245 2110 lbid.
1268 2078 1316 2110 18.

1820 1768 1822 1784 4

1820 1787 1823 1810 P
