1872 3267
410 193 493 230 510
843 200 875 226 s.
913 200 1141 228 Aucusvruvr
1174 200 1356 227 EPISCOPI

406 265 585 324 mystice
607 263 930 324 prophetaverit
950 264 1228 318 intraturam,
1253 261 1374 323 quod
1398 261 1456 306 ait
1484 281 1493 307 :
1522 281 1542 304 «
1568 265 1713 323 Usque
1732 263 1788 308 ad

408 354 428 377 »
464 335 677 379 decimam
698 333 1018 392 generationem
1035 335 1064 378 ².
1088 351 1109 374 »
1136 335 1459 392 Computantur
1477 332 1592 376 enim
1615 348 1791 392 genera-

409 404 545 449 tiones
568 420 619 448 ex
638 404 860 449 Abraham
882 402 1060 463 quando
1081 401 1166 454 fuit
1188 413 1232 447 et
1251 406 1354 458 Lot,
1388 402 1465 462 qui
1487 403 1638 461 genuit
1666 406 1791 449 Moa-

406 476 517 519 bitas
540 484 584 520 et
605 475 873 519 Ammanitas
895 490 946 517 ex
967 473 1161 529 filiabus,
1193 483 1237 518 et
1269 473 1553 518 inveniuntur
1575 489 1676 518 cum
1697 474 1791 535 ipso

405 545 627 590 Abraham
651 544 859 604 compleri
883 543 1033 588 decem
1054 544 1349 602 generationes
1372 559 1510 605 usque
1523 543 1579 588 ad
1596 544 1789 599 Salmon‚

405 616 482 677 qui
516 616 666 674 genuit
687 619 822 670 Booz,
854 614 930 675 qui
953 614 1131 658 maritus
1164 615 1379 658 secundus
1399 613 1483 658 fuit
1504 615 1640 661 Ruth.
1683 617 1801 674 Suntj

407 687 525 730 enim
563 687 656 730 istae
673 722 683 741 ‚
724 686 967 740 Abraham,
1019 688 1135 729 Isaac
1151 720 1161 740 ‚
1202 684 1360 740 Jacob,
1404 685 1539 729 Judas
1557 720 1568 740 ,
1611 685 1790 740 Phares,

407 760 560 802 Esrom
578 792 588 812 ,
614 760 766 811 Aram,
802 754 1047 800 Aminadab
1064 791 1075 810 ,
1110 757 1281 799 Naason
1298 790 1308 810 ‚
1337 754 1512 800 Salmon
1529 758 1546 781 ²
1572 774 1581 799 :
1619 754 1795 800 Salmon

407 827 570 887 quippe
591 827 742 886 genuit
766 829 879 870 Booz
896 861 906 881 ‚
936 825 1013 886 qui
1039 825 1216 870 viduam
1237 825 1362 869 duxit
1380 825 1500 869 Ruth
1520 845 1531 883 3
1554 840 1602 869 ac
1619 840 1696 885 per
1712 825 1796 870 hoc

405 897 581 943 videtur
603 907 699 958 post
720 897 935 942 decimam
958 898 1280 956 generationem
1313 913 1448 956 genus
1470 895 1618 941 secisse
1637 896 1684 940 in
1707 899 1796 941 Ec-

408 968 537 1014 clesia
560 969 732 1014 Domini
754 967 963 1029 pariendo
985 967 1095 1012 filios
1123 967 1203 1027 ipsi
1228 970 1357 1012 Booz.
1392 966 1477 1012 Sed
1498 983 1577 1012 cur
1598 966 1796 1012 additum

409 1040 484 1095 sit,
515 1059 533 1081 «
554 1043 611 1084 Et
629 1039 826 1100 usquein
843 1048 1079 1093 aeternum,
1108 1056 1128 1079 »
1155 1037 1309 1082 merito
1328 1038 1471 1082 adhuc
1493 1037 1720 1098 quaeritur,
1741 1053 1797 1082 an
1827 1035 1832 1084 Ι

409 1111 511 1171 quia
528 1110 737 1169 deinceps
760 1109 880 1153 nulla
904 1109 1048 1153 anima
1069 1107 1123 1152 de
1147 1109 1402 1153 Ammanitis
1433 1118 1478 1153 et
1502 1108 1704 1153 Moabitis
1726 1108 1797 1152 in-

411 1180 541 1225 travit
561 1180 606 1223 in
624 1178 744 1223 illam
765 1178 1001 1223 Ecclesiam
1018 1177 1169 1238 populi
1186 1179 1489 1234 Hebraeorum,
1515 1188 1798 1239 posteaquam

410 1250 491 1294 ista
510 1250 785 1308 generatione
815 1249 983 1293 decima
1017 1249 1246 1308 prophetia
1274 1248 1489 1308 completa
1510 1251 1598 1293 est?
1625 1252 1695 1293 An
1715 1264 1798 1308 po-

412 1321 498 1365 tius
520 1321 580 1365 ita
593 1319 760 1365 dictum
776 1329 855 1374 est,
872 1321 964 1363 «Et
976 1334 1114 1378 usque
1132 1317 1187 1362 ad
1200 1318 1411 1362 decimam
1428 1319 1795 1377 generationem‚»

413 1401 464 1436 ut
485 1391 664 1436 omnino
686 1405 854 1449 semper
884 1388 1068 1448 intelligi
1093 1387 1302 1444 voluerit,
1336 1404 1413 1448 per
1443 1387 1608 1433 denarii
1629 1390 1800 1434 numeri

412 1460 649 1523 quamdam
671 1459 1010 1513 universitatem,
1025 1459 1171 1503 uthoc
1193 1459 1435 1518 exposuerit
1455 1457 1646 1519 quodam
1666 1458 1798 1504 modo

413 1531 619 1577 addendo
641 1540 685 1575 et
707 1530 893 1574 dicendo
907 1564 918 1585 ‚
949 1549 969 1571 «
994 1532 1051 1573 Et
1073 1544 1211 1589 usque
1238 1528 1285 1572 in
1305 1531 1545 1574 aeternum?
1570 1547 1590 1571 »
1615 1528 1745 1583 Quod
1766 1529 1800 1574 si

414 1604 474 1648 ita
497 1612 575 1658 est,
602 1602 723 1647 Ruth
743 1610 895 1646 contra
919 1609 1188 1660 praeceptum
1205 1600 1388 1645 vetitum
1403 1599 1575 1646 videtur
1596 1600 1795 1647 admissa.
1827 1601 1830 1608 '

416 1677 487 1718 An
513 1673 781 1718 Ammanitas
804 1671 1028 1732 prohibuit
1055 1669 1254 1726 admitti,
1278 1686 1369 1715 non
1390 1670 1730 1726 Ammanitidas‚
1756 1669 1802 1715 id

417 1754 480 1790 cst
497 1780 508 1800 ‚
533 1745 645 1789 viros
668 1743 769 1788 inde
780 1779 794 1800 ,
823 1759 913 1788 non
934 1742 1163 1787 foeminas?
1181 1742 1365 1785 maxime
1382 1742 1483 1801 quia
1501 1757 1603 1786 cum
1621 1742 1800 1787 evertis-

416 1824 511 1860 sent
537 1814 741 1859 Israelitae
762 1814 899 1873 ipsam
933 1821 1104 1870 gentem
1122 1847 1133 1867 ,
1169 1827 1318 1855 omnes
1348 1812 1460 1856 viros
1483 1811 1679 1856 occidere
1694 1813 1802 1873 jussi

416 1894 539 1939 sunt,
565 1884 767 1928 foeminas
791 1892 936 1926 autem
958 1897 1047 1925 non
1063 1916 1073 1936 ‚
1100 1881 1179 1925 nisi
1201 1897 1270 1925 eas
1289 1897 1388 1942 quae
1409 1891 1619 1928 noverant
1639 1898 1803 1928 concu-

419 1955 561 1998 bitum
582 1953 712 2010 viri33
737 1952 943 2013 quoniam
981 1951 1084 2011 ipsae
1121 1950 1166 1994 in
1192 1951 1522 1995 fornicationem
1544 1951 1802 1997 seduxerant

418 2023 632 2085 populum
662 2041 670 2067 :
707 2022 892 2081 virgines
915 2031 1059 2066 autem
1081 2019 1215 2065 salvas
1239 2036 1327 2065 csse
1348 2021 1606 2078 voluerunt,
1633 2038 1722 2067 non
1744 2023 1804 2067 eis

417 2095 681 2153 imputantes
701 2091 875 2151 culpam
889 2126 900 2146 ‚
925 2107 1057 2151 quam
1080 2091 1215 2135 everti
1237 2091 1311 2135 illa
1334 2106 1436 2150 gens
1458 2093 1643 2136 meruit:
1670 2107 1804 2153 quam

420 2164 551 2208 etiam
576 2163 642 2206 hic
660 2161 1039 2216 commemoravit,
1064 2161 1186 2205 velut
1204 2171 1472 2221 quaereretur
1494 2177 1571 2206 cur
1589 2163 1803 2208 Moabitas

418 2243 462 2278 et
497 2232 764 2278 Ammanitas
801 2230 970 2275 admitti
1008 2231 1197 2275 noluerit
1232 2232 1277 2275 in
1314 2232 1551 2277 Ecclesiam
1587 2233 1757 2278 Domini
1791 2252 1801 2278 ;
1827 2262 1830 2284 s

419 2303 645 2364 subjunxit
665 2303 782 2346 enim
809 2321 818 2347 2
848 2321 868 2344 «
896 2304 961 2346 Eo
988 2301 1110 2362 quod
1139 2318 1230 2347 non
1258 2302 1527 2347 obviaverint
1556 2303 1680 2348 vobis
1702 2285 1830 2358 euml

423 2393 444 2417 »
478 2374 665 2435 panibus
701 2383 745 2418 et
779 2388 891 2434 aqua
923 2373 969 2417 in
995 2373 1084 2429 via,
1115 2389 1216 2418 curn
1238 2373 1407 2417 exiretis
1430 2372 1485 2418 de
1507 2376 1720 2433 AEgypto,
1760 2366 1830 2463 et'
1865 2388 1867 2404 ³

423 2463 444 2487 »
477 2444 581 2506 quia
601 2443 905 2490 conduxerunt
926 2443 1157 2489 adversum
1184 2453 1225 2490 te
1253 2442 1429 2489 Balaam
1457 2443 1599 2491 filium
1617 2447 1728 2490 Beor
1749 2443 1803 2488 de
1826 2476 1830 2489 .
1854 2443 1872 2461 '³

470 2535 480 2554 ¹
495 2529 609 2564 matth.
627 2540 651 2574 1,
670 2529 702 2563 5.
723 2545 764 2554 ·-
781 2535 794 2554 ²
812 2530 894 2564 Gen.
916 2540 981 2572 xix,
997 2530 1051 2572 37,
1077 2528 1132 2563 38.
1148 2545 1190 2554 —
1210 2526 1223 2554 ³
1241 2530 1333 2564 Num.
1353 2539 1440 2572 xxxi,
1464 2539 1516 2572 17,
1534 2529 1586 2564 18.
