1872 3267
401 215 487 255 456
837 227 871 257 s.
907 228 1136 258 Aucusmm
1168 231 1349 258 EPISCOPI

459 297 535 338 IV.
565 313 585 337 (ι
610 297 666 338 Et
687 294 868 354 accipiet
901 294 1077 339 Eleazar
1099 296 1354 355 sanguinem
1375 297 1487 356 ejus,
1517 305 1560 340 et
1583 307 1780 356 asperget

402 384 422 406 »
458 374 608 410 contra
638 364 791 410 faciem
832 365 1099 410 tabernaculi
1127 366 1361 411 testimonii
1390 383 1413 411 a
1450 367 1659 426 sanguine
1688 369 1781 428 ejus
1828 400 1831 409 ,

403 454 425 478 »
460 437 650 495 septies¹.
684 455 705 478 »
738 439 841 482 Haec
874 437 1117 482 testificatio
1155 447 1243 493 est,
1281 438 1503 483 Christum
1540 438 1781 483 secundum
1830 458 1833 461 ’

403 508 642 566 Scripturas
656 506 816 551 fudisse
827 507 1082 566 sanguinem
1098 508 1142 552 in
1155 508 1446 552 remissionem
1459 518 1736 568 peccatorum
1745 512 1778 553 ².
1835 548 1837 550 ,

400 577 504 622 Ideo
533 598 552 621 «
577 581 740 624 Contra
758 578 912 623 faciem
946 579 1214 623 tabernaculi
1243 579 1494 635 testimonii,
1524 599 1543 621 »
1569 581 1671 640 quia
1694 595 1783 624 non
1823 611 1825 614 -
1863 605 1869 623 i

400 648 523 693 aliter
565 649 832 694 declaratum
869 659 957 704 est,
997 665 1131 709 quam
1168 648 1309 694 fuerat
1345 650 1492 695 divino
1535 650 1783 695 testimonio
1831 674 1834 686 ι
1865 676 1867 687 »

397 721 758 780 praenuntiatum.
783 723 839 765 Et
860 719 958 765 ideo
985 721 1202 780 «Septies,
1224 739 1244 763 »
1269 722 1371 782 quia
1388 722 1479 782 ipse
1500 737 1706 766 numerus
1730 721 1783 766 ad
1835 730 1837 736 ⁴

401 792 732 837 mundationem
755 792 943 853 pertinet
965 792 1214 853 spiritalem.

458 866 511 908 V.
543 867 635 909 «Et
657 865 915 909 cremabunt
932 880 1026 909 eam
1044 864 1090 908 in
1106 873 1341 924 conspectu
1359 865 1490 924 ejus³.
1511 883 1539 906 >›,
1553 866 1664 909 Puto
1683 865 1784 925 quia
1827 884 1839 912 .·
1871 898 1872 902 ,

400 936 691 980 concrematio
714 934 769 980 ad
786 936 958 994 signum
976 935 1163 995 pertinet
1177 935 1513 980 resurrectionis.
1538 938 1700 981 Natura
1723 945 1785 979 est
1827 935 1829 945 '

399 1007 562 1067 quippe
574 1007 701 1066 ignis,
713 1016 763 1051 ut
776 1006 821 1050 in
835 1022 1022 1067 superna
1035 1015 1276 1061 moveatur,
1288 1015 1331 1050 et
1342 1007 1387 1050 in
1401 1022 1500 1050 eum
1519 1007 1786 1051 convertitur

402 1076 522 1137 quod
537 1086 767 1121 crematur.
779 1080 889 1122 Nam
903 1087 945 1121 et
959 1078 1099 1137 ipsum
1113 1092 1302 1121 cremare
1316 1076 1370 1120 de
1385 1092 1523 1135 graeco
1539 1077 1585 1120 iu
1603 1077 1786 1121 latinum
1828 1078 1831 1100 ⁵

400 1150 584 1192 ductum
597 1148 782 1193 verbum
796 1157 859 1192 est
877 1165 899 1192 a
918 1148 1197 1208 suspensione
1211 1150 1364 1205 (κρεμέω,
1376 1147 1641 1207 suspendo).
1658 1147 1787 1202 Quod
1830 1186 1831 1195 ,

398 1234 502 1263 vero
525 1217 724 1262 additum
743 1228 821 1273 est,
847 1238 866 1260 «
888 1221 940 1262 In
953 1228 1189 1278 conspectu
1211 1220 1316 1279 ejus,
1330 1220 1376 1262 id
1393 1228 1470 1273 est,
1491 1219 1534 1262 in
1552 1227 1786 1278 conspectu

406 1309 426 1332 »
461 1288 709 1344 sacerdotis,
727 1307 747 1330 »
765 1290 848 1333 hoc
870 1290 976 1332 mihi
992 1289 1258 1333 insinuatum
1276 1288 1464 1344 videtur,
1485 1290 1585 1349 quia
1608 1288 1690 1332 illis
1708 1305 1786 1349 ap-

401 1361 547 1420 paruit
572 1360 828 1404 resurrectio
858 1359 1042 1415 Christi,
1073 1359 1149 1419 qui
1172 1358 1307 1403 futuri
1331 1368 1453 1403 erant
1480 1358 1620 1417 regale
1646 1375 1787 1404 sacer-

402 1433 586 1477 dotium.
608 1435 633 1476 J
637 1448 706 1476 am
726 1431 846 1492 quod
862 1432 1058 1491 sequitur
1075 1451 1083 1476 :
1111 1450 1130 1473 «
1151 1434 1207 1475 Et
1222 1430 1345 1490 pellis
1362 1432 1467 1490 ejus,
1488 1440 1530 1474 et
1549 1447 1719 1487 carnes,
1746 1441 1788 1477 et

404 1522 424 1545 >›
461 1503 631 1561 sanguis
654 1505 746 1563 ejus
766 1517 866 1546 cum
887 1511 1076 1546 stercore
1094 1503 1185 1561 ejus
1203 1502 1528 1556 comburetur4,
1543 1521 1561 1543 »
1579 1501 1622 1545 id
1646 1503 1788 1562 ipsum
1832 1515 1834 1532 ³

403 1574 645 1634 expositum
663 1582 727 1617 est
741 1607 751 1627 ,
772 1588 860 1633 quo
882 1571 1014 1617 modo
1035 1572 1409 1616 concremabitur:
1437 1581 1479 1616 et
1502 1572 1788 1630 significatum

405 1655 468 1689 cst
484 1681 495 1700 ,
515 1643 637 1705 quod
654 1660 742 1688 non
761 1642 904 1688 solum
926 1643 1165 1687 substantia
1180 1642 1372 1686 mortalis
1394 1643 1583 1702 corporis
1601 1643 1786 1697 Christi,

404 1731 504 1776 quae
533 1714 944 1759 commemoratione
976 1713 1124 1773 pellis,
1160 1722 1202 1757 et
1235 1714 1456 1768 carnium,
1495 1722 1538 1757 et
1570 1715 1788 1772 sanguinis

405 1786 598 1830 intimata
631 1795 718 1841 est,
744 1785 1029 1830 verumetiam
1051 1783 1314 1828 contumelia
1340 1792 1382 1827 et
1406 1784 1590 1843 abjectio
1617 1783 1755 1843 plebis
1771 1820 1783 1840 ,

403 1873 537 1918 quam
557 1858 732 1902 nomine
766 1857 962 1902 stercoris
991 1855 1275 1914 significatam
1306 1864 1437 1914 puto,
1464 1865 1789 1900 converteretur
1836 1867 1837 1878 ¹

404 1928 448 1972 in
469 1927 671 1985 gloriam,
697 1942 827 1987 quam
850 1926 1162 1971 combustionis
1185 1925 1358 1969 flamma
1375 1925 1601 1984 significat.

461 2001 538 2042 VI.
565 2001 663 2042 «Et
680 1997 862 2057 accipiet
884 1995 1081 2041 sacerdos
1110 1996 1278 2055 lignum
1300 1995 1548 2050 cedrinum,
1575 2004 1618 2040 et
1638 1996 1789 2053 hysso-
1838 2053 1839 2060 ἵ

409 2088 428 2110 »
463 2083 586 2128 pum,
603 2077 646 2112 et
667 2068 909 2122 coccinum,
926 2076 969 2111 et
986 2067 1189 2110 immittet
1205 2066 1251 2109 in
1268 2065 1461 2110 medium
1477 2065 1788 2110 combustionis

407 2160 427 2183 η
453 2142 698 2200 juvencae5.
729 2158 748 2180 η
775 2139 962 2198 Lignum
986 2138 1211 2182 cedrinum
1233 2153 1326 2197 spes
1347 2147 1431 2192 est,
1456 2153 1554 2198 quae
1586 2136 1718 2181 debet
1743 2137 1786 2180 in

404 2212 599 2272 supernis
621 2211 801 2258 firmiter
831 2211 1042 2254 habitare.
1083 2213 1306 2269 Hyssopus
1328 2208 1458 2264 fides,
1485 2225 1583 2269 quac
1615 2224 1712 2253 cum
1737 2210 1788 2252 sit

404 2283 538 2326 herba
561 2282 734 2326 humilis
751 2317 761 2336 ,
788 2281 1002 2326 radicibus
1024 2283 1161 2325 haeret
1182 2281 1227 2324 in
1250 2290 1385 2340 petra.
1424 2280 1662 2324 Coccinum
1685 2281 1788 2324 cha-

406 2354 504 2397 ritas
522 2389 531 2407 ,
558 2353 677 2413 quod
701 2352 911 2397 fervorem
934 2353 1123 2411 spiritus,
1149 2353 1275 2411 igneo
1299 2352 1443 2395 colore
1465 2360 1661 2394 testatur.
1684 2353 1788 2394 Hoec

407 2425 484 2469 rita
507 2423 717 2468 debemus
738 2423 908 2467 mittere
929 2423 973 2465 in
993 2422 1347 2466 resurrectionem
1372 2421 1555 2476 Christi,
1574 2430 1781 2481 tanquam
1840 2436 1842 2478 ξ

455 2529 461 2543 ¹
482 2523 572 2552 Num.
598 2532 668 2561 (μ’,
694 2520 724 2563 ‘ff
746 2538 786 2543 —
807 2527 818 2542 '-
846 2524 935 2551 now.
959 2532 1014 2557 ιιι,
1037 2517 1468 2560 125,‹=t13ph‹=<.1.7.-3
1496 2520 1584 2549 Num.
1606 2530 1667 2554 xix,
1688 2518 1718 2550 Γ).
1743 2535 1781 2540 ’-
1840 2515 1842 2521 “

413 2576 427 2605 4
446 2576 525 2609 ibid.
550 2594 589 2599 --
611 2575 624 2599 5
645 2577 724 2607 ibid.
744 2577 775 2607 G.
