1872 3267
392 277 473 315 358
827 288 859 317 ε.
896 289 1124 318 ΑῡθυεΊ-ΙΝῙ
1157 291 1337 318 ΕΡΙεθοΡῐ

890 390 1125 440 QUAESTIO
1155 393 1258 430 xiv.

457 511 478 534 «
503 494 568 536 ΕΤ
599 491 772 536 locutus
803 500 866 535 est
898 492 1108 537 Dominus
1137 491 1193 537 ad
1221 495 1403 550 Moysen
1429 493 1576 538 dicens
1605 513 1614 539 :
1647 493 1772 538 Istud

397 581 416 605 »
452 563 619 606 donum
656 565 801 606 Aaron
834 571 877 605 et
906 561 1095 606 filiorum
1126 564 1245 623 ejus,
1296 563 1418 623 quod
1451 563 1643 607 offerunt
1685 567 1773 609 Do-

395 651 416 677 »
451 634 571 678 mino
592 633 639 677 in
660 633 730 676 die
750 648 1035 693 quacumque*
1052 634 1223 679 unxerit
1251 635 1395 677 eum1.
1421 651 1441 676 »
1466 633 1561 679 Alia
1582 643 1683 679 sunt
1702 650 1773 679 sa-

393 704 552 749 crificia
564 739 575 759 ,
594 719 693 764 quae
711 703 1067 754 commemoravit
1083 704 1130 748 in
1144 704 1297 749 Exodo
1310 739 1321 760 ,
1342 704 1498 764 quibus
1517 719 1593 764 per
1609 714 1774 764 septem

394 775 484 818 dies
506 774 830 818 sanctificantur
850 773 1090 817 sacerdotes
1108 809 1119 827 ‚
1143 783 1194 818 ut
1215 773 1453 818 sacerdotio
1473 789 1552 818 suo
1570 773 1693 832 fungi
1713 774 1774 817 in-

395 845 594 905 cipiant23
611 853 654 888 et
668 843 788 888 aliud
801 853 864 889 est
879 843 1001 904 quod
1012 844 1143 889 modo
1156 854 1484 901 commemorat,
1501 845 1607 906 quid
1621 846 1777 890 offerat

394 930 589 959 summus
608 913 827 970 sacerdos,
866 913 1043 975 quando
1073 915 1365 971 constituitur,
1397 915 1444 959 id
1476 924 1566 971 est,
1598 914 1776 976 quando

388 987 622 1045 unguitur.
645 988 739 1030 Hoc
753 986 867 1029 enim
881 986 1077 1047 sequitur
1097 995 1141 1030 et
1161 986 1287 1031 dicit:
1307 1006 1328 1029 «
1344 990 1396 1030 In
1409 986 1480 1031 die
1499 1002 1777 1047 quacumque

399 1074 420 1098 »
455 1056 630 1100 unxeris
650 1071 766 1100 eum.
795 1074 815 1097 »
835 1059 934 1102 Non
957 1055 1083 1112 dixit,
1111 1075 1131 1098 «
1156 1057 1334 1101 Unxeris
1356 1072 1456 1114 eos,
1481 1075 1503 1098 ³>
1526 1072 1627 1101 cum
1648 1056 1778 1101 etiam

397 1126 608 1171 secundos
631 1125 872 1170 sacerdotes
894 1127 1033 1185 ungui
1058 1127 1296 1186 praecipiat.
1326 1126 1492 1171 Deinde
1513 1126 1619 1171 dicit
1638 1127 1778 1186 ipsum

397 1196 678 1251 sacrificium,
708 1197 968 1240 «Decimam
993 1206 1159 1255 partem
1193 1197 1315 1256 oephi
1345 1196 1614 1255 similaginis,
1638 1196 1685 1240 in
1713 1212 1781 1241 sa-

402 1287 422 1309 »
458 1268 669 1312 crificium
691 1267 1049 1326 sempiternum-3.
1082 1286 1101 1308 »
1128 1268 1346 1320 Quaeritur
1368 1268 1590 1328 quomodo
1617 1267 1779 1327 sempi-
1828 1271 1831 1282 ¹

398 1347 575 1382 ternum
594 1373 604 1393 ,
634 1338 668 1382 si
690 1337 802 1381 illud
829 1352 880 1381 eo
901 1336 972 1381 die
1001 1337 1200 1392 offertur,
1234 1353 1323 1398 quo
1344 1338 1557 1396 unguitur
1585 1353 1780 1382 summus

397 1408 594 1453 sacerdos
608 1444 619 1465 ,
645 1408 698 1452 ab
716 1407 792 1452 illo
814 1409 890 1468 qui
911 1417 1069 1451 unctus
1090 1417 1176 1462 est,
1195 1408 1277 1451 nisi
1299 1417 1349 1452 ut
1367 1424 1535 1468 semper
1555 1409 1639 1452 hoc
1667 1408 1781 1452 offe-

398 1488 519 1523 ratur
539 1480 585 1524 in
604 1478 674 1523 die
695 1495 784 1539 quo
800 1478 1013 1537 unguitur
1033 1493 1227 1522 summus
1249 1478 1469 1534 sacerdos,
1493 1479 1578 1522 hoc
1600 1487 1679 1534 est,
1704 1494 1782 1539 per

398 1550 687 1594 successiones
709 1548 983 1593 sacerdotum
1003 1568 1012 1592 ε
1037 1548 1233 1608 quamvis
1254 1557 1298 1592 et
1312 1547 1387 1593 illo
1408 1549 1540 1593 modo
1562 1549 1782 1609 sempiter-

400 1637 508 1666 num
525 1622 658 1682 possit
677 1619 885 1680 intelligi,
904 1635 995 1664 non
1013 1620 1096 1664 hoc
1113 1654 1124 1674 ,
1150 1620 1226 1664 sed
1246 1618 1367 1680 quod
1383 1619 1610 1679 significat.

921 1726 1158 1776 QUAEsrio
1189 1728 1275 1766 xv.

465 1852 486 1874 ι(
503 1834 728 1876 DIMIDIUM
751 1831 864 1890 ejus,
889 1829 1055 1889 inquit,
1080 1843 1209 1872 mane
1225 1863 1236 1883 ,
1260 1836 1303 1872 et
1325 1827 1554 1873 dimidium
1579 1829 1669 1888 ejus
1690 1838 1788 1889 post

405 1922 425 1945 »
460 1901 688 1947 meridiem
710 1921 718 1947 :
742 1919 762 1943 »
784 1899 903 1961 quod
926 1914 1090 1958 graecus
1112 1899 1245 1943 habet
1264 1903 1406 1944 δειλινόν.
1432 1918 1452 1941 «
1479 1903 1531 1943 In
1550 1900 1784 1958 sartagine,

404 1993 424 2016 »
459 1973 629 2033 inquit,
654 1973 701 2015 in
724 1971 819 2015 oleo
842 1971 916 2013 fiet
931 2005 942 2024 ,
967 1984 1241 2028 conspersam
1264 1969 1418 2013 offeret
1435 1984 1552 2025 eam,
1577 1969 1688 2014 fresa
1703 1971 1736 2026 4,
1763 1988 1783 2011 »

400 2043 446 2087 id
462 2052 546 2097 est,
573 2057 670 2086 eam
686 2039 986 2097 similaginem.
1009 2038 1172 2083 Deinde
1190 2038 1296 2082 dicit
1319 2058 1340 2081 «
1361 2042 1490 2083 Fresa
1506 2074 1517 2095 ,
1540 2058 1560 2081 »
1587 2040 1620 2083 si
1642 2048 1789 2084 tamen
1822 2037 1830 2115 f
1870 2053 1872 2055 ’

400 2114 484 2158 hoc
512 2122 626 2156 recte
662 2111 993 2170 interpretatum
1022 2118 1087 2153 est
1120 2125 1170 2153 ex
1205 2108 1280 2153 illo
1312 2108 1433 2169 quod
1463 2125 1627 2168 graecus
1655 2110 1789 2154 habet
1821 2118 1830 2179 f
1869 2127 1872 2139 ¹

402 2190 521 2238 ἐρικτά,
554 2192 597 2226 θῖ
620 2181 846 2241 pluraliter
878 2181 961 2224 hoc
984 2179 1130 2239 posuit
1152 2195 1308 2238 genere
1338 2189 1509 2224 neutro.
1545 2183 1643 2225 Non
1670 2180 1789 2223 enim

402 2255 460 2299 ait
479 2252 635 2297 fresam
649 2288 659 2308 ,
681 2262 890 2312 tanquam
913 2250 1109 2294 eamdem
1132 2250 1439 2309 similaginem,
1467 2265 1600 2310 quam
1621 2249 1789 2295 dixerat

399 2337 688 2382 conspersam.
717 2324 819 2365 Haee
849 2330 993 2364 autem
1029 2319 1137 2363 fresa
1165 2320 1421 2364 sacrificium
1455 2318 1509 2363 de
1535 2318 1788 2377 fragmentis

399 2409 488 2437 esse
517 2392 692 2437 dicitur.
728 2393 883 2434 Utrum
910 2405 1012 2447 crgo
1043 2388 1151 2434 fresa
1177 2390 1293 2433 dicat
1317 2391 1407 2449 ipsa
1442 2389 1710 2447 fragmenta,
1741 2388 1787 2432 id

401 2473 486 2517 est,
511 2462 798 2515 comminuta,
824 2476 877 2503 an
900 2460 987 2518 ipsa
1010 2459 1296 2503 minutissima
1312 2458 1561 2517 similaginis
1584 2457 1695 2502 fresa
1716 2458 1786 2503 di—
1823 2472 1827 2528 }
1869 2476 1872 2519 g

404 2533 514 2577 xerit
529 2569 539 2587 ,
566 2549 655 2576 non
676 2543 739 2577 cst
757 2532 949 2577 evidens.

456 2636 462 2650 ¹
488 2628 588 2659 Lex-it.
611 2639 652 2669 vi,
668 2637 721 2661 azo.
744 2645 783 2649 —
803 2635 816 2650 2
837 2628 932 2659 Exod.
955 2637 1039 2667 xx'lY,
1064 2638 1090 2657 1.
1109 2643 1149 2648 —
1172 2624 1184 2649 3
1207 2626 1309 2658 Levit.
1337 2637 1381 2667 vi,
1397 2625 1634 2659 2o.—--'·1bid.
1654 2634 1780 2667 20,21.

1820 2335 1826 2392 ,
1868 2281 1872 2363 4
