1872 3267
311 351 578 390 QUAEsTmNEs
609 353 655 380 ιΝ
690 352 950 389 LEvrnch,
986 353 1068 379 Lm.
1106 352 1170 377 111.
1346 338 1424 376 371

45 418 256 463 ferentur.
285 419 328 463 Si
352 428 499 463 autem
521 418 756 478 quaeritur,
785 432 919 477 quare
948 416 1038 461 duo
1058 415 1287 476 praecepit,
1312 414 1431 459 vitu-

47 488 188 534 tulum
211 498 253 533 et
274 489 468 544 arietem,
487 487 665 532 difficile
687 497 750 532 est
771 487 963 531 invenire
985 486 1092 531 :nisi
1109 485 1223 530 forte
1244 485 1432 530 vitulum

45 560 184 606 voluit
199 561 454 605 sacrificium
468 559 665 604 salutaris
684 559 874 604 universi
895 557 1071 618 populi3
1092 558 1269 601 arietem
1285 566 1435 601 autem

47 647 125 692 pro
153 646 424 692 unoquoque
457 640 666 691 tanquam
696 646 774 690 pro
801 629 981 689 singulis
1008 627 1256 689 quibusque
1288 647 1297 672 :
1332 628 1434 688 quia

47 701 218 747 videtur
239 702 368 746 etiam
395 701 591 762 superius
613 701 737 762 quasi
767 700 857 745 duo
887 715 1044 760 genera
1075 698 1273 743 salutaris
1301 698 1433 743 sacri-

49 773 132 818 ficii
154 772 431 833 praecepisse3
450 788 590 816 unum
607 772 729 833 quod
749 771 870 817 velut
890 771 1192 816 universorum
1209 779 1340 825 esset,
1359 785 1437 829 ap·-

49 843 225 904 pellavit
252 844 507 888 sacrificium
529 842 725 887 salutaris
757 859 766 884 :
802 842 988 887 alterum
1016 851 1161 886 autem
1189 841 1269 885 ubi
1299 840 1434 895 dixit,

0 930 1 955 ss
54 934 72 956 «
107 915 150 960 Si
180 915 367 975 quisque
387 913 597 959 obtulerit
624 914 880 959 sacrificium
913 913 1110 958 salutaris
1142 913 1208 956 sui
1238 914 1269 956 1.
1299 931 1318 953 n
1353 911 1440 957 Ubi

23 2705 27 2722 Ι

23 2741 28 2805 3

50 985 180 1030 etiam
208 985 500 1029 differentiam
533 985 877 1045 reperiebamus,
903 985 1003 1044 quia
1034 985 1079 1029 in
1112 983 1187 1028 illo
1215 982 1337 1044 quod
1369 998 1441 1042 ap-

52 1055 227 1117 pellavit
249 1056 445 1101 salutaris
460 1092 470 1112 ‚
501 1072 592 1102 non
621 1056 976 1102 commemoravit
1001 1055 1175 1115 adipem
1197 1053 1441 1115 pectusculi

51 1127 326 1173 offerendum
350 1127 564 1182 Domino⁷
601 1136 731 1188 atque
764 1127 908 1187 ipsum
938 1125 1241 1186 pectusculum
1271 1135 1315 1170 et
1340 1126 1442 1169 bra-

51 1199 199 1243 chium
213 1197 417 1243 dextrum
434 1198 579 1242 danda
603 1197 815 1243 sacerdoti
839 1217 847 1241 z
869 1196 1002 1241 sedin
1024 1195 1099 1241 illo
1113 1197 1196 1241 hoc
1209 1198 1301 1240 fieri
1314 1196 1442 1258 jussit

52 1270 172 1331 quod
200 1280 348 1331 postea
384 1269 490 1314 dicit
517 1269 774 1314 sacrificium
807 1268 1003 1313 salutaris
1037 1267 1102 1312 sui
1137 1287 1145 1312 :
1177 1268 1299 1328 quod
1328 1267 1440 1312 sorte

53 1340 310 1400 intelligitur
332 1339 605 1399 singulorum
626 1354 905 1400 quorumque
918 1339 1137 1398 privatum
1153 1374 1164 1394 ,
1190 1338 1441 1398 nonpubli-

55 1427 155 1456 cum
177 1411 495 1455 universorum.
516 1413 627 1455 Nam
649 1419 692 1454 et
713 1413 885 1467 Moyses
913 1408 1076 1453 obtulit
1096 1409 1303 1453 sacrificia
1324 1409 1442 1454 salu-

55 1482 171 1537 taris,
192 1497 273 1525 nec
285 1480 452 1525 dictum
470 1489 534 1524 est
552 1480 629 1535 ibi,
651 1479 848 1524 salutaris
866 1480 954 1537 sui3
978 1480 1124 1535 credo,
1142 1480 1349 1540 quoniam
1366 1497 1446 1541 pro

55 1551 219 1613 populo
248 1552 450 1596 universo
481 1549 656 1595 obtulit.
689 1550 774 1594 Ubi
799 1560 944 1594 autem
966 1551 1176 1606 universi,
1204 1550 1265 1594 ibi
1294 1560 1337 1595 et
1358 1552 1448 1595 sin-

57 1622 146 1682 guli
172 1642 181 1666 :
209 1638 300 1666 non
324 1631 470 1665 autem
491 1620 569 1664 ubi
592 1619 769 1679 singuli,
796 1621 1006 1666 continuo
1034 1621 1096 1665 ibi
1116 1621 1318 1665 universi.
1349 1623 1447 1667 Sin-

58 1693 159 1754 gula
177 1694 294 1737 enim
313 1702 495 1754 possunt
509 1707 598 1737 esse
620 1692 711 1736 sine
728 1694 931 1737 universo
957 1713 965 1737 :
985 1693 1175 1738 universi
1197 1702 1342 1738 autem
1360 1710 1451 1739 non

57 1774 240 1826 possunt
272 1764 354 1809 nisi
391 1781 442 1808 ex
478 1762 658 1823 singulis
692 1763 1045 1825 quibuscumque
1087 1773 1299 1809 constare.
1338 1768 1450 1811 Nam

59 1835 217 1896 singuli
235 1835 399 1896 quique
414 1832 666 1895 congregati
683 1833 753 1880 vel
767 1835 811 1880 in
824 1850 1038 1880 summam
1058 1836 1262 1896 reputati,
1283 1835 1452 1881 faciunt

59 1923 294 1953 universos.

119 1981 201 2022 III.
226 1977 480 2023 Notandum
513 1986 578 2021 est
604 1992 727 2032 sane,
762 1993 864 2021 cum
897 1993 977 2038 pro
1007 1977 1174 2038 populo
1204 1979 1452 2024 offeruntur

62 2049 280 2103 sacrificia,
305 2057 349 2092 et
362 2062 442 2107 pro
464 2056 644 2106 peccato
659 2047 862 2091 sacrificia
877 2049 996 2108 jussa
1018 2063 1108 2092 esse
1125 2048 1293 2106 offerri,
1318 2060 1361 2095 et
1378 2051 1454 2096 ho-

62 2117 329 2172 locaustum,
365 2126 408 2161 et
436 2117 642 2161 sacrificia
670 2116 867 2161 salutaris
905 2137 912 2162 :
945 2133 1025 2177 pro
1053 2118 1278 2163 sacerdote
1308 2130 1455 2166 autem

64 2189 257 2234 oblatum
283 2187 416 2232 fuisse
437 2203 517 2247 pro
535 2196 735 2246 peccato,
762 2196 806 2231 et
826 2187 1131 2233 holocaustum
1149 2224 1159 2244 ,
1185 2198 1228 2233 et
1252 2206 1456 2236 consum-

66 2261 265 2306 mationis
295 2262 334 2315 ²,
369 2275 461 2303 non
496 2267 642 2303 autem
674 2257 872 2303 salutaris
908 2279 917 2304 :
963 2259 1039 2305 sed
1072 2263 1457 2307 consummationis

12 2369 13 2373 ,
67 2341 169 2377 tunc
192 2331 390 2377 oblatum
411 2340 474 2375 cst
489 2366 499 2386 ‚
526 2330 704 2390 quando
727 2330 969 2376 sacerdotes
997 2332 1253 2376 sanctificati
1276 2344 1378 2378 sunt
1406 2344 1458 2379 ut

67 2402 304 2448 sacerdotio
326 2401 632 2461 fungerentur,
658 2409 700 2445 et
721 2401 816 2445 haec
841 2401 1003 2447 obtulit
1024 2405 1197 2460 Moyses
1219 2419 1298 2463 pro
1311 2408 1458 2450 Aaron

68 2483 111 2517 et
130 2473 226 2518 filiis
248 2474 337 2534 ejus
368 2493 377 2518 2
402 2481 550 2533 postea
571 2487 675 2517 vero
700 2475 848 2517 Aaron
872 2473 962 2533 ipse
983 2474 1074 2534 jam
1099 2475 1391 2520 sanctificatus
1415 2486 1459 2522 et

0 2571 17 2580 r*
70 2545 306 2589 sacerdotio
329 2543 516 2603 fungens
532 2579 542 2599 ,
568 2543 727 2588 offerre
749 2559 829 2602 pro
853 2560 897 2588 se
914 2545 1146 2605 jussus‘est
1166 2545 1356 2591 vitulum
1379 2564 1458 2608 pro

0 2631 4 2638 ·
69 2624 267 2675 peccato,
293 2624 336 2659 et
364 2615 545 2659 arietem
567 2613 613 2657 in
633 2612 937 2657 holocaustum
968 2617 999 2657 3.
1023 2617 1122 2660 Non
1151 2625 1295 2660 autem
1314 2619 1459 2678 jussus

119 2700 240 2734 ¹Levit.
261 2712 317 2742 vn,
335 2711 388 2742 19.
405 2701 537 2742 Insuper
555 2703 590 2732 et
602 2699 676 2732 vide
690 2710 785 2741 supra
796 2703 909 2741 quiest.
920 2711 1003 2731 xxu.
1013 2706 1077 2722 ——2
1092 2700 1137 2732 Id.
1154 2710 1277 2732 V111.—
1288 2701 1300 2724 3
1311 2704 1414 2746 Id.1x‚
1424 2714 1456 2739 2.

1205 2754 1271 2794 24.
