1872 3267
405 201 486 242 104
841 211 876 240 s.
913 211 1142 241 Auens'mm
1175 212 1358 240 Emscopt

456 280 621 323 XXIX.
653 297 672 321 «
695 280 753 323 Et
774 280 896 324 Jesus
917 279 1058 325 senior
1078 286 1308 339 provectus
1331 276 1487 321 diebus
1501 278 1514 303 1
1539 296 1548 322 :
1575 296 1596 319 »
1622 277 1705 322 hoc
1728 276 1783 322 de

399 351 620 396 Abraham
637 350 802 394 dictum
825 351 1113 406 notavimus2,
1140 350 1353 394 seniorem
1372 349 1417 392 in
1442 348 1673 408 Scripturis
1695 364 1784 393 non

397 421 539 466 solum
566 420 691 465 illum
718 419 952 481 appellari,
985 422 1062 482 qui
1093 430 1158 466 est
1189 419 1301 464 infra
1332 427 1506 463 aetatem
1539 419 1648 464 senis
1666 454 1678 475 ,
1708 418 1785 463 sed
1809 397 1814 462 Ι

399 488 530 536 etiam
550 491 678 538 valde
703 508 865 537 senem.
894 493 1020 537 Unde
1042 509 1132 538 non
1151 492 1291 540 omnis
1313 491 1456 536 senior
1473 505 1619 547 senex,
1642 490 1784 536 omnis
1810 485 1815 547 i

401 573 546 608 autem
565 578 695 607 senex
716 563 859 607 senior
877 561 962 607 dici
977 572 1135 622 potest.
1811 551 1814 610 i

457 636 598 677 XXX.
630 653 649 674 «
673 636 731 678 Et
750 632 921 677 induxit
948 648 1076 693 super
1104 633 1198 678 illos
1223 647 1340 676 mare
1356 667 1366 683 ,
1392 640 1436 676 et
1457 630 1629 690 operuit
1656 645 1786 690 super
1812 622 1816 680 ξ

402 722 423 745 »
459 703 582 748 inos³
605 724 614 749 :
639 719 727 748 non
743 704 822 759 ait,
844 703 1063 763 «Operuit
1084 702 1203 760 illos,
1230 721 1251 745 »
1275 702 1470 763 quamvis
1493 700 1695 745 nonnulli
1716 700 1815 750 iii-22

405 784 612 834 terpretes
633 775 716 818 hoc
739 773 989 818 maluerunt
1010 773 1167 818 dicere.

458 848 624 900 XXXI.
661 865 681 889 «
706 848 757 889 In
775 845 978 889 omnibus
1008 845 1209 904 gentihus
1228 880 1239 900 ‚
1272 860 1378 905 quas
1406 842 1681 887 transivimus
1711 858 1788 902 per

402 936 424 959 >›
460 918 571 977 ipsas
586 918 600 942 ‘¹
620 936 628 961 :
648 935 667 958 »
693 917 860 962 usitatae
877 918 923 960 in
942 917 1171 976 Scripturis
1190 926 1291 961 sunt
1307 917 1399 960 istae
1417 914 1659 959 locutiones
1673 949 1684 970 ,
1707 929 1789 959 nec
1815 915 1818 971 Ξ

406 997 494 1033 tani
515 988 668 1032 crebro
691 987 918 1044 notandae,
939 1003 1073 1049 quam
1094 987 1246 1031 crebro
1267 987 1580 1031 intercurrunt.
1817 986 1818 989 ’

1813 701 1816 721 Ι

1813 753 1816 775 ι

1814 779 1816 798 Ι

1814 846 1818 886 ἱ

1815 889 1818 912 5

453 1091 461 1107 ¹
486 1087 550 1116 Jos.
572 1095 668 1124 xxm,
692 1095 720 1116 1.
743 1101 785 1106 —
804 1091 817 1107 ²
843 1084 931 1116 Lib·
954 1085 1167 1122 Quaestionum
1198 1084 1229 1116 in
1253 1085 1331 1117 Gen.
1361 1087 1472 1127 quaest.
1506 1092 1577 1114 Lxx.
1609 1099 1651 1107 -
1675 1079 1689 1104 3
1722 1083 1787 1113 Jos.
1818 1078 1819 1090 ¹

407 1151 502 1182 xxiv,
527 1139 730 1184 7.=-2‘·1bid.
753 1150 803 1182 ¹7·
1818 1132 1819 1138 ¹
