1872 3267
376 228 632 255 LOCUTIONES
664 228 719 254 DE
750 228 927 266 enimsi,
962 231 1045 257 Lis.
1082 232 1111 256 1.
1380 219 1435 256 29

109 296 387 339 CLXXXIV.
417 313 437 336 «
456 297 512 339 Et
529 293 751 353 divulgata
774 304 838 339 est
857 311 940 340 vox
956 295 1002 340 in
1024 294 1156 340 domo
1173 294 1406 340 Pharaonis
1419 329 1431 350 ‚

56 387 74 409 »
110 365 300 411 dicentes
322 386 329 410 :
355 367 583 410 Venerunt
600 365 751 410 fratres
770 368 928 427 Joseph
953 387 960 412 :
986 366 1178 412 dicentes
1193 369 1224 422 ²,
1248 386 1269 408 »
1289 366 1436 427 posuit

50 452 128 499 pro
148 436 386 481 dicentium
410 455 418 480 :
445 452 527 480 vox
549 436 666 480 enim
684 435 925 482 dicentium
948 436 1171 496 divulgata
1189 447 1252 482 est
1267 473 1277 493 ‚
1306 457 1326 480 «
1344 440 1433 482 Ve-

53 527 74 551 »
109 516 269 551 nerunt
290 505 442 551 fratres
459 508 635 566 Joseph.
666 526 686 548 »

109 580 363 624 CLXXXV.
395 597 414 619 «
435 580 492 621 At
513 576 584 621 ille
612 578 836 638 respondit
871 599 879 624 z
913 579 1029 633 Quid
1055 588 1145 635 est,
1175 579 1348 624 dicens2
1374 598 1383 624 ;
1413 600 1430 621 »

51 649 158 695 ordo
180 658 243 693 est
264 667 272 692 :
299 651 356 692 At
377 646 449 691 ille
471 647 694 708 respondit
717 648 864 694 dicens
884 669 893 694 z
919 650 1036 703 Quid
1056 659 1135 694 est.

108 721 387 766 CLXXXVI.
421 721 536 763 Deus
569 719 625 764 ad
657 720 794 765 Jacob
827 719 962 776 dicit,
1003 740 1023 763 «
1053 723 1145 779 Ego
1173 719 1435 765 descendam

52 811 73 834 »
109 801 252 836 tecum
289 790 334 834 in
365 792 636 850 AEgyptum,
669 800 713 835 et
745 806 825 850 ego
854 790 1086 835 ascendere
1119 801 1162 836 te
1201 790 1357 836 faciam
1391 792 1435 835 in

51 882 72 905 »
108 862 267 906 fincm³
292 881 299 905 :
329 861 414 905 »sic
443 861 610 906 habent
643 862 796 920 graeci3
821 861 942 923 quod
969 861 1094 906 latini
1121 862 1311 917 habent,
1352 881 1372 904 «
1392 870 1437 905 et

51 952 71 975 »
107 948 186 992 ego
201 931 414 976 deducam
435 940 478 976 te
500 932 543 975 in
565 932 709 976 finem.
734 951 753 973 »

106 1006 407 1049 CLXXXVII.
438 1023 458 1046 «
484 1007 506 1048 J
514 1003 644 1048 udam
668 1013 813 1049 autem
836 1004 951 1049 misit
973 1013 1072 1048 ante
1096 1019 1140 1048 sc
1164 1003 1220 1048 ad
1245 1003 1403 1063 Joscph
1420 1038 1432 1058 ,

51 1096 70 1118 »
106 1084 155 1120 ut
187 1075 356 1119 veniret
388 1075 469 1118 sibi
503 1075 677 1119 obviam
705 1076 827 1135 juxta
870 1077 1064 1119 Heroum
1102 1074 1349 1118 civitatem⁴
1373 1093 1382 1118 :
1410 1092 1431 1114 »

46 1146 190 1192 nescio
217 1155 366 1191 utrum
398 1148 591 1191 Heroum
616 1161 778 1190 nomen
809 1144 936 1190 facile
969 1145 1015 1189 in
1046 1145 1277 1205 Scripturis
1308 1160 1434 1204 repe-

46 1217 193 1261 riatur.
1289 1253 1294 1257 .

103 1289 427 1332 CLXXXVIII.
464 1290 515 1331 In
542 1286 682 1331 verbis
706 1286 894 1346 Joseph‚
922 1285 1082 1346 quibus
1111 1285 1172 1329 ait
1199 1284 1255 1330 ad
1280 1283 1435 1329 fratres

44 1373 164 1413 suos,
194 1377 213 1400 «
229 1356 478 1402 Ascendens
502 1357 716 1402 nuntiabo
736 1357 977 1412 Pharaoni,
1004 1366 1047 1400 ct
1071 1355 1213 1400 dicam
1236 1356 1274 1400 ei
1296 1376 1304 1400 :
1331 1358 1435 1400 Fra-

46 1447 67 1470 »
99 1438 184 1473 tres
202 1428 286 1472 mei
300 1437 343 1472 et
357 1427 512 1473 domus
526 1428 659 1488 patris
676 1428 761 1472 mei
776 1427 852 1488 qui
874 1437 998 1471 erant
1011 1428 1057 1471 in
1075 1436 1188 1471 terra
1206 1427 1431 1482 Chanaan,

5 1511 7 1556 j
47 1518 67 1541 >›
102 1508 318 1543 venerunt
341 1499 395 1542 ad
417 1514 502 1542 1116.
529 1499 620 1542 Viri
649 1507 795 1541 autem
816 1507 918 1541 sunt
939 1506 1151 1557 pastores,
1174 1497 1296 1556 (Viri
1320 1497 1435 1541 enim

5 1584 7 1600 ¹
47 1588 67 1611 »
102 1585 308 1630 pecorum
334 1570 569 1613 nutritores
592 1571 740 1625 erant)
761 1577 804 1611 et
822 1569 1020 1628 jumenta
1044 1576 1086 1611 et
1104 1582 1203 1611 oves
1223 1576 1266 1610 et
1288 1567 1436 1612 omnia

5 1639 7 1702 f
45 1659 67 1682 n
103 1656 178 1684 sua
201 1639 505 1684 adduxerunt⁵
525 1660 536 1696 3
559 1657 578 1679 »
605 1637 726 1699 quod
746 1636 1053 1696 interpositum
1070 1645 1149 1692 est,
1175 1656 1194 1678 «
1212 1637 1303 1680 Viri
1317 1637 1434 1681 enim

6 1709 7 1715 ¹
42 1726 250 1772 pecorum
273 1710 507 1754 nutritores
524 1718 663 1764 erant,
687 1726 707 1749 >›
729 1723 779 1752 ex
801 1723 984 1767 persona
1002 1723 1078 1751 sua
1101 1707 1284 1767 scriptor
1299 1707 1436 1752 inter-

44 1783 202 1843 posuit,
225 1791 268 1826 et
289 1782 401 1826 redit
427 1780 482 1826 ad
508 1780 641 1825 verba
658 1780 820 1839 Joseph
836 1813 847 1834 ‚
874 1777 1154 1838 adjungendo
1179 1787 1221 1822 et
1235 1779 1435 1838 jumenta

6 1901 7 1907 ,
43 1863 86 1899 et
109 1854 253 1899 omnia
275 1869 351 1897 sua
375 1851 667 1907 adduxerunt,
689 1869 708 1892 >›
734 1859 785 1894 ut
802 1849 910 1894 ordo
928 1849 982 1894 sit
1004 1849 1048 1893 in
1070 1849 1213 1894 verbis
1238 1851 1398 1910 Joseph
1422 1870 1431 1894 z

6 1920 7 1930 ¹
44 1924 133 1968 Viri
150 1933 296 1968 autem
313 1931 416 1967 sunt
432 1931 641 1982 pastoreS‚
664 1929 708 1964 et
718 1921 917 1980 jumenta
941 1929 984 1964 et
1004 1935 1103 1964 oves
1122 1930 1166 1964 et
1190 1920 1335 1965 omnia
1358 1936 1436 1965 sua

5 2004 7 2064 j
44 1993 333 2039 adduxerunt.

101 2066 381 2109 CXXXLIX.
412 2082 431 2105 «
452 2062 569 2107 Dixit
583 2070 728 2105 autem
747 2061 915 2106 Pharao
934 2061 988 2106 ad
1003 2060 1139 2106 Jacob
1163 2080 1171 2106 :
1196 2064 1315 2114 Quot
1331 2061 1435 2105 anni

46 2154 67 2178 »
101 2135 269 2179 dierum
290 2135 391 2178 vitae
419 2135 565 2177 tuaeGP
590 2151 610 2174 ›·›
639 2131 923 2187 subauditur,
950 2142 1067 2176 sunt.

100 2208 230 2251 CXC.
278 2225 299 2247 «
346 2204 496 2248 Pusilli
538 2213 583 2248 et
623 2202 727 2246 mali
764 2201 945 2246 fuerunt
972 2202 1062 2246 dies
1093 2218 1307 2247 annorum
1332 2202 1434 2246 vitae

5 2301 7 2335 3
46 2296 66 2319 »
100 2279 253 2322 meae⁷.
276 2275 452 2331 Pusilli,
476 2293 496 2316 »
522 2290 598 2334 pro
617 2274 767 2334 paucis
783 2309 794 2329 ‚
825 2273 1015 2333 positum
1039 2283 1116 2318 cst.
1143 2277 1294 2334 Neque
1317 2274 1434 2317 enim

43 2348 141 2393 vitae
170 2348 349 2408 alicujus
368 2362 500 2407 quam
522 2355 780 2390 caeterorum
800 2344 890 2389 dies
913 2354 1096 2404 poss-unt
1117 2360 1206 2389 esse
1223 2345 1432 2389 horarum

44 2420 178 2480 spatio
196 2419 428 2463 breviores.
456 2420 549 2462 Hoc
567 2426 714 2462 autem
736 2416 874 2461 Jacob
897 2432 948 2460 cx
975 2417 1298 2476 comparatione
1325 2415 1434 2460 dixit

91 2524 99 2539 ¹
126 2521 204 2549 Gen.
224 2528 298 2558 nv,
321 2517 368 2548 16.
390 2533 432 2538 —-
459 2522 471 2537 ²
491 2515 538 2547 ld.
555 2526 628 2546 xtw
643 2539 650 2553 ,
677 2514 707 2545 3.
727 2531 768 2535 -
790 2511 902 2546 3Ibid.
922 2513 954 2555 ᾖ.
978 2531 1016 2535 -
1035 2511 1050 2543 4
1069 2513 1150 2545 lbid.
1171 2514 1225 2545 28.
1248 2531 1289 2535 —
1308 2511 1321 2535 7
1346 2512 1430 2544 lbid.

45 2574 98 2616 31,
119 2574 172 2606 32.
191 2590 231 2594 -
250 2569 491 2612 ⁰1d.x1„vn‚8
523 2588 565 2593 -·
585 2577 598 2603 7
614 2569 697 2602 Ibid.
718 2580 751 2611 9.
