1872 3267
341 228 611 270 QUAEsnonEs
641 231 688 259 m
720 230 931 269 Exomm,
964 230 1049 259 Lus.
1085 231 1132 256 11.
1348 216 1432 257 227

520 356 757 412 QUAEsrlo
787 358 945 402 xxxv.

103 472 206 516 Cum
234 470 405 529 fragore
446 468 575 525 coeli,
612 470 690 531 qui
722 470 956 514 vehemens
990 478 1082 513 erat
1110 468 1156 512 in
1188 468 1427 526 grandine,

48 542 214 587 Pharao
236 541 410 586 territus
428 550 600 601 rogaret
617 544 800 599 Moysen
821 550 872 585 ut
893 549 1035 586 oraret
1054 555 1136 600 pro
1155 538 1231 583 illo
1247 542 1277 595 ¹,
1298 540 1432 584 confi-

47 622 140 658 tens
161 613 434 674 iniquitatem
449 628 572 657 suam
584 622 626 657 et
640 612 792 675 populi
814 612 902 669 sui,
921 615 1093 671 Moyses
1114 612 1152 655 ei
1172 610 1280 655 dixit
1301 630 1310 655 ;
1334 629 1354 652 «
1374 613 1432 655 Et

53 703 71 726 »
105 693 153 729 tu
173 693 216 728 et
238 684 348 729 servi
370 684 435 728 tui
454 684 542 729 scio
565 683 686 745 quod
707 683 906 729 nondum
925 682 1083 728 timetis
1098 682 1337 727 Dominum
1352 683 1385 725 ².
1409 700 1430 722 »

48 755 231 810 Qualem
253 756 453 800 timorem
483 756 732 817 quaerebat,
764 755 835 800 cui
864 756 993 800 timor
1014 754 1094 799 iste
1117 753 1318 799 nondum
1345 762 1438 797 erat

49 826 219 876 Domini
240 827 398 871 timor?
420 826 566 872 Facile
587 836 651 871 est
677 827 792 871 enim
816 842 994 888 poenam
1026 826 1199 881 timere,
1235 824 1311 870 sed
1345 840 1436 869 non

49 899 131 950 hoc
161 907 224 943 est
246 901 385 943 Deum
406 899 581 955 timere,
615 898 690 943 illo
713 897 876 944 scilicet
897 898 1052 943 timore
1079 897 1250 957 pietatis
1266 933 1277 953 ‚
1303 912 1436 958 quem

50 978 360 1016 commemorat
392 970 551 1026 Jacob,
586 970 664 1014 ubi
689 969 795 1014 dicit
827 989 836 1014 2
879 969 1011 1014 «Nisi
1044 971 1160 1013 Deus
1191 967 1324 1028 patris
1352 967 1438 1011 mei

52 1035 73 1083 5)
107 1040 326 1086 Abraham
345 1049 389 1085 et
405 1041 536 1086 timor
559 1044 676 1086 Isaac
699 1040 865 1085 adesset
881 1039 1010 1094 mihi,
1030 1054 1150 1084 nunc
1173 1054 1243 1083 me
1263 1038 1438 1083 inanem

54 1129 75 1154 »
109 1111 382 1157 dimisisses?
412 1130 432 1153 »

519 1231 757 1281 QUAESTIO
788 1232 966 1271 XXXVI.

114 1366 135 1391 «
152 1350 283 1396 Dixrr
295 1347 507 1394 Dominus
525 1346 581 1392 ad
596 1350 780 1405 Moysen
798 1367 807 1393 :
827 1350 947 1393 Intra
969 1345 1024 1392 ad
1043 1346 1313 1394 Pharaonem
1331 1366 1340 1392 ;
1361 1361 1441 1405 ego

13 1447 16 1498 Ι
57 1436 76 1460 »
109 1418 226 1463 enim
248 1417 422 1477 gravavi
444 1433 521 1463 cor
540 1418 631 1478 ejus
653 1427 697 1462 et
723 1433 947 1468 servorum
974 1419 1065 1478 ejus
1081 1453 1092 1473 ‚
1118 1426 1168 1462 ut
1189 1417 1342 1467 ordine
1363 1433 1440 1462 su-

56 1506 76 1534 »
110 1489 365 1549 perveniant
385 1488 507 1547 signa
528 1503 624 1532 mea
639 1489 735 1534 haec
757 1504 887 1549 super
908 1489 1005 1533 eos4
1024 1508 1034 1534 :
1057 1507 1078 1530 »
1096 1498 1308 1550 tanquam
1329 1504 1440 1549 opus

52 1559 212 1605 haheat
222 1562 337 1604 Deus
353 1560 612 1620 cujusquam
629 1559 806 1605 malitia.
830 1559 916 1605 Sed
931 1560 990 1605 sic
1011 1560 1346 1619 intelligendum
1360 1570 1440 1616 est,

53 1646 104 1677 ac
123 1631 158 1675 si
179 1630 342 1675 diceret
364 1650 374 1676 :
402 1650 423 1672 α
437 1633 530 1689 Ego
552 1631 669 1675 enim
690 1631 858 1691 patiens
879 1629 944 1676 fui
969 1647 1099 1692 super
1116 1647 1216 1676 eum
1238 1641 1283 1676 et
1299 1647 1443 1681 servos

54 1703 169 1764 ejus,
194 1712 244 1748 ut
265 1719 355 1750 non
381 1697 454 1753 eos
469 1703 687 1748 auferrem
701 1739 712 1759 ‚
742 1713 793 1748 ut
814 1702 966 1748 ordine
988 1703 1298 1763 superveniant
1319 1705 1444 1764 signa

16 1778 22 1836 Ι
56 1788 151 1819 mea
169 1789 298 1834 super
314 1789 401 1822 eos.
421 1774 568 1828 «Quia
589 1774 704 1822 enim
717 1774 925 1834 patientia
941 1775 1019 1820 Dei
1036 1775 1293 1820 obstinatior
1309 1776 1446 1820 fiebat

19 1841 23 1908 Ι
57 1844 195 1895 malus
208 1846 393 1901 animus,
410 1844 508 1891 ideo
522 1861 602 1905 pro
617 1861 669 1895 eo
682 1847 803 1906 quod
820 1855 899 1902 est,
920 1846 1125 1895 «Patiens
1140 1848 1188 1893 in
1201 1863 1303 1894 eum
1319 1847 1402 1904 fui,
1419 1867 1440 1892 »

20 1922 24 2004 Ι
58 1915 245 1966 dicitur:
273 1917 586 1967 «Gravavicor
606 1918 713 1978 ejus.
742 1935 763 1960 »

517 2039 754 2089 QUAESTIO
784 2041 978 2083 XXXVII.

121 2169 142 2193 «
161 2153 225 2195 Εἰ·
246 2165 335 2195 non
356 2159 420 2194 est
441 2150 590 2195 relicta
609 2147 776 2196 locusta
794 2167 883 2196 una
904 2153 951 2197 in
967 2154 1088 2198 omni
1102 2163 1217 2199 terra
1235 2155 1415 2215 AEgypti
1432 2191 1443 2211 ‚

66 2238 87 2262 »
119 2230 162 2266 et
179 2221 397 2265 induravit
410 2221 618 2265 Dominus
633 2237 708 2266 cor
718 2223 955 2268 Pharaonis
966 2225 996 2268 ⁵.
1012 2243 1032 2266 »
1049 2225 1316 2270 Beneficium
1332 2236 1448 2271 certe

0 2310 2 2322 ·
63 2291 138 2336 Dei
170 2292 526 2336 commemoravit
556 2292 778 2352 Scriptura
795 2328 806 2349 ‚
841 2310 931 2354 quo
956 2294 1138 2339 abstulit
1163 2294 1378 2354 locusta53
1404 2306 1448 2341 et

27 2362 31 2426 Ι
64 2371 206 2406 secuta
220 2397 232 2418 ,
251 2361 358 2406 dixit
371 2361 596 2407 indurasse
612 2363 849 2408 Dominum
866 2380 941 2409 cor
954 2365 1190 2410 Pharaonis
1202 2402 1212 2422 ‚
1234 2366 1448 2412 beneficio

0 2448 2 2455 ’
28 2429 32 2497 Ι
65 2432 213 2492 utique
241 2449 341 2489 suo,
372 2442 424 2477 et,
438 2433 645 2493 patientia
668 2449 769 2489 sua,
794 2451 882 2494 qua
910 2434 983 2479 ille
1007 2436 1142 2481 fiebat
1174 2437 1446 2494 obstinatior,

30 2515 33 2595 Ι
69 2581 84 2607 5
113 2535 120 2552 ¹
145 2530 314 2571 Exod.1x,
338 2541 451 2572 17.—
469 2530 725 2563 211)ὶ(1.3ο.--
747 2530 760 2555 3
779 2534 858 2565 Gen.
889 2533 1118 2575 xx11‚42.—
1137 2533 1152 2563 4
1172 2535 1267 2567 Exod.
1291 2546 1334 2574 x,
1361 2547 1386 2568 1.
1409 2554 1450 2560 —

98 2584 234 2628 1bi‹1.9.

1250 2645 1312 2683 15.
