1872 3267
412 209 496 249 566
793 221 826 247 s.
874 217 1103 249 Aucus‘nm
1137 220 1319 247 muscom

410 289 514 332 Jesu
535 285 700 330 dixerat
720 286 947 341 Dominus,
977 304 996 328 α
1021 285 1154 331 Judas
1176 285 1403 331 ascendet:
1427 287 1486 330 Et
1515 294 1665 345 postea
1691 284 1792 330 des-

412 376 433 400 »
469 357 710 402 cenderunt
732 356 808 399 filii
830 356 944 400 Juda
966 372 1161 416 pugnare
1189 355 1243 401 ad
1271 357 1589 411 Chananaeum,
1614 355 1691 417 qui
1712 356 1793 401 ha-

411 447 432 471 »
468 429 638 473 bitabat
671 429 716 472 in
747 438 954 472 montana
994 437 1037 472 ct
1069 432 1278 473 Austrum
1315 437 1359 473 et
1396 437 1696 488 campestrem.
1735 430 1794 472 Et
1841 419 1845 426 ¹

411 518 432 543 »
469 501 575 545 abiit
597 499 730 545 Judas
754 500 810 544 ad
836 501 1134 545 Chananaeum
1155 501 1475 545 inhabitantem
1499 500 1545 544 in
1561 500 1790 556 Chebron,

410 590 431 614 »
467 582 510 617 et
532 573 633 617 exiit
651 573 857 618 Chebron
880 588 931 616 ex
952 572 1147 617 adverso.
1173 576 1343 619 Nomen
1374 581 1520 616 autem
1553 580 1645 616 erat
1675 572 1792 617 Che-

412 662 432 685 »
468 644 580 688 bron
603 643 1094 703 Cariatharbocsepher,
1120 652 1163 687 et
1183 644 1393 703 percuss-it
1417 643 1504 688 Sesi
1521 652 1565 687 et
1581 642 1795 687 Achiman

411 733 432 757 »
468 724 512 759 et
538 714 711 759 Cholmi
734 714 844 758 filios
868 715 1044 759 Enach:
1070 717 1128 759 Et
1157 714 1445 759 ascenderunt
1469 713 1571 758 inde
1593 713 1649 757 ad
1669 713 1795 757 inha-

410 803 432 828 >›
467 787 655 831 bitantes
690 786 837 830 Dabir.
873 789 1042 831 Nomen
1074 795 1218 830 autem
1253 786 1386 831 Dabir
1424 784 1547 846 quod
1577 794 1669 829 erat
1695 793 1795 829 ante
1849 843 1853 850 ἱ

414 876 434 899 »
469 858 629 901 Civitas
655 857 915 901 litterarum.
942 860 999 901 Et
1022 857 1129 901 dixit
1146 857 1299 902 Caleb:
1325 857 1602 917 Quicumque
1618 872 1796 916 percus-

411 945 433 970 »
469 928 570 971 serit
604 928 835 972 Civitatem
868 926 1132 983 litterarum,
1158 937 1201 971 et
1226 927 1440 987 acceperit
1471 942 1588 982 eam,
1613 925 1729 970 dabo
1756 926 1796 970 ei

412 1016 434 1040 »
468 997 601 1042 filiam
624 1014 766 1042 meam
786 999 831 1042 in
853 1001 1073 1042 uxorem1.
1103 1017 1123 1040 »
1149 1001 1328 1044 Constat
1350 1013 1453 1057 ergo
1475 1013 1528 1041 ex
1544 998 1627 1042 hoc
1643 996 1796 1042 ordine

410 1078 627 1127 gestarum
661 1085 806 1113 rerum
839 1079 927 1113 tam
959 1069 1211 1129 perspicuo⁷
1231 1078 1328 1129 post
1360 1077 1546 1113 mortem
1580 1070 1683 1112 Jesu
1711 1068 1796 1112 hoc

410 1154 500 1182 esse
535 1138 715 1184 factum.
756 1143 878 1184 Tunc
907 1155 1010 1185 vero
1046 1155 1147 1183 cum
1178 1139 1373 1184 civitates
1405 1137 1518 1184 datae
1547 1137 1628 1198 ipsi
1660 1136 1796 1182 Caleb

410 1212 876 1265 commemorarentur,
919 1225 1166 1270 progressus
1211 1226 1262 1254 ex
1306 1209 1531 1255 occasione
1573 1217 1792 1263 narrator,

411 1279 531 1341 quod
553 1290 700 1340 postea
720 1280 885 1324 factum
907 1291 971 1325 est
999 1281 1338 1340 praeoccupavit.
1359 1283 1448 1326 Nec
1469 1289 1616 1335 tamen
1637 1279 1796 1324 frustra

413 1351 599 1396 arbitror
618 1352 702 1396 hoc
724 1351 778 1395 de
802 1350 889 1395 filia
909 1351 1044 1397 Caleb
1067 1352 1168 1396 data
1188 1352 1235 1395 in
1254 1351 1428 1396 victoris
1455 1350 1704 1410 praemium,
1730 1349 1796 1394 bis

411 1437 594 1467 numero
619 1423 884 1482 Scripturam
907 1437 1247 1467 commemorare
1267 1421 1466 1467 voluisse.

947 1518 1183 1568 QuAEsrlo
1215 1520 1281 1559 lv.

471 1624 581 1666 Amr
613 1621 803 1665 nascitur
829 1620 1012 1681 quaestio
1044 1619 1100 1664 de
1131 1619 1220 1664 filia
1254 1619 1411 1675 Caleb‚
1436 1617 1556 1680 quod
1587 1618 1634 1661 in
1665 1617 1797 1663 Libro

412 1694 516 1736 Jesu
542 1694 660 1737 Nave
687 1692 746 1735 sic
775 1690 830 1734 de
852 1690 925 1734 illa
958 1689 1142 1735 dicitur:
1173 1709 1193 1733 «
1218 1693 1275 1735 Et
1296 1688 1463 1734 factum
1486 1698 1571 1744 est,
1597 1703 1698 1733 cum
1726 1688 1797 1732 in-

415 1782 437 1805 »
473 1763 724 1822 grederetur
754 1762 866 1821 ipsa,
892 1770 935 1804 et
962 1754 1191 1805 consilium
1216 1760 1372 1804 habuit
1400 1775 1501 1804 cum
1535 1774 1586 1803 eo
1619 1758 1792 1803 dicens:

416 1853 436 1876 n
473 1838 622 1879 Petam
641 1843 807 1893 patrem
825 1848 971 1876 meum
995 1847 1159 1890 agrum.
1175 1835 1232 1876 Et
1251 1831 1506 1876 exclamavit
1527 1829 1582 1875 de
1603 1830 1791 1885 asin02‚»

414 1914 458 1950 et
479 1914 633 1949 caetera
660 1923 669 1948 :
694 1903 772 1947 ubi
789 1919 941 1962 agrum
966 1903 1091 1961 petiit
1108 1919 1130 1946 a
1148 1912 1292 1962 patre,
1316 1911 1447 1962 atque
1465 1917 1694 1946 concessus
1715 1910 1792 1945 est.

413 1975 495 2020 Hic
528 1983 690 2029 autem,
725 1992 745 2014 «
773 1976 830 2017 Et
860 1972 1025 2017 factum
1058 1981 1135 2027 est,
1173 1972 1333 2032 inquit,
1368 1988 1469 2016 cum
1496 1971 1797 2030 ingrederetur

416 2063 438 2088 >›
473 2046 585 2105 ipse,
620 2043 791 2088 monuit
824 2059 919 2087 eam
953 2042 1211 2098 Gothoniel‚
1238 2052 1289 2087 ut
1320 2052 1486 2102 peteret
1515 2058 1538 2086 a
1567 2051 1688 2102 patre
1719 2056 1797 2086 suo

417 2134 438 2157 ι)
473 2117 665 2173 agrum&
687 2132 706 2155 »
727 2112 810 2158 Sed
831 2113 876 2157 in
898 2128 949 2157 eo
965 2112 1084 2173 quod
1107 2112 1273 2157 dictum
1291 2113 1350 2157 ibi
1367 2122 1452 2168 est,
1480 2132 1499 2155 «
1518 2115 1630 2157 Cum
1647 2112 1796 2171 ingre-

419 2203 441 2227 »
476 2186 652 2230 deretur
673 2186 763 2245 ipsa
790 2204 798 2229 :
826 2201 846 2225 >›
870 2193 913 2227 et
937 2185 1006 2228 hic
1024 2183 1188 2228 dictum
1213 2194 1296 2240 est,
1327 2203 1347 2226 «
1367 2187 1480 2230 Cum
1497 2183 1797 2243 ingrederetur

416 2274 439 2299 >›
474 2258 588 2316 ipse:
615 2275 635 2298 >›
662 2255 772 2300 nihil
796 2256 1060 2300 contrarium
1090 2265 1178 2300 est:
1204 2255 1333 2300 simul
1356 2256 1470 2300 enim
1492 2254 1796 2313 ingredieban-

413 2336 487 2372 tur
517 2328 647 2372 viam.
673 2327 802 2380 Quod
835 2342 938 2371 vero
973 2327 1034 2370 ibi
1068 2327 1236 2372 dictum
1263 2337 1346 2383 est,
1380 2326 1609 2372 consilium
1640 2325 1794 2369 habuit

413 2413 514 2442 cum
544 2413 617 2453 eo,
648 2396 693 2441 id
725 2406 809 2452 est,
840 2412 940 2440 cum
970 2397 1063 2441 viro
1091 2413 1169 2441 suo
1203 2397 1377 2442 dicens:
1408 2417 1428 2439 «
1454 2401 1603 2441 Petam
1625 2404 1793 2455 patrem

413 2485 434 2509 >›
461 2483 607 2512 meum
629 2483 807 2527 agrum3
832 2476 875 2511 et
896 2467 1150 2512 exclamavit
1169 2466 1223 2511 de
1240 2467 1380 2523 asino,
1397 2477 1441 2511 et
1460 2467 1583 2526 potiit
1605 2485 1614 2509 ε
1638 2484 1658 2506 n
1674 2465 1719 2509 in
1736 2479 1788 2508 eo

461 2571 469 2586 ¹
490 2564 593 2596 ‚ludia
614 2577 637 2601 τ,
662 2573 754 2605 9-19.
772 2581 812 2585 -—
833 2571 844 2586 2
862 2565 925 2594 Jos.
942 2575 994 2606 xv,
1018 2566 1067 2595 18.
1097 2581 1137 2586 —-
1159 2561 1288 2595 3Judic.
1311 2575 1334 2604 ι,
1363 2562 1412 2602 ιιῆ.
