1872 3267
346 215 614 256 QUAESnoNEs
647 218 692 245 m
724 215 874 255 JOSUE,
911 219 994 247 ΜΒ.
1031 219 1090 245 vl.
1323 206 1406 246 559

18 284 133 330 illius
148 284 362 329 sanctitati
375 284 563 344 perfecta
578 284 785 328 servitute
798 283 990 344 quodam
1005 282 1138 329 modo
1155 293 1410 346 contempe-

18 355 123 412 rari,
151 357 355 400 humanae
380 354 604 414 fragilitati
626 355 890 415 impossibile
912 357 1007 399 est?
1024 358 1122 409 Quo
1144 355 1294 401 audito
1310 391 1321 412 ,
1341 355 1410 400 isti

18 443 108 472 non
130 426 271 471 solum
294 427 385 487 ejus
406 426 564 485 eligere
581 426 857 482 servitutem,
878 425 954 471 sed
975 426 1103 470 etiam
1124 425 1178 471 de
1196 425 1411 487 adjutorio

17 498 108 558 ejus
131 507 174 541 et
209 495 503 542 misericordia
537 512 801 557 praesumere
838 496 1087 541 debuerunt
1125 516 1133 541 :
1166 513 1299 558 quam
1336 496 1410 542 ille

17 568 253 624 intellexit,
292 568 367 630 qui
395 566 501 613 dicit
521 568 567 611 in
602 567 803 614 Psalmo:
834 588 854 611 «
884 571 948 614 Ne
969 569 1101 612 intres
1123 568 1167 612 in
1195 568 1410 629 judicium

21 657 43 681 n
69 655 170 685 cum
191 655 313 684 servo
334 649 431 698 tuo,
456 640 662 700 quoniam
680 656 769 684 non
786 639 1098 700 justificabitur
1112 639 1157 683 in
1172 649 1411 700 conspectu

0 730 1 736 ¹
22 728 43 752 »
65 720 142 755 tuo
166 711 306 755 omnis
327 711 518 755 vivens¹.
538 729 558 753 »
585 711 660 755 Isti
692 720 837 755 autem
853 709 907 754 de
922 726 965 754 se
987 710 1133 770 potius
1149 726 1413 770 praesumere

20 782 298 841 delegerunt,
336 781 457 843 quod
486 787 574 828 Deo
604 792 780 842 possent
811 784 901 827 sinc
929 781 1018 827 ulla
1052 783 1292 828 offensione
1325 799 1414 828 ser-

18 853 132 908 vire,
158 862 207 897 ut
220 854 309 913 jam
333 862 438 897 tunc
459 853 718 913 inciperent,
739 853 860 913 qnod
878 852 932 896 de
948 852 1030 897 illis
1054 855 1258 914 expressit
1279 857 1416 915 Apos-

17 922 134 968 tolus
160 943 169 968 :
201 943 220 966 «
247 927 499 982 Ignorantes
523 924 638 968 enim
662 924 980 984 Dcijtistitiam,
1009 934 1052 970 et
1073 941 1195 970 suam
1220 925 1415 970 volentes

20 1013 41 1037 )›
68 995 357 1051 constituere,
389 995 570 1056 justitiae
594 996 671 1040 Dei
694 1012 784 1040 non
817 1005 919 1040 sunt
942 996 1169 1057 subjecti2.
1200 1015 1220 1038 n
1257 1000 1322 1042 Ita
1356 998 1414 1043 eis

14 1068 104 1128 jam
133 1071 221 1112 Lex
251 1067 553 1121 subintrabat,
587 1077 637 1112 ut
665 1068 910 1112 abundaret
939 1067 1173 1125 delictum,
1200 1078 1243 1113 et
1264 1079 1413 1130 postea

18 1139 395 1198 superabundaret
419 1139 552 1196 gratia
574 1154 652 1198 per
671 1139 908 1183 Dominum
934 1138 1178 1196 Christum,
1206 1141 1282 1201 qui
1315 1141 1412 1186 finis

19 1217 83 1253 est
97 1210 222 1269 Legis
245 1208 522 1269 adjustitiam
545 1209 665 1254 omni
688 1207 926 1253 credenti3.

522 1317 760 1367 QLAESTJO
792 1319 932 1357 XXIX.

79 1422 196 1474 an
211 1428 275 1464 est
290 1419 408 1480 quod
434 1419 494 1463 ait
515 1418 632 1463 idem
650 1422 773 1463 Jesus
786 1418 970 1480 loquens
992 1419 1047 1464 ad
1068 1418 1298 1480 populum,
1323 1423 1418 1467 «Et

23 1509 44 1533 »
69 1506 189 1535 nunc
211 1489 546 1534 circumauferte
569 1490 672 1534 deos
697 1490 883 1546 alienos,
910 1491 986 1551 qui
1010 1500 1110 1535 sunt
1133 1491 1178 1535 in
1200 1492 1324 1536 vobis
1339 1528 1350 1548 ,
1376 1501 1419 1537 et

25 1581 44 1604 »
71 1561 241 1619 dirigite
267 1560 398 1606 corda
416 1570 555 1605 vestra
587 1560 642 1604 ad
665 1561 900 1605 Dominum
932 1561 1104 1605 lsrae14.
1134 1580 1154 1603 »
1180 1565 1279 1608 Non
1301 1564 1418 1608 enim

22 1631 229 1678 credendi
252 1641 354 1676 sunt
376 1631 521 1675 adhuc
543 1631 745 1675 habuisse
768 1631 885 1691 apud
907 1647 951 1676 se
975 1631 1119 1693 aliqua
1143 1634 1338 1692 gentium
1361 1636 1420 1679 si-

22 1704 215 1749 mulacra
233 1739 243 1759 ,
265 1719 366 1748 cum
389 1703 586 1763 superius
604 1718 756 1747 corum
779 1702 1073 1748 obedientiam
1092 1704 1393 1764 praedicaverit
1410 1727 1418 1752 :

22 1784 98 1820 aut
128 1790 230 1819 vero
260 1775 292 1818 si
315 1774 558 1828 haberent,
584 1783 681 1833 post
715 1783 856 1818 tantas
887 1775 1011 1833 Legis
1033 1777 1419 1835 comminationes,

22 1845 95 1890 illa
118 1861 190 1890 eos
217 1861 426 1905 prospera
451 1854 761 1904 sequerentur,
786 1861 885 1889 cum
908 1845 967 1890 sic
997 1846 1040 1889 in
1056 1862 1127 1892 eos
1153 1848 1422 1894 vindicatum

23 1917 78 1961 sit
109 1915 230 1978 quod
253 1932 366 1959 unus
388 1930 540 1959 eorum
561 1915 615 1959 de
639 1915 917 1959 anathemate
940 1914 1108 1961 furtum
1134 1917 1312 1964 fecerat.
1336 1924 1423 1965 De-

24 1988 157 2048 nique
180 1987 316 2031 Jacob
331 1985 438 2030 dixit
460 1986 542 2029 hoc
561 1985 619 2029 eis
637 2021 647 2040 ,
668 1985 745 2046 qui
768 2001 869 2030 cum
891 1985 967 2031 illo
993 1987 1184 2032 exierant
1205 1989 1261 2033 de
1277 1993 1422 2037 Meso-

24 2057 238 2119 potamia,
272 2057 349 2100 ubi
374 2056 434 2100 sic
456 2054 574 2100 idola
606 2054 888 2112 colebantur,
910 2069 960 2101 ut
981 2067 1025 2102 et
1055 2059 1221 2103 Rachel
1243 2070 1422 2121 paterna

24 2129 270 2174 furaretur⁵
293 2147 301 2172 ε
318 2126 394 2171 sed
408 2136 505 2187 post
527 2125 647 2170 illam
665 2126 1009 2173 admonitionem
1027 2131 1180 2186 Jacob,
1201 2131 1420 2179 dederunt

25 2217 126 2262 quae
151 2199 431 2255 habebantss,
464 2197 580 2242 unde
613 2199 813 2259 apparuit
834 2200 917 2245 hoc
945 2200 1004 2245 eis
1026 2201 1086 2245 ita
1114 2201 1279 2248 dictum
1303 2220 1392 2250 esse
1407 2241 1418 2262 ‚

26 2272 131 2333 quia
148 2271 311 2315 sciebat
334 2285 405 2314 eos
437 2269 600 2314 habere
638 2269 711 2314 ille
733 2271 809 2332 qui
846 2271 1026 2316 dixerat.
1052 2275 1179 2318 Nunc
1200 2290 1303 2320 vero
1324 2286 1423 2337 post

26 2343 141 2388 hanc
164 2341 506 2387 admonitionem
524 2343 547 2385 J
551 2357 626 2385 esu
640 2343 757 2387 Nave
778 2341 925 2387 nullus
940 2343 1026 2388 tale
1039 2342 1204 2405 aliquid
1219 2348 1418 2407 protulit.

27 2415 116 2476 Nec
140 2423 286 2459 tamen
303 2411 550 2474 putandum
572 2422 635 2460 est
662 2412 746 2458 hoc
771 2412 897 2459 illum
925 2414 1112 2460 inaniter
1141 2419 1418 2480 praecepisse;

77 2519 86 2536 ¹
110 2513 190 2546 Psal.
210 2523 310 2554 cmm,
334 2520 368 2546 2.
389 2529 431 2536 ——
451 2514 570 2545 2Ιὶοιῐι.
591 2523 628 2553 x,
648 2512 678 2545 3.
695 2528 736 2534 —
757 2509 835 2546 31d.
860 2524 900 2555 v,
921 2524 974 2548 20.
996 2529 1038 2538 ’-
1055 2511 1180 2549 4105υέ
1197 2516 1283 2560 xxiv,
1301 2518 1356 2553 23.
1377 2536 1418 2544 —

32 2567 46 2593 ⁵
62 2572 141 2603 Gen.
159 2580 247 2611 xxn,
271 2580 320 2612 ¹9·
339 2586 380 2593 —
395 2567 476 2603 61d.
493 2579 589 2610 xxxv,
610 2568 640 2610 4.
