1872 3267
414 222 674 250 LOCUTIONES
706 223 759 249 DE
791 223 969 261 aarum,
1006 224 1087 250 Lm.
1126 226 1153 249 1.
1424 214 1474 250 13

148 290 306 332 LXIX.
335 307 355 330 «
387 291 469 332 Per
488 288 791 347 memetipsum
808 288 974 348 juravi,
1008 287 1087 332 nisi
1111 287 1372 331 benedicens
1396 288 1475 332 be-

89 377 110 399 »
132 358 331 404 nedicam
355 367 396 403 te
411 360 424 384 ¹
449 377 457 402 :
486 376 506 399 »
533 374 582 402 ac
600 358 632 401 si
656 357 820 402 diceret
846 377 854 402 :
880 378 899 399 «
919 362 998 402 Per
1018 358 1323 418 memetipsum
1335 359 1477 419 juravi

87 447 109 470 »
135 428 256 490 quod
273 428 534 474 benedicens
548 427 804 472 benedicam
822 437 863 472 te
880 450 891 486 3
911 447 929 470 »
949 438 1023 474 aut
1038 428 1161 473 nullo
1172 430 1309 474 verbo
1324 428 1474 475 addito

84 499 335 560 simpliciter
356 520 364 544 ;
394 518 414 542 «
437 503 518 544 Per
535 500 842 560 memetipsum
855 501 1020 561 juravi,
1051 499 1315 545 benedicens
1337 501 1474 546 bene-

87 589 108 612 »
134 571 274 616 dicam
292 580 350 615 te.
380 590 400 611 »

142 644 277 686 LXX.
308 662 328 685 «
348 645 405 686 Et
426 641 723 701 multiplicans
744 642 1048 702 multiplicabo
1070 656 1217 686 semen
1238 647 1390 687 tuum2
1413 662 1421 688 ;
1451 663 1471 685 »

86 728 187 758 cum
210 713 410 757 sufficere
431 721 598 772 posset,
616 711 936 772 multiplicabo.

142 785 299 828 LXXI.
330 803 350 826 «
369 786 427 827 Et
446 783 697 827 nuntiatum
720 792 784 827 est
800 783 988 828 Abrahae
1006 819 1017 839 ,
1040 782 1259 829 dieentes³
1287 803 1296 829 ;
1325 803 1344 826 »
1372 801 1473 830 cum

81 855 353 902 consuetudo
369 854 579 916 loquendi
601 855 784 910 habeat,
809 875 828 897 «
854 855 1177 901 Nuntiaverunt
1201 857 1388 902 Abrahae
1406 857 1473 902 di-

81 938 248 985 centes,
276 937 376 984 aut,
403 928 655 972 nuntiatum
674 937 738 972 est
755 944 778 972 a
793 927 1054 972 dicentibus.
1094 947 1114 969 »

142 1002 321 1044 LXXII.
353 1019 373 1042 «
394 1002 450 1044 Et
469 999 652 1043 surrexit
681 999 903 1044 Abraham
928 1015 951 1043 a
973 1008 1147 1044 mortuo
1168 1015 1246 1044 suo
1262 1002 1276 1025 ⁴
1304 1019 1312 1044 :
1340 1018 1358 1040 »
1383 1016 1473 1045 non

81 1071 188 1115 dixit
209 1091 218 1116 ι
241 1091 260 1112 «
279 1074 317 1115 A
340 1080 511 1116 mortua
537 1087 627 1115 sua.
653 1089 673 1111 »
695 1073 753 1114 Et
769 1070 928 1114 iterum
946 1070 1001 1114 de
1027 1070 1177 1114 eadem
1201 1090 1209 1115 :
1231 1091 1250 1113 α
1276 1074 1332 1115 Et
1355 1087 1474 1131 sepe-

83 1160 103 1183 »
129 1141 254 1197 liam,
279 1142 445 1203 inquit,
475 1151 701 1186 mortuum
731 1144 907 1185 meum⁵
937 1161 944 1185 :
984 1160 1004 1182 >›
1042 1141 1163 1202 quod
1194 1158 1282 1187 non
1315 1152 1472 1187 neutro

79 1213 201 1273 quasi
214 1229 371 1273 corpus
383 1222 604 1257 mortuum
613 1248 623 1267 ⁷
635 1212 712 1256 sed
724 1211 966 1258 masculino
980 1228 1136 1272 genere
1148 1211 1315 1257 dictum
1334 1229 1472 1272 graeca

86 1283 305 1343 Scriptura
328 1283 613 1328 demonstrat.

140 1356 344 1398 LXXIII.
377 1374 397 1397 «
421 1357 477 1398 Et
500 1352 713 1413 adjurabo
734 1363 776 1398 te
796 1369 872 1414 per
894 1352 1131 1398 Dominum
1153 1358 1294 1399 Deum
1312 1354 1412 1399 coeli
1430 1363 1473 1399 et

82 1443 102 1467 υ
129 1427 268 1470 Deum
286 1434 411 1469 terrae
425 1426 440 1450 ⁶
462 1444 471 1469 :
491 1443 510 1465 »
532 1425 658 1483 graeci
685 1440 776 1469 non
795 1424 976 1482 habent,
1001 1441 1104 1485 per3
1128 1425 1219 1481 sed,
1245 1425 1471 1487 Adjurabo

85 1516 103 1538 »
138 1496 376 1541 Dominum
398 1499 539 1540 Deum
553 1494 671 1540 coeli.
702 1514 722 1536 »

140 1570 339 1612 LXXIV.
370 1586 389 1609 «
416 1569 529 1611 Cum
552 1567 713 1626 quibus
729 1581 808 1624 ego
830 1567 982 1611 habito
1004 1567 1050 1610 in
1072 1568 1170 1611 eis7.
1201 1586 1221 1608 »

141 1641 316 1682 LXXV.
347 1658 365 1679 t<
390 1641 453 1683 Ne
486 1637 664 1698 quando
695 1636 886 1682 noluerit
908 1638 1065 1682 mulier
1091 1638 1153 1682 ire
1178 1642 1382 1684 mecumS
1408 1661 1417 1685 ι
1448 1660 1467 1681 »

80 1709 310 1754 mulierem
332 1708 561 1753 foeminam
574 1708 794 1769 appellare
811 1710 1040 1769 proprium
1063 1719 1127 1754 est
1141 1710 1257 1755 illius
1269 1711 1449 1771 linguae.

141 1783 338 1825 LXXVI.
365 1800 385 1823 «
412 1784 464 1825 In
487 1790 645 1825 terram
663 1780 718 1825 de
735 1797 822 1842 qua
841 1781 962 1826 existi
987 1782 1088 1826 inde
1104 1784 1135 1826 9.
1184 1801 1203 1823 »

103 1909 113 1915 =
141 1854 361 1897 LXXVII.
384 1851 600 1896 «Attende
612 1852 687 1897 tibi
700 1868 755 1897 ne
767 1868 940 1897 revoces
955 1852 1095 1898 filium
1108 1869 1253 1898 meum
1267 1854 1410 1900 illuc¹⁰
1430 1875 1469 1901 ε»

82 1923 147 1968 his
164 1923 307 1968 verbis
322 1922 431 1968 solet
450 1923 732 1967 comminatio
754 1922 980 1968 declarari.

141 1997 386 2038 LXXVIII.
417 2015 436 2036 «
467 1997 524 2039 Et
541 1995 686 2054 posuit
712 2010 821 2055 puer
847 2011 1026 2039 manum
1055 2011 1178 2040 suam
1204 1997 1286 2041 sub
1308 1998 1474 2043 femore

87 2084 106 2106 »
131 2065 336 2121 Abrahae,
363 2075 406 2110 et
422 2067 583 2127 juravit
604 2067 644 2111 ei
658 2066 713 2111 de
735 2067 870 2113 verbo
893 2069 977 2113 hoc
995 2070 1025 2094 Μ
1055 2089 1098 2114 ;))
1113 2085 1214 2128 ergo
1234 2070 1397 2116 locutio
1412 2081 1476 2116 est

83 2153 169 2198 qua
193 2136 358 2182 dixerat
374 2138 595 2182 Abraham
611 2175 621 2194 ‚
646 2159 666 2181 α
682 2138 848 2199 Adjuro
864 2149 932 2198 tc3
962 2159 981 2181 »
1004 2157 1052 2185 ac
1081 2142 1114 2185 si
1136 2140 1310 2187 dixisset
1335 2164 1342 2187 :
1369 2146 1391 2187 J
1398 2159 1474 2188 ura

84 2207 190 2251 mihi
224 2227 232 2252 :
259 2224 350 2253 non
382 2219 528 2253 autem
565 2209 751 2255 solemus
785 2211 842 2255 sic
875 2210 1019 2271 loqui,
1051 2212 1126 2257 sed
1154 2214 1476 2259 observandum

85 2287 147 2322 est
169 2288 317 2323 utrum
339 2280 424 2324 sint
445 2280 491 2325 in
520 2281 752 2341 Scripturis
775 2281 869 2326 aliae
893 2269 1051 2326 similes
1070 2283 1311 2330 locutiones
1338 2305 1346 2330 :
1374 2301 1473 2330 nam

85 2349 206 2409 quod
227 2349 334 2395 dixit
355 2351 602 2409 Abraham,
628 2372 647 2395 «
676 2353 719 2398 Si
750 2352 940 2398 noluerit
960 2354 1117 2398 mulier
1140 2356 1288 2400 venire
1309 2366 1474 2412 tecum,

134 2472 142 2489 ¹
165 2467 343 2509 Gen.xx11‚
364 2476 395 2500 2.
417 2485 458 2491 ——
483 2475 495 2491 2
520 2468 602 2501 Ibid.
630 2467 936 2511 17.—31bid.20.
966 2467 1082 2502 -41d.
1111 2482 1200 2513 xxm,
1221 2471 1328 2503 3.——·‘3
1347 2472 1427 2503 Ibid.
1442 2471 1473 2514 4

88 2537 130 2544 -
148 2520 163 2544 ⁶
181 2523 228 2554 Id.
261 2534 356 2566 xxm,
382 2525 413 2556 3.
444 2541 484 2547 —-
505 2532 517 2558 7
542 2525 623 2557 Ibid.
650 2541 693 2546 —
718 2523 733 2547 ‘3
758 2524 840 2557 Ibid.
873 2525 905 2557 5.
941 2543 980 2548 —
1013 2534 1028 2558 9
1048 2527 1130 2559 lbitl.
1151 2544 1192 2549 --
1224 2534 1253 2551 ¹⁰
1279 2528 1358 2560 Ibid.
1379 2529 1411 2560 (i.
1435 2545 1478 2551 —

93 2594 133 2600 -
161 2584 187 2600 ¹¹
209 2578 289 2610 lb'ul.
311 2590 341 2621 7.
