1872 3267
315 310 583 344 QUAESTIONES
618 311 657 335 ιΝ
695 309 955 345 Lssvitricum,
992 310 1074 335 Lm.
1117 311 1179 334 ιιι.
1355 296 1437 334 365

47 387 179 433 quem
213 374 352 417 vetuit
384 373 429 417 in
460 387 599 417 escam
635 373 779 416 venire
811 392 818 416 z
850 389 967 417 nunc
1011 382 1156 417 autem
1192 372 1300 416 dixit
1333 371 1437 432 quid

50 445 170 487 lieret
195 442 250 487 de
278 442 405 502 adipe
432 442 649 487 morticini
677 452 720 486 et
748 459 771 487 a
801 442 889 486 fera
919 443 1060 502 capti,
1092 452 1142 486 ut
1163 442 1217 486 sit
1244 443 1289 486 in
1311 457 1439 486 omne

47 530 191 575 opus,
231 529 361 559 omne
395 529 529 574 opus,
576 515 727 574 utique
767 513 878 558 illud
906 531 1014 574 opus
1045 514 1117 559 cui
1149 513 1233 557 tale
1275 512 1440 573 aliquid

48 585 336 630 necessarium
375 593 453 629 est.
492 583 617 629 Unde
658 585 864 629 remansit
893 585 1098 646 quaestio,
1131 583 1240 645 quid
1277 584 1353 627 fiat
1385 582 1440 627 de

47 655 172 716 adipe
194 664 451 700 caeterorum
469 654 721 699 animalium
745 672 844 716 quae
868 655 1034 700 munda
1055 663 1157 698 sunt
1179 653 1234 699 ad
1263 669 1441 699 vescen-

48 726 170 771 dum.
206 725 290 771 Sed
311 742 412 771 cum
444 725 550 771 dicit
584 741 760 770 omnem
794 727 984 771 animam
1018 725 1159 786 perire
1188 724 1242 769 de
1274 722 1441 784 populo

46 813 150 853 suo,
182 797 259 858 qui
284 796 423 841 ederit
450 796 623 856 adipem
645 812 795 841 eorum
824 812 1028 857 pecorum
1044 832 1055 852 ,
1087 812 1138 840 ex
1159 795 1320 857 quibus
1353 798 1441 839 Do-

48 868 165 913 mino
195 868 393 922 offertur,
419 866 594 912 videtur
611 868 826 912 definiisse
850 867 974 912 illum
995 877 1165 912 tantum
1191 866 1364 926 adipem
1385 865 1440 909 de

47 938 274 999 pecoribus
303 937 478 982 mundis
506 938 780 998 prohibitum
806 938 1061 983 manducari
1078 974 1088 993 ,
1115 954 1166 982 ex
1198 938 1359 998 quibus
1389 938 1439 980 fit

46 1009 302 1055 sacrificium
333 1028 341 1053 :
367 1009 564 1069 quamvis
587 1008 763 1053 Judaeos
781 1009 1046 1053 audierimus
1068 1008 1242 1053 nullum
1259 1008 1438 1053 omnino

46 1080 216 1140 adipem
233 1081 278 1124 in
295 1095 432 1123 escam
450 1095 635 1123 sumere.
656 1080 740 1124 Sed
758 1079 864 1140 quid
882 1081 1102 1139 Scriptura
1118 1079 1329 1134 voluerit,
1349 1094 1438 1123 non

46 1152 154 1214 quid
174 1150 237 1196 illi
259 1151 424 1211 opinati
446 1151 636 1206 fuerint,
663 1151 991 1211 requirendum.
1023 1151 1222 1211 Denique
1250 1166 1340 1194 non
1369 1150 1438 1193 in-

46 1224 248 1277 veniunt,
274 1223 382 1283 quid
405 1232 520 1267 recte
547 1223 600 1266 dc
624 1223 751 1282 adipe
773 1222 934 1266 faciant
949 1259 959 1275 ,
981 1222 1099 1266 unde
1121 1238 1165 1266 se
1188 1222 1408 1266 abstinent
1427 1257 1436 1275 ,

47 1304 90 1340 et
116 1294 339 1356 quomodo
367 1309 469 1337 eum
498 1294 754 1353 projiciant,
792 1309 893 1337 cum
918 1293 1085 1337 dictum
1113 1294 1167 1337 sit
1193 1309 1201 1333 ε
1243 1312 1262 1334 «
1288 1293 1441 1336 Omnis

50 1385 71 1408 »
106 1366 236 1426 adeps
261 1364 445 1409 Domino
464 1385 475 1421 3
504 1382 522 1405 »
549 1364 583 1407 si
600 1380 689 1408 non
708 1364 880 1423 adipem
900 1364 1212 1409 sacrificiorum
1235 1373 1408 1407 tantum
1426 1398 1438 1417 ,

49 1436 123 1482 sed
155 1436 284 1480 etiam
309 1450 461 1479 eorum
495 1434 748 1479 animalium
782 1434 836 1478 de
859 1435 1019 1495 quibus
1042 1451 1132 1479 non
1155 1434 1438 1487 sacrificatur,

48 1507 244 1568 quamvis
260 1505 588 1550 immundorum
606 1541 615 1560 ,
636 1506 706 1550 hie
727 1505 885 1550 volunt
901 1506 1098 1565 intelligi.

553 1603 791 1651 QUAESTIO
823 1605 945 1642 xxn.

108 1711 224 1761 th
257 1706 338 1751 sibi
362 1704 458 1750 vult
492 1704 611 1766 quod
635 1705 689 1749 de
711 1706 925 1750 sacrificiis
955 1705 1150 1750 salutaris
1179 1706 1338 1750 iterum
1363 1703 1443 1750 ad-

51 1787 220 1833 monet,
247 1787 291 1821 et
311 1776 433 1832 dicit,
459 1792 559 1821 eum
582 1775 658 1837 qui
680 1777 811 1821 offert
833 1776 999 1820 donum
1028 1776 1223 1821 sacrificii
1245 1775 1445 1820 salutaris

51 1850 136 1905 sui,
156 1848 459 1909 pectusculum
481 1858 525 1892 et
546 1848 775 1892 brachium
794 1847 1090 1892 sacerdotibus
1112 1847 1215 1890 dare
1238 1846 1398 1891 debere
1412 1849 1442 1900 ¹,

51 1922 110 1966 ita
149 1931 321 1976 tamen,
358 1932 409 1964 ut
435 1920 566 1979 adeps
593 1919 834 1979 pectusculi
875 1920 1086 1963 offeratur
1119 1918 1307 1963 Domino
1343 1933 1443 1962 cum

54 1992 184 2052 pinna
200 1991 403 2052 jocineris
422 2012 433 2048 3
460 2006 561 2034 cum
585 1991 782 2049 superius
804 1989 989 2050 loquens
1008 1989 1063 2034 de
1085 1989 1303 2034 sacrificiis
1327 1988 1444 2033 salu-

55 2062 151 2106 taris
178 2061 357 2121 pinnam
379 2060 582 2120 jocineris
620 2075 721 2104 cum
750 2059 877 2119 adipe
898 2060 1060 2104 ventris
1077 2095 1087 2115 ,
1120 2069 1162 2103 et
1193 2075 1372 2114 renum,
1405 2069 1448 2103 ct

53 2132 303 2178 lumborum
319 2131 468 2176 offerri
489 2131 677 2176 Domino
696 2131 996 2191 praeceperit'2,
1018 2131 1202 2176 tacuerit
1223 2140 1369 2175 autem
1393 2129 1448 2174 de

55 2203 179 2263 adipe
200 2200 465 2263 pectusculi?
493 2204 562 2246 An
583 2201 704 2261 quod
732 2201 793 2245 ibi
820 2202 1122 2262 praetermisit,
1159 2202 1230 2245 hic
1255 2216 1449 2245 comme—

55 2276 218 2318 morat?
243 2276 385 2327 Quare
420 2288 523 2331 ergo
556 2272 611 2316 de
643 2272 776 2332 pinna
802 2273 1006 2333 jocineris
1030 2282 1074 2316 et
1106 2271 1168 2316 ibi
1191 2281 1235 2316 et
1255 2272 1448 2316 hicPAn

57 2346 166 2391 sorte
189 2344 355 2406 aliquid
376 2345 555 2389 interest
571 2344 692 2405 quod
713 2345 910 2405 superius
935 2344 989 2389 de
1013 2344 1223 2389 sacrificio
1249 2343 1450 2387 salutaris

58 2416 283 2476 praecepit,
308 2416 378 2459 hic
406 2424 553 2459 autem
572 2414 769 2471 addidit,
800 2435 821 2458 «
851 2416 943 2473 sui,
973 2433 994 2457 »
1020 2425 1234 2475 tanquam
1258 2413 1378 2458 aliud
1395 2412 1450 2458 Sit

59 2485 274 2542 salutaris,
300 2484 421 2530 aliud
437 2483 638 2530 salutaris
656 2485 752 2530 sui?

106 2590 115 2607 ¹
139 2583 244 2616 Levit.
270 2594 328 2625 vu,
353 2595 406 2626 19,
426 2592 480 2625 20,
502 2589 567 2616 etc.
587 2601 629 2606 -—
650 2584 784 2626 21d.1v,
804 2596 836 2626 9.
