1872 3267
381 251 649 289 QUAESTIONES
682 255 724 279 nv
759 252 946 280 GENESIM
962 271 972 289 ,
1008 254 1089 279 Lus.
1128 254 1156 277 1.
1379 241 1459 278 195

74 319 208 378 cipia‚
232 319 335 379 quia
358 333 491 362 manu
512 327 637 376 capta
659 327 776 361 sunt.
804 320 881 361 Est
902 318 1033 361 etiam
1056 317 1163 361 ordo
1185 316 1390 360 naturalis
1421 316 1464 359 in

74 389 323 433 hominibus
339 425 350 445 ‚
373 398 424 433 ut
441 389 628 434 serviant
650 388 846 432 foeminae
864 388 988 443 viris,
1014 398 1057 432 et
1079 387 1154 432 filii
1173 387 1425 448 parentibus
1452 407 1460 431 ;

72 460 175 520 quia
199 470 241 504 et
263 460 350 505 illic
366 460 637 520 haccjustitia
656 469 740 514 est,
763 469 813 503 ut
831 460 1042 504 infirmior
1065 459 1173 503 ratio
1194 459 1351 503 serviat
1369 458 1462 502 for-

72 531 184 575 tiori.
212 534 315 575 Haec
337 532 469 590 igitur
496 532 540 575 in
569 530 939 575 dominationibus
966 540 1010 575 et
1036 529 1315 575 servitutibus
1342 530 1457 574 clara

66 602 232 662 justitia
256 611 319 646 cst
335 637 346 657 ‚
378 612 428 646 ut
448 602 524 663 qui
550 600 768 646 excellunt
797 602 985 657 ratione,
1016 599 1233 645 excellant
1254 599 1455 644 domina-

72 673 188 717 tione
208 692 217 717 :
242 673 363 732 quod
380 688 481 717 cum
501 673 548 716 in
565 673 648 717 hoc
665 671 824 717 saeculo
843 688 920 733 per
937 673 1212 733 iniquitatem
1227 671 1456 716 hominum

69 743 365 803 perturbatur,
390 743 460 788 vel
487 759 564 803 per
586 752 841 788 naturarum
868 743 1108 788 carnalium
1131 743 1424 787 diversitatem
1442 778 1452 797 ‚

67 812 215 859 ferunt
232 814 339 874 justi
366 814 650 875 temporalem
684 814 1031 874 perversitatem,
1070 814 1115 858 in
1143 814 1230 858 fine
1257 813 1453 858 habituri

69 883 432 931 ordinatissimam
451 895 495 931 et
511 887 818 947 sempiternam
835 885 1103 931 felicitatem.

571 1007 808 1057 QUAEs'rlo
839 1007 969 1047 CLIV.

133 1139 152 1162 «
173 1123 450 1164 ABOMmA-no
462 1129 526 1164 est
536 1120 653 1164 enim
667 1119 885 1179 AEgyptiis
903 1119 1042 1163 omnis
1059 1128 1206 1178 pastor
1227 1118 1376 1164 ovium
1388 1120 1417 1162 ¹.
1432 1137 1453 1160 »

69 1191 223 1236 Merito
245 1191 462 1250 AEgyptiis
478 1226 488 1246 ‚
520 1191 566 1234 in
589 1191 749 1251 quibus
772 1191 909 1248 figura
933 1199 998 1234 est
1024 1190 1247 1250 praesentis
1277 1188 1424 1234 saeeuli
1438 1225 1449 1245 ,

70 1262 114 1305 in
146 1278 234 1322 quo
268 1261 465 1306 abundat
493 1262 698 1322 iniquitas
715 1297 726 1316 ‚
759 1261 1025 1306 abominatio
1054 1270 1117 1305 est
1139 1261 1279 1306 omnis
1307 1270 1454 1321 pastor

67 1348 289 1393 pecorum.
315 1333 596 1378 Abominatio
614 1341 679 1376 est
699 1331 817 1375 enim
840 1331 992 1392 iniquo
1008 1332 1073 1377 vir
1086 1333 1245 1392 justus.

568 1453 804 1503 QUAESTIO
836 1454 948 1494 (ΠΝ.

132 1586 151 1608 «
178 1569 420 1611 VENERUNT
451 1575 596 1610 autem
625 1567 672 1610 in
699 1569 940 1626 AEgyptum
975 1566 1031 1610 ad
1063 1567 1224 1626 Joseph
1247 1567 1382 1611 Jacob
1413 1576 1456 1610 et

126 1638 202 1681 filii
225 1640 313 1698 ejus
339 1658 346 1682 :
380 1648 422 1682 et
445 1638 609 1683 audivit
631 1639 798 1683 Pharao
816 1654 887 1683 rex
910 1639 1113 1698 AEgypti,
1141 1649 1183 1683 et
1206 1640 1265 1684 ait
1289 1640 1456 1683 Pharao

126 1707 181 1752 ad
203 1711 226 1752 J
231 1709 363 1768 oseph
381 1707 527 1752 dicens
547 1729 555 1753 :
582 1712 708 1753 Pater
729 1719 830 1753 tuus
848 1718 892 1753 et
912 1708 1064 1753 fratres
1090 1710 1152 1753 tui
1168 1719 1384 1755 venerunt
1400 1711 1455 1754 ad

69 1798 90 1821 »
126 1789 168 1823 te
190 1799 197 1823 :
224 1795 323 1823 ecce
343 1788 456 1822 terra
478 1779 659 1839 AEgypti
678 1789 777 1824 ante
795 1789 837 1824 te
858 1789 920 1824 est
936 1816 946 1836 ,
973 1781 1019 1824 in
1046 1790 1159 1825 terra
1187 1782 1351 1841 optima
1370 1781 1454 1827 col-

125 1849 219 1895 loca
240 1860 406 1910 patrem
425 1859 552 1895 tuum
570 1859 612 1894 et
628 1849 786 1895 fratres
808 1860 906 1895 tuos
918 1855 949 1894 2.
976 1870 995 1892 »
1024 1854 1127 1895 Haec
1144 1853 1344 1912 repetitio
1362 1870 1452 1898 non

71 1657 80 1679 )

81 1657 90 1679 v

69 1726 79 1749 )

81 1727 89 1749 ν

70 1869 80 1891 )

81 1869 90 1891 υ

11 1949 15 1952 «
66 1921 363 1981 praetermissae
386 1921 471 1976 rei,
499 1920 554 1965 ad
580 1938 712 1982 quam
740 1938 854 1982 saepe
876 1923 1061 1968 obscure
1088 1939 1166 1983 per
1188 1924 1450 1985 recapitula—

67 1993 229 2038 tionem
258 1992 450 2047 reditur,
478 1992 553 2037 sed
583 1994 762 2038 omnino
785 2003 931 2054 aperta
964 2004 1041 2039 est.
1070 1998 1167 2040 Jam
1196 1997 1312 2041 enim
1331 1997 1453 2042 dixe-

67 2073 132 2108 rat
161 2064 381 2123 Scriptura
415 2063 638 2123 quomodo
670 2065 869 2109 venerint
902 2064 956 2109 ad
992 2066 1264 2111 Pharaonem
1299 2066 1452 2113 fratres

66 2135 266 2194 Joseph3‚
292 2143 335 2178 et
357 2132 464 2194 quid
486 2134 544 2178 eis
566 2132 748 2190 dixerit,
773 2134 842 2180 vel
870 2136 925 2179 ab
948 2137 1006 2181 eis
1027 2137 1211 2183 audierit
1233 2159 1241 2183 ε
1268 2139 1344 2184 sed
1366 2141 1449 2185 hoc

66 2220 182 2249 nunc
212 2203 333 2250 velut
358 2204 413 2248 ab
437 2204 560 2249 initio
588 2205 808 2264 repetivit,
834 2215 885 2250 ut
904 2206 1006 2251 inde
1028 2217 1276 2254 contexeret
1297 2227 1448 2256 narra-

65 2275 228 2320 tionem
246 2275 301 2319 ab
322 2274 389 2318 his
410 2274 567 2329 verbis,
589 2291 687 2335 quae
705 2275 783 2320 soli
807 2278 968 2337 ,Ioseph
989 2279 1157 2324 Pharao
1177 2279 1286 2325 dixit
1305 2301 1313 2326 2
1334 2299 1448 2342 quo-

66 2360 163 2389 rum
190 2345 389 2390 omnium
416 2345 462 2388 in
486 2344 710 2390 codicibus
744 2347 892 2405 graecis
909 2383 919 2403 ,
945 2348 1022 2408 qui
1051 2365 1073 2393 a
1098 2348 1447 2408 diligentioribus

66 2415 295 2475 conscripti
311 2425 438 2470 sunt,
463 2415 665 2475 quaedam
686 2416 895 2462 obeliscos
917 2418 1083 2463 habent
1100 2455 1110 2474 ,
1142 2430 1184 2465 et
1202 2422 1448 2480 significant

68 2501 116 2530 ea
146 2502 246 2546 quae
274 2486 320 2529 in
351 2486 528 2530 hebraeo
557 2502 647 2530 non
682 2486 987 2544 inveniuntur,
1015 2498 1058 2533 et
1087 2489 1133 2534 in
1163 2493 1447 2552 Septuaginta

116 2588 124 2605 ¹
151 2584 231 2615 Gen.
250 2593 337 2624 uvi,
358 2581 411 2624 34.
431 2599 461 2604 -
491 2589 504 2604 ²
525 2582 572 2614 Id.
593 2582 736 2624 xnv11‚5,
756 2582 788 2614 6.
807 2600 848 2606 -
869 2582 950 2617 ³1d.
970 2596 1042 2626 ην,
1060 2585 1109 2617 16.

1201 2642 1262 2680 13.
