1872 3267
402 197 488 235 606
838 210 870 234 s.
907 206 1139 237 AUGUSTINI
1175 209 1357 236 EPISCOPI

397 273 501 316 catis
524 287 625 315 usus
641 280 706 315 est
727 270 784 315 ad
799 272 1079 329 significanda
1103 289 1202 334 quse
1217 272 1371 317 voluit.
1396 271 1585 317 Proinde
1606 273 1639 317 si
1662 289 1790 335 prop-
1852 291 1853 295 ¹

396 351 512 385 terea
547 351 776 401 peccatum
800 358 890 386 non
913 341 997 386 fuit
1019 378 1029 398 ⁷
1053 344 1140 388 sive
1162 342 1397 403 cujuslibet
1418 343 1535 387 necis
1557 343 1764 387 humanae
1778 379 1789 399 ,
1852 362 1855 410 ¹]

399 412 488 456 sivc
506 413 637 456 etiam
660 412 920 472 parricidale
944 413 1201 457 sacrificium
1220 412 1287 457 vel
1308 428 1489 469 vovere7
1502 412 1574 458 vel
1588 413 1793 470 reddere,
1854 428 1855 463 ᾗ

398 484 501 545 quia
523 500 730 541 magnum
746 484 911 545 aliquid
936 494 979 529 et
1001 484 1193 544 spiritale
1209 484 1489 543 significavit3
1508 483 1666 529 frustra
1680 488 1795 530 Deus
1855 515 1857 518 ι

398 554 501 600 talia
528 555 773 614 prohibuit,
795 564 839 598 et
860 571 903 599 se
927 555 1067 599 odisse
1091 564 1271 599 testatus
1295 564 1386 612 est3
1423 555 1632 616 quoniam
1658 564 1702 599 et
1721 554 1796 599 illa
1848 558 1851 560 ’

398 643 497 688 quae
518 627 611 670 fieri
630 627 777 687 jussit,
814 627 968 686 utique
987 625 1042 670 ad
1059 626 1251 687 aliquam
1272 627 1636 686 significationem
1653 642 1800 670 rerum
1850 639 1859 650 *

396 697 657 758 spiritalium
678 713 1028 757 magnarumque
1050 696 1315 741 referuntur.
1333 699 1423 742 Cur
1444 713 1547 756 ergo
1565 696 1636 740 illa
1653 696 1801 757 proh-i-

397 769 537 823 heret,
556 768 917 828 quandoquidem
938 776 1328 828 poterantpropter
1341 767 1538 811 eamdem
1559 783 1705 810 rerum
1727 782 1800 812 ea-
1852 791 1855 801 ι

398 839 600 883 rumdem
618 839 996 898 significationem,
1015 849 1193 899 propter
1207 854 1337 899 quam
1356 847 1398 881 et
1411 838 1488 882 ista
1504 837 1619 881 licite
1634 838 1799 881 fiebant
1852 843 1864 880 ’ὲ

398 909 682 955 nihilominus
691 909 807 954 licite
817 910 907 954 fieri
922 930 930 954 :
944 910 1023 954 nisi
1037 911 1138 970 quia
1151 925 1231 954 nec
1247 909 1329 953 tale
1339 908 1504 969 aliquid
1512 909 1797 967 significantia
1854 919 1858 939 ’-

398 980 527 1042 quale
543 981 721 1041 expedit
738 981 930 1037 credere,
957 982 1148 1024 humana
1167 984 1256 1025 Deo
1280 980 1484 1024 sacrificia
1506 978 1768 1039 placuerunt
1784 1014 1795 1035 ‚
1866 1038 1867 1044 1

398 1053 578 1112 quando
611 1068 702 1096 non
724 1069 805 1112 pio
823 1051 988 1113 justitia
1014 1052 1197 1112 quisque
1220 1051 1275 1094 ab
1296 1050 1504 1105 inimicis,
1545 1051 1647 1111 quia
1683 1059 1798 1094 recte
1856 1058 1868 1110 *f

398 1124 545 1168 vivere
564 1123 704 1168 voluit
720 1159 730 1179 ⁷
760 1134 836 1167 aut
858 1139 1036 1183 peccare
1060 1122 1223 1178 noluit,
1251 1122 1537 1177 interimitur,
1568 1121 1644 1165 sed
1667 1122 1798 1166 homo
1858 1135 1860 1140 “

400 1194 455 1238 ab
472 1195 649 1238 homine
674 1204 884 1255 tanquam
901 1193 1036 1238 electa
1053 1195 1192 1238 hostia
1205 1209 1325 1238 more
1343 1193 1799 1253 pecorisimmolatur?

458 1268 580 1310 XIV.
608 1265 727 1317 Quid
760 1267 817 1319 si⁷
844 1266 902 1308 ait
924 1265 1100 1324 aliquis,
1138 1266 1347 1324 quoniam
1375 1281 1582 1325 pecorum
1612 1265 1799 1310 victimae
1860 1254 1872 1278 ’ἲ

397 1338 489 1396 jam
512 1351 564 1379 eo
588 1335 681 1394 ipso
706 1351 795 1395 quo
819 1334 993 1378 fuerant
1017 1336 1203 1390 usitatae,
1230 1337 1426 1394 quamvis
1450 1346 1494 1380 et
1510 1337 1613 1395 ipsae
1635 1352 1658 1380 a
1684 1345 1800 1379 recte
1862 1339 1864 1359 ³

401 1406 751 1464 intelligentibus
770 1405 826 1449 ad
847 1405 1206 1464 significationem
1230 1405 1488 1465 spiritalium
1516 1405 1796 1462 reserrentur,
1862 1396 1865 1408 ¹¹

401 1477 547 1522 minus
563 1486 709 1520 tamen
735 1475 952 1520 faciebant
975 1477 1163 1520 intentos
1179 1475 1234 1520 ad
1255 1492 1463 1535 magnum
1480 1472 1800 1521 sacramentum

401 1548 562 1593 Christi
586 1557 629 1591 et
657 1547 864 1592 Ecclesiae
887 1547 1222 1608 requirendum,
1248 1557 1476 1607 propterea
1509 1552 1624 1592 Deus
1653 1564 1699 1592 re
1728 1549 1798 1593 in-

401 1619 512 1677 signi
536 1628 580 1661 et
601 1618 825 1678 inopinata
847 1618 998 1662 volens
1021 1619 1143 1679 quasi
1161 1618 1424 1663 dormientes
1454 1620 1682 1664 hominum
1706 1619 1800 1663 ani—

403 1704 496 1733 mos
519 1688 705 1732 excitare
719 1724 729 1743 ,
751 1704 801 1732 eo
824 1688 960 1747 magis
981 1705 1069 1748 quo
1093 1687 1194 1732 talia
1216 1689 1295 1732 sibi
1317 1690 1523 1734 sacrificia
1552 1691 1699 1734 offerri
1721 1705 1799 1735 ve-

405 1768 568 1813 tuerat,
595 1760 763 1803 curavit
785 1759 863 1802 sibi
890 1759 1103 1819 ejusmodi
1127 1758 1291 1820 aliquid
1314 1760 1612 1813 offerendum,
1634 1771 1684 1805 ut
1707 1761 1800 1820 ipsa

402 1830 631 1875 admiratio
646 1846 843 1888 magnam
862 1830 1060 1889 gigneret
1082 1830 1369 1890 quaestionem
1388 1841 1432 1875 et
1448 1847 1602 1888 magna
1616 1831 1798 1891 quaestio

402 1901 457 1945 ad
482 1900 842 1960 perscrutandum
867 1916 1074 1960 magnum
1095 1901 1350 1957 mysterium
1374 1899 1567 1944 studium
1590 1902 1658 1961 pie
1680 1917 1799 1946 men—

400 1974 454 2018 tis
475 1975 679 2032 erigeret,
708 1974 776 2033 pie
800 1990 901 2017 vero
937 1982 1133 2016 scrutans
1158 1987 1281 2015 mens
1309 1971 1494 2016 hominis
1517 1971 1796 2017 altitudinem

401 2046 665 2106 prophetiae,
703 2043 824 2088 velut
853 2045 981 2087 hamo
1020 2043 1182 2102 piscem
1221 2043 1455 2086 Dominum
1484 2044 1706 2088 Christum
1742 2043 1797 2088 de

401 2114 624 2174 profundo
658 2114 978 2173 Scripturarum
1000 2112 1193 2157 levaret?
1215 2112 1326 2156 Huic
1347 2129 1425 2157 nos
1450 2114 1607 2158 rationi
1629 2124 1672 2158 et
1691 2130 1798 2159 con-

402 2186 655 2230 siderationi
678 2202 766 2229 non
789 2185 1051 2229 obsistimus.
1080 2183 1164 2229 Sed
1182 2183 1264 2228 alia
1287 2185 1470 2245 quaestio
1493 2195 1556 2230 est
1574 2185 1628 2229 de
1652 2186 1797 2231 animo

402 2258 621 2311 voventis,
644 2258 723 2301 alia
743 2257 797 2301 de
820 2256 1093 2316 providentia
1118 2257 1193 2300 Dei
1209 2256 1521 2316 qualicumque
1539 2258 1796 2318 animoejus

405 2330 569 2389 optime
591 2329 768 2373 utentis.
787 2329 1080 2382 Quamobrem
1099 2328 1131 2371 si
1150 2328 1331 2387 Spiritus
1356 2328 1542 2383 Domini,
1565 2329 1640 2389 qui
1657 2328 1795 2374 factus

405 2411 468 2445 est
494 2417 624 2460 super
645 2403 667 2444 J
674 2401 825 2459 ephte‚
853 2409 903 2443 ut
924 2400 1007 2443 hoc
1028 2409 1204 2444 voveret
1226 2399 1405 2443 omnino
1431 2402 1656 2460 praecepit,
1674 2401 1796 2461 quod

405 2472 583 2532 quidem
602 2472 823 2531 Scriptura
846 2487 934 2516 non
949 2471 1146 2531 aperuit3
1167 2481 1313 2515 tamen
1335 2473 1368 2516 si
1382 2472 1463 2516 hoc
1480 2470 1551 2516 ille
1573 2473 1792 2532 praecepit,

407 2544 529 2603 cujus
552 2558 640 2586 non
661 2541 762 2586 licet
785 2542 904 2601 jussa
935 2551 1238 2598 contemnere,
1263 2557 1354 2588 non
1385 2541 1526 2587 solum
1551 2542 1795 2602 insipientia
