1872 3267
448 183 527 224 144
883 194 917 224 s.
952 195 1183 226 Auousnm
1214 197 1393 226 EPISCOPI

918 312 1153 362 QuAEs'rlo
1185 315 1319 355 Lvni.

493 415 592 459 Vox
614 412 836 473 Angelide
859 412 971 459 coelo
992 413 1047 459 ad
1058 414 1296 470 Abraham,
1325 433 1344 457 «
1368 415 1432 459 Ne
1453 413 1614 474 injicias
1636 428 1815 459 manum
1860 473 1861 476 Ἰ

438 503 459 525 »
494 484 539 528 in
573 500 799 545 puerum,¹
826 500 969 546 neque
1004 484 1134 531 facias
1169 487 1207 530 ei
1239 485 1496 547 quidquam.
1536 485 1669 531 Modo
1700 486 1815 530 enim
1860 489 1862 503 ’

438 574 458 596 »
493 555 691 614 cognovi,
712 555 919 616 quoniam
933 555 1083 601 timeas
1097 559 1236 601 Deum
1257 565 1307 601 tu
1321 559 1350 601 ¹.
1370 575 1390 598 »
1416 555 1559 600 Etiam
1579 556 1658 601 ista
1674 572 1817 618 quaes-
1857 601 1860 614 ,

436 627 496 671 tio
518 626 645 671 simili
673 626 893 672 locutione
918 626 1125 687 solvitur,
1147 629 1232 674 hoc
1253 637 1316 673 est
1345 627 1482 684 enim,
1515 647 1535 670 «
1562 630 1689 674 Nunc
1710 644 1816 688 cog·
1856 638 1864 692 'v

437 717 458 741 »
493 699 618 754 novi,
655 699 863 760 quoniam
896 699 1047 744 timeas
1082 703 1217 745 Deum
1250 709 1324 756 tu,
1363 718 1384 742 »
1422 699 1544 761 quod
1571 700 1812 759 significat:
1862 709 1864 719 ¹

438 789 458 812 «
491 772 616 815 Nunc
649 779 691 814 te
719 768 803 814 feci
838 785 1111 829 cognoscere.
1141 790 1161 812 υ
1194 774 1247 816 In
1273 770 1638 831 consequentibus
1670 780 1816 816 autem
1852 784 1855 834 j

433 840 516 885 hoc
540 855 673 899 genus
694 839 928 885 locutionis
950 840 1173 886 evidenter
1188 850 1387 902 apparet,
1411 839 1685 897 ubidicitur,
1715 860 1735 884 «
1759 844 1817 886 Et
1851 843 1861 903 J

435 929 456 952 »
491 912 661 957 vocavit
682 912 902 956 Abraham
923 927 1083 957 nomen
1103 911 1188 958 loci
1213 911 1353 969 illius,
1378 912 1586 958 Dominus
1613 912 1742 968 vidit,
1766 921 1817 957 ut
1849 911 1857 961 ι’

438 1001 459 1024 n
494 982 642 1028 dicant
663 983 818 1028 hodie:
845 987 897 1028 In
924 993 1073 1029 monte
1106 984 1316 1030 Dominus
1343 984 1586 1045 apparuit2.
1618 983 1764 1040 Vidit,
1792 1003 1813 1026 »
1848 1002 1856 1049 J

435 1069 514 1113 pro
537 1070 588 1099 eo
609 1055 729 1115 quod
745 1064 824 1111 est,
850 1056 1065 1116 apparuit,
1091 1056 1174 1101 hoc
1201 1065 1302 1101 est«
1327 1055 1462 1112 vidit,
1482 1073 1503 1098 »
1528 1071 1608 1116 pro
1622 1071 1673 1101 eo
1695 1055 1817 1117 quod

433 1133 513 1181 est,
537 1125 676 1171 videri
698 1125 829 1184 fecit3
854 1127 1096 1185 significans
1117 1143 1195 1187 per
1218 1126 1479 1172 efficientem
1499 1126 1546 1172 id
1566 1126 1686 1188 quod
1713 1127 1810 1171 essi-
1845 1156 1847 1178 ἶ

432 1196 547 1242 citur
560 1232 571 1253 ‚
592 1197 703 1242 sicut
716 1195 850 1256 frigus
871 1198 1043 1259 pigrum
1061 1197 1182 1258 quod
1203 1198 1346 1258 pigros
1361 1196 1478 1243 facit.
1844 1187 1846 1207 ;

944 1306 1180 1356 QUAESTIO
1212 1306 1311 1346 ΠΧ.

493 1414 511 1437 «
544 1398 608 1440 ΕΤ
643 1411 733 1440 non
757 1394 985 1455 pepercisti
1013 1394 1103 1440 filio
1135 1404 1212 1439 tuo
1242 1394 1402 1439 dilecto
1430 1402 1607 1454 propter
1627 1410 1697 1439 me
1728 1397 1759 1438 ³.
1789 1413 1810 1436 »

428 1466 653 1527 Numquid
689 1466 908 1511 Abraham
931 1475 1110 1526 propter
1147 1465 1364 1524 Angelum
1400 1481 1490 1509 non
1511 1466 1704 1525 pepercit
1722 1465 1812 1510 filio
1837 1461 1839 1491 l

428 1552 530 1592 suo,
555 1546 598 1581 et
619 1552 708 1581 non
729 1546 907 1597 propter
924 1539 1097 1581 Deum?
1118 1539 1206 1581 Aut
1222 1551 1324 1595 ergo
1348 1535 1503 1595 Angeli
1524 1536 1700 1580 nomine
1722 1539 1811 1581 Do·
1834 1558 1837 1598 ς

426 1607 570 1651 minus
593 1608 790 1652 Christus
811 1607 1076 1665 significatus
1099 1616 1183 1661 est,
1208 1606 1285 1667 qui
1305 1607 1397 1651 sine
1424 1605 1560 1651 dubio
1582 1610 1695 1651 Deus
1722 1616 1808 1661 est,

425 1686 469 1721 ct
490 1678 716 1722 manifeste
749 1694 772 1722 a
796 1678 1013 1736 Propheta
1034 1676 1174 1721 dictus
1199 1686 1284 1733 est,
1314 1697 1334 1719 «
1356 1677 1504 1737 Magni
1527 1676 1695 1722 consilii
1716 1680 1810 1721 An-
1832 1701 1834 1719 ÷

427 1766 448 1788 υ
485 1747 605 1807 gelus
619 1749 635 1773 4
654 1783 665 1803 ,
688 1768 704 1790 »
723 1757 799 1792 aut
818 1747 939 1808 quod
962 1751 1075 1792 Deus
1097 1756 1188 1792 erat
1209 1747 1255 1791 in
1276 1747 1443 1805 Angelo
1458 1783 1468 1803 ,
1490 1757 1533 1792 et
1554 1763 1605 1792 ex
1626 1763 1809 1807 persona
1830 1761 1832 1794 θ

425 1819 501 1862 Dei
531 1817 722 1896 Angelus
757 1817 1044 1878 loquebatur,
1070 1817 1180 1861 sicut
1201 1817 1246 1860 in
1275 1818 1500 1876 Piophetis
1522 1818 1652 1861 etiam
1680 1817 1803 1862 solet.

422 1891 530 1934 Nam
570 1889 616 1932 in
648 1888 1015 1964 consequentibus
1034 1888 1116 1931 hoc
1143 1887 1278 1946 magis
1308 1887 1482 1932 videtui
1503 1904 1708 1948 apparere
1729 1889 1829 1948 ubi5

421 1958 502 2017 le(
477 1968 606 2013 itur,
637 1978 656 2000 «
676 1961 710 2001 F
718 1957 917 2002 tvocavit
934 1957 1126 2016 Angelus
1146 1957 1317 2001 Domini
1329 1959 1550 2002 Ablaham
1573 1967 1652 2002 1te1
1658 1973 1730 2002 um
1752 1952 1827 2003 de
1824 1982 1827 2020 f

424 2047 444 2070 »
466 1992 617 2084 ἶ300010,
655 2029 836 2087 dicens·
873 2032 954 2072 Pel
986 2028 1289 2088 memetipsum
1319 2029 1486 2088 juravi,
1523 2028 1629 2074 dicit
1656 2029 1825 2074 Domi-
1852 2059 1854 2063 ψ

426 2120 442 2141 »
478 2116 561 2144 nus
583 2101 613 2143 ⁵.
653 2118 672 2140 »
707 2102 805 2145 Nou
833 2098 957 2143 facile
979 2099 1094 2142 enim
1123 2099 1342 2144 invenitur
1373 2100 1580 2143 Dominus
1608 2089 1823 2145 Christusl

421 2175 591 2216 Patrem
624 2171 859 2220 Dominum
889 2170 1029 2214 dicere
1052 2180 1260 2231 tanquam
1288 2186 1416 2214 suum
1443 2171 1676 2215 Dominum
1693 2206 1703 2226 ,
1726 2158 1821 2216 illoi

418 2242 657 2302 pracsertim
683 2251 878 2301 tempore
901 2251 1134 2302 antequam
1171 2250 1360 2285 sumeret
1381 2257 1570 2285 carnem.
1595 2244 1702 2286 Nam
1733 2251 1804 2286 sc-'
1817 2238 1819 2282 l

417 2312 613 2357 cundum
630 2311 674 2356 id
697 2311 817 2372 quod
838 2310 1022 2355 formam
1045 2311 1154 2355 servi
1174 2311 1360 2371 accepit,
1391 2327 1481 2356 non
1503 2312 1797 2371 incongrucn-
1816 2310 1818 2342 ἶ

419 2392 482 2427 ter
508 2384 592 2428 hoc
620 2381 705 2427 dici
739 2381 928 2427 videtur.
964 2384 1072 2427 Nam
1107 2380 1349 2426 secundum
1378 2381 1507 2442 liujus
1540 2383 1601 2426 rei
1637 2381 1815 2427 futurae}

463 2486 470 2502 ¹
492 2482 571 2512 Gen.
595 2490 670 2521 xxn,
694 2489 743 2511 12.
764 2496 805 2501 -—
822 2486 833 2501 ²
854 2479 932 2511 lbid.
960 2476 1007 2520 ¹4·
1029 2492 1070 2501 --
1093 2476 1105 2502 3
1126 2477 1206 2511 lbid.
1233 2487 1283 2511 12.
1306 2494 1349 2501 —-
1368 2476 1586 2523 41sii.1x,6.
1610 2478 1702 2521 juxta
1719 2461 1813 2512 mix.i

414 2551 455 2558 ·-
478 2533 492 2559 5
511 2538 590 2568 Gen.
604 2545 686 2578 xxu,
705 2534 825 2577 15,16.
