1872 3267
375 216 434 252 22
785 231 818 256 s.
855 227 1083 258 AUGUSTINI
1117 231 1294 259 EPlscovl

378 307 398 330 »
441 293 540 334 sc¹3
574 309 593 332 »
631 290 737 351 quid
758 292 902 336 minus
923 303 1057 350 esset,
1093 295 1231 340 sinon
1260 295 1516 352 adderetur,
1540 314 1560 337 «
1580 311 1602 341 a
1633 296 1703 339 se?
1725 313 1744 336 »

432 363 650 406 CXXXV.
681 381 701 404 «
723 365 779 406 Et
800 378 890 407 non
907 365 1107 423 apposuit
1127 365 1310 426 amplius
1334 366 1440 411 scire
1461 368 1582 411 eam²
1595 401 1607 420 ,
1627 382 1647 407 »
1670 380 1750 425 pro

372 446 424 475 eo
446 447 535 491 quo
555 441 640 488 est,
659 433 829 478 misceri
844 434 896 477 ei.

430 505 671 548 CXXXVI.
698 524 718 547 «
733 507 790 549 Et
807 504 972 549 invenit
982 495 1147 566 Joseph‘
1159 507 1339 566 gratiam
1354 507 1399 551 in
1415 515 1649 567 conspectu
1667 506 1749 551 do-

373 589 395 615 »
415 573 521 617 mini
542 574 632 617 sui3
654 593 663 618 ε
692 592 712 616 »
741 575 835 619 haec
857 573 1020 619 locutio
1042 575 1151 621 nulli
1181 586 1244 622 est
1260 577 1408 636 ignota
1429 577 1475 620 in
1499 577 1745 636 scripturis,

428 645 694 689 CXXXVII.
709 663 730 687 «
745 647 802 690 Et
813 645 1035 689 nesciebat
1045 662 1143 706 quae
1155 648 1267 692 cirea
1283 663 1382 692 eum
1400 657 1523 692 erant
1537 646 1647 691 nihil
1659 648 1674 672 ⁴
1691 667 1701 692 ι
1725 665 1746 697 n

371 713 489 773 apud
526 730 687 774 graecos
722 715 878 760 usitata
906 724 968 760 est
998 715 1130 775 vulgo
1160 717 1350 774 locutio,
1382 716 1501 778 apud
1533 733 1611 763 nos
1634 727 1751 764 recta

368 800 459 829 non
481 795 565 841 est,
591 785 665 830 sed
687 787 907 831 nesciebat
928 786 1093 847 aliquid
1113 787 1314 833 dicimus.

427 858 716 903 CXXXVIII.
742 877 763 900 «
797 861 959 902 Praeter
986 873 1145 918 panem
1181 874 1312 919 quem
1352 858 1443 919 ipse
1482 857 1667 903 edebat⁵
1693 877 1703 904 -:
1726 875 1748 901 »

367 942 444 988 per
468 943 627 987 panem
658 928 812 989 utique
848 929 992 973 omnia
1018 927 1202 988 intelligi
1221 928 1362 977 voluit
1391 928 1446 973 ad
1473 929 1639 976 victum
1660 929 1753 989 ejus

367 1000 628 1060 pertinentia
653 1019 662 1045 :
687 999 806 1044 unde
823 1016 902 1060 pro
921 999 1178 1061 quotidiano
1196 1000 1315 1049 victu
1327 1036 1338 1056 ‚
1358 1000 1481 1060 panis
1502 999 1619 1045 solus
1638 1000 1753 1060 posi-

368 1080 438 1115 tus
461 1070 718 1129 intelligitur
739 1071 786 1115 in
806 1071 1012 1115 Oratione
1031 1069 1263 1116 dominica.

426 1143 671 1186 CXXXIX.
701 1160 721 1183 ι(
756 1144 814 1185 Εῖ
833 1141 949 1187 misit
970 1157 1078 1186 uxor
1094 1141 1260 1187 domini
1283 1141 1375 1200 ejus
1405 1139 1553 1185 oculos
1585 1155 1684 1184 suos
1706 1140 1753 1185 in

372 1230 391 1252 »
412 1211 572 1271 ,Ioseph
585 1212 600 1237 ⁰
621 1230 630 1256 ;
660 1229 680 1253 »
701 1211 809 1256 εοΙθῖ
826 1220 870 1255 θῖ
884 1210 1002 1271 apud
1023 1227 1100 1261 nos
1117 1210 1251 1270 vulgo
1269 1225 1359 1255 esse
1381 1211 1538 1259 usitata
1559 1209 1722 1255 locutio
1737 1245 1749 1266 ‚

367 1297 447 1341 pro
470 1298 521 1326 eo
535 1282 656 1343 quod
677 1292 762 1339 est,
789 1283 950 1329 amavit
971 1298 1089 1327 eum.

426 1355 555 1398 CXL.
585 1372 604 1396 »
630 1357 688 1399 Et
708 1354 771 1399 ait
800 1373 808 1399 ε
835 1355 984 1398 Dormi
1017 1355 1215 1401 mecum⁷
1243 1373 1251 1398 :
1276 1371 1297 1396 »
1323 1362 1367 1397 et
1402 1353 1483 1397 ista
1516 1352 1674 1398 usitata
1690 1362 1755 1399 est

366 1424 530 1470 locutio
545 1461 556 1481 ,
580 1441 659 1486 pro
681 1441 732 1470 eo
755 1424 877 1486 quod
896 1434 960 1469 est
987 1444 996 1469 :
1020 1424 1276 1470 Concumbe
1298 1438 1484 1469 mecum.

425 1493 578 1541 CXLI.
609 1515 630 1538 ι(
653 1499 710 1540 Εῖ
732 1495 855 1540 (ledit
871 1495 1050 1539 carceris
1078 1503 1221 1538 custos
1244 1509 1461 1538 carcerem
1482 1508 1560 1553 per
1575 1508 1754 1540 manum

369 1586 391 1610 >›
418 1568 603 1627 Joseph3
631 1587 639 1611 ε
667 1585 686 1608 ›>
713 1582 791 1627 pro
813 1566 935 1626 quod
952 1575 1036 1622 est,
1062 1566 1107 1609 in
1131 1580 1286 1609 manus
1309 1565 1495 1625 Joseph‚
1522 1580 1599 1625 per
1632 1563 1758 1625 quod
1826 1565 1827 1571 ’
1867 1591 1869 1600 ι

367 1639 581 1698 significat
595 1638 642 1682 in
657 1646 887 1697 potestate.

425 1712 602 1755 CXLII.
632 1711 728 1753 «Et
750 1707 981 1752 dixerunt:
1015 1706 1243 1752 Somnium
1269 1705 1455 1752 vidimus
1472 1741 1483 1760 ,
1509 1715 1552 1755 θῖ
1581 1722 1670 1751 non
1692 1715 1756 1751 est

370 1800 391 1824 »
417 1782 494 1842 qui
517 1782 827 1839 interpretetur
854 1777 991 1822 illud⁰
1018 1797 1027 1822 ε
1058 1795 1078 1818 »
1104 1792 1207 1821 cum
1224 1777 1443 1821 somnium
1460 1793 1588 1821 suum
1614 1792 1754 1821 unus-
1824 1757 1826 1789 ³

365 1852 549 1912 quisque
582 1849 780 1904 vidisset,
818 1865 908 1893 non
929 1847 1135 1892 dixerunt
1161 1867 1170 1891 ;
1194 1848 1370 1893 Somnia
1402 1846 1615 1903 vidimus,
1650 1846 1751 1904 scd,

372 1942 394 1966 «
430 1922 656 1968 Somnium
674 1919 879 1965 vidimus.
903 1938 923 1960 »

424 1996 624 2039 CXLIII.
648 2012 668 2035 «
691 1995 791 2036 Tres
806 1990 948 2046 fundi,
966 1999 1050 2034 tres
1063 1990 1153 2034 dies
1169 1991 1315 2034 sunt¹⁰
1333 2009 1342 2034 ι
1362 2008 1382 2031 »
1400 2005 1489 2034 non
1500 1988 1609 2035 dixit
1626 2010 1634 2034 :
1653 1994 1756 2035 Tres
1824 1988 1825 1995 ’

365 2066 456 2112 dies
474 2064 732 2123 significant.
758 2065 815 2106 Et
835 2061 1026 2105 multum
1049 2061 1142 2105 haec
1160 2061 1323 2105 locutio
1345 2062 1538 2105 notanda
1565 2070 1651 2117 θεῖ,
1676 2061 1754 2105 ubi

367 2137 511 2197 aliqua
533 2133 843 2192 significantia,
875 2148 1023 2176 earum
1047 2147 1193 2175 rerum
1225 2124 1348 2192 quas'
1365 2132 1631 2190 significant,
1668 2148 1754 2176 no·-
1822 2146 1823 2167 ἢ

365 2209 483 2251 mine
501 2204 774 2266 appellantur
801 2224 809 2248 z
846 2202 949 2247 inde
969 2212 1033 2247 θεῖ
1053 2201 1174 2263 quod
1201 2202 1261 2247 ait
1281 2201 1514 2261 Apostolus
1539 2222 1547 2246 :
1579 2205 1753 2247 «Petra
1822 2220 1823 2262 j

369 2296 390 2320 »
424 2286 569 2322 autem
604 2284 695 2320 erat
723 2274 996 2329 Christus¹¹‚
1039 2291 1060 2315 »
1091 2289 1180 2318 non
1203 2273 1287 2318 ait:
1330 2276 1456 2317 Petra
1483 2272 1754 2332 significabat
1821 2283 1823 2312 ῑ

371 2348 607 2396 Christum.

414 2474 424 2490 ¹
452 2468 532 2498 Gen.
554 2474 684 2504 xxxviii,
714 2461 765 2505 14.
786 2478 828 2485 —
843 2469 855 2484 2
874 2461 955 2494 Ibid.
981 2460 1037 2494 26.
1058 2478 1099 2484 -
1130 2459 1143 2484 3
1167 2460 1213 2493 Id.
1233 2470 1341 2501 xxxix,
1361 2458 1392 2501 4.
1426 2476 1468 2482 —-
1485 2457 1503 2489 4
1524 2458 1606 2491 Ibid.
1635 2459 1668 2491 6.
1703 2475 1745 2482 -

367 2521 436 2546 -5
450 2522 532 2554 Ibid.
546 2538 588 2544 ——
610 2518 720 2552 6Ibid.
739 2531 772 2562 7.
788 2537 830 2543 -
844 2518 959 2551 71bid.
979 2534 1020 2540 -—
1038 2516 1053 2540 8
1077 2517 1158 2550 Ibid.
1179 2525 1233 2551 22.
1254 2533 1295 2540 —-
1312 2523 1329 2549 9
1345 2516 1392 2549 Id.
1412 2527 1464 2556 Χῖ,
1480 2515 1512 2547 S.
1533 2532 1575 2538 —
1596 2522 1627 2540 ¹⁰
1652 2515 1737 2549 Ibid.

374 2587 424 2610 19..
446 2594 487 2600 ——-
504 2584 531 2601 ¹¹
557 2589 567 2607 ι
592 2579 664 2609 Cor.
685 2574 763 2617 ¹23}-
