1872 3267
390 242 443 281 56
829 252 863 280 S.
901 253 1130 283 AUGUSTINI
1164 257 1343 283 EPISCOPI

392 337 410 359 »
445 333 502 361 ses
521 316 762 361 attulerunt
779 318 1049 377 demptiones
1071 320 1280 365 Domino¹
1304 340 1311 366 :
1336 338 1356 361 »
1382 320 1578 365 usitatius
1600 321 1764 366 dicere-

390 398 458 433 tur
480 407 488 431 :
515 387 665 431 Omnis
684 387 844 443 attulit,
867 404 999 448 quam
1020 391 1158 434 omnis
1178 390 1434 435 attulerunt.

444 459 682 502 CXLVIII.
714 461 807 502 «Et
827 457 945 517 apud.
966 475 1074 519 quos
1101 460 1277 506 inventa
1291 469 1394 505 sunt
1416 459 1532 520 apud
1553 475 1624 506 eos
1646 460 1766 520 ligna

389 547 410 570 »
445 528 760 588 imputribilia2
787 529 932 589 :apud
944 545 1015 575 eos
1034 550 1053 573 »
1078 547 1198 576 more
1222 532 1543 592 Scripturarum
1566 531 1765 578 additum

385 608 472 655 est,
497 615 598 643 nam
621 599 711 643 sine
734 600 816 644 hoc
833 609 942 644 esset
959 600 1088 661 plena
1109 603 1334 647 sententia.

445 672 640 716 CXLIX.
680 690 700 713 ‹<
720 674 778 715 Et
809 672 948 716 omnis
979 673 1134 716 mulier
1163 674 1330 734 sapiens
1352 682 1525 728 mente,
1564 673 1765 718 manibus

388 759 409 782 »
445 745 572 784 nere'2
605 760 613 785 :
645 760 664 782 »
691 742 813 802 quasi
839 757 942 786 nere
959 752 1102 802 posset
1118 759 1207 787 non
1228 743 1430 787 manibus
1455 763 1463 788 :
1485 752 1527 786 et
1549 762 1570 785 «
1599 743 1765 802 sapiens

388 830 408 851 ))
444 827 574 867 nere,
610 830 628 852 υ
671 811 843 871 elegans
878 822 1010 873 atque
1032 812 1233 858 inusitata
1253 813 1416 872 locutio
1451 822 1527 857 est.
1566 813 1762 869 Deinde,

388 900 408 923 »
444 883 593 927 Omnis
627 883 783 926 mulier
817 884 1058 928 attulerunt
1083 904 1091 929 ε
1120 904 1139 926 »
1165 900 1284 929 more
1309 885 1579 944 superiorum
1607 883 1768 943 plurali

386 952 664 998 concluditur
694 954 946 1013 singularis,
978 955 1082 1015 quia
1114 955 1253 1000 omnis
1281 954 1440 999 mulier
1476 954 1646 1010 attulit,
1678 955 1767 999 usi-

389 1024 514 1069 tatius
537 1024 769 1069 diceretur.
1768 1021 1770 1023 ’

443 1098 530 1140 CL.
559 1114 578 1137 ‹<
594 1099 652 1140 Et
668 1111 816 1140 omnes
830 1095 1033 1140 mulieres
1048 1096 1208 1156 quibus
1223 1097 1362 1141 visum
1380 1105 1443 1140 est
1456 1111 1585 1140 sensu
1601 1111 1696 1150 suo,
1722 1096 1767 1139 in

386 1183 408 1207 ³>
443 1168 651 1226 sapientia
682 1176 843 1211 nerunt
864 1166 974 1226 pilos
1003 1168 1226 1226 caprinos⁴
1255 1187 1263 1212 2
1292 1187 1311 1208 »
1338 1166 1581 1211 notandum
1598 1167 1769 1226 sapien-

386 1237 490 1280 tiam
518 1237 562 1280 in
589 1238 654 1281 his
682 1237 847 1281 artibus
877 1253 990 1297 saepe
1020 1236 1237 1297 appellare
1272 1238 1559 1296 Scripturam,
1597 1237 1643 1280 id
1674 1245 1764 1291 est,

385 1309 504 1354 σοφίαν.

446 1367 556 1410 CLI.
591 1385 611 1407 «
631 1368 689 1410 Et
710 1365 1043 1425 compositiones
1066 1373 1109 1408 et
1132 1364 1278 1409 oleum
1295 1365 1512 1409 unctionis
1528 1373 1572 1408 et
1586 1379 1767 1424 eompo-
1828 1382 1831 1418 g

387 1453 409 1477 )›
445 1436 644 1479 sitionem
671 1436 857 1480 incensi⁵
886 1456 893 1481 :
928 1455 946 1476 η
981 1451 1071 1479 non
1104 1435 1436 1494 compositiones
1458 1435 1623 1496 aliquas
1652 1444 1768 1478 extra
1828 1463 1830 1475 >

386 1506 598 1550 debemus
619 1505 860 1564 intelligere
887 1526 895 1550 :
921 1505 997 1549 sed
1018 1521 1118 1550 cum
1143 1505 1309 1549 dictum
1328 1514 1450 1560 esset,
1481 1524 1500 1546 «
1525 1515 1568 1549 et
1590 1520 1768 1564 compo-

389 1595 408 1617 »
444 1576 638 1629 sitiones,
669 1595 687 1616 »
723 1590 800 1634 per
824 1576 1178 1636 conjunctionem
1203 1575 1494 1635 copulativam
1522 1589 1612 1618 non
1649 1573 1768 1618 aliud

386 1645 604 1705 adjunxit,
631 1644 704 1689 sed
736 1644 853 1705 quod
890 1645 1054 1689 dixerat
1085 1646 1304 1703 exposuit,
1337 1654 1388 1688 ut
1421 1644 1626 1688 sciremus
1660 1659 1768 1704 quas

387 1717 739 1776 compositiones,
770 1735 788 1756 α
820 1715 1048 1770 etoleum,
1079 1733 1098 1755 »
1126 1715 1284 1775 inquit,
1314 1715 1567 1758 «unctionis
1587 1725 1631 1758 et
1647 1731 1768 1760 com·
1824 1742 1827 1759 ;

390 1806 409 1829 »
445 1787 707 1847 positionem
719 1785 883 1829 incensi
910 1804 918 1829 :
946 1804 966 1825 »
993 1785 1325 1844 compositiones
1349 1794 1494 1829 autem
1507 1794 1648 1842 vocat,
1665 1786 1766 1846 quia
1823 1817 1825 1822 -

387 1872 438 1903 ex
459 1857 608 1901 multis
631 1856 710 1899 ista
729 1854 927 1900 confecta
948 1864 1064 1899 suut.

446 1930 579 1972 CLII.
611 1946 629 1968 α
646 1930 703 1970 Et
721 1926 858 1970 omnis
871 1925 936 1968 vir
953 1934 995 1968 ct
1012 1923 1168 1968 mulier
1190 1940 1380 1985 quorum
1392 1925 1602 1970 afferebat
1623 1941 1771 1970 sensus

391 2017 411 2040 υ
448 2012 615 2052 eorum,
645 2006 694 2040 ut
712 1997 937 2050 intrarent,
964 2004 1006 2038 et
1032 1995 1220 2038 facerent
1241 2011 1370 2040 omne
1394 2011 1502 2055 opus
1524 1994 1772 2056 quodcum-

390 2088 410 2111 »
446 2084 532 2129 que
550 2067 756 2127 praecepit
772 2067 980 2111 Dominus
994 2101 1005 2121 ,
1032 2066 1124 2109 fieri
1146 2064 1257 2110 illud
1279 2082 1355 2126 per
1375 2069 1582 2124 Moysen,
1609 2066 1770 2111 attule-
1820 2053 1823 2099 ἶ

391 2158 411 2181 »
448 2147 550 2182 runt
568 2137 644 2180 filii
660 2136 791 2180 Israel
812 2135 1107 2195 demptionem
1131 2137 1355 2180 Dominoss.
1377 2155 1395 2177 »
1416 2140 1531 2195 Ergo
1549 2137 1688 2180 omnis
1705 2137 1771 2181 vir
1818 2154 1821 2174 ε

390 2219 433 2254 et
452 2207 624 2263 mulier,
650 2206 954 2265 intelliguntur
975 2205 1051 2250 filii
1075 2206 1222 2250 Israel.
1247 2208 1426 2251 Caeterae
1446 2206 1689 2251 locutiones
1712 2207 1770 2250 si-
1818 2225 1820 2264 ς

389 2280 511 2325 miles
533 2279 839 2339 superioribus.

448 2354 604 2396 CLIII.
637 2370 655 2391 α
683 2353 841 2394 Facere
866 2353 1019 2393 aurum
1043 2358 1086 2392 et
1108 2358 1334 2406 argentum
1358 2357 1400 2392 et
1424 2351 1505 2392 aes⁷
1540 2369 1549 2393 :
1575 2367 1594 2389 »
1618 2364 1696 2408 pro
1719 2363 1770 2392 eo
1789 2348 1794 2356 “
1816 2354 1818 2370 ²

389 2423 509 2482 quod
529 2430 591 2465 est
612 2419 751 2465 facere
774 2436 824 2463 ex
842 2435 946 2464 auro
969 2428 1011 2463 et
1033 2428 1211 2478 argento
1234 2428 1277 2463 et
1299 2434 1383 2462 aere
1402 2438 1410 2464 2
1436 2434 1526 2463 non
1546 2419 1662 2462 enim
1686 2434 1769 2462 au·

440 2526 446 2541 ¹
468 2519 565 2551 Exotl.
587 2529 684 2557 xxxv,
705 2516 758 2558 24.
781 2534 822 2540 --
842 2523 854 2538 ²
870 2514 953 2548 Ibid.
977 2532 1017 2537 -
1042 2514 1055 2538 3
1079 2515 1160 2547 lbid.
1177 2514 1230 2546 ⁷25.
1245 2531 1285 2537 -—
1302 2513 1318 2544 4
1337 2514 1416 2546 Ibid.
1438 2514 1491 2546 26.
1510 2531 1551 2537 —
1573 2512 1587 2537 5
1606 2513 1687 2545 Ibid.
1704 2514 1762 2546 28.

392 2590 432 2596 --
447 2572 461 2593 ‘²
484 2574 564 2605 Ibid-
580 2583 633 2615 29.
655 2590 695 2595 -
715 2580 727 2604 7
754 2572 836 2604 Ibid.
859 2572 910 2604 35²..
926 2570 933 2575 ’
