1872 3267
101 345 312 362 mmmm
316 344 1379 364 mmmmmmmsswmmmwmmm
1382 346 1493 364 mm

396 541 1161 608 ANNOTATIONES.

482 1033 737 1076 ANNOTATIO
759 1032 824 1089 (1)
845 1046 944 1091 pag.
967 1036 1066 1076 235.

158 1181 282 1224 Nunc
309 1188 454 1223 tamen
483 1177 622 1224 Exodi
648 1198 714 1234 vi,
737 1187 811 1233 18,
833 1179 972 1223 Caatli
994 1178 1492 1237 centum-triginta-tres

97 1265 232 1295 annos
253 1250 406 1295 vixisse
426 1250 635 1306 refertur,
656 1259 752 1294 tum
774 1250 819 1293 in
842 1249 1054 1309 Vulgata,
1080 1258 1174 1294 tum
1196 1249 1314 1310 apud
1336 1269 1437 1296 Lxx.

501 1410 760 1452 ANNOTATIO
782 1408 848 1466 (2)
868 1421 968 1467 pag.
995 1410 1096 1451 264.

155 1544 327 1590 Scilicet
361 1545 406 1588 in
436 1543 670 1590 duodecim
704 1543 903 1600 Tabulis,
931 1558 954 1588 e
982 1542 1147 1604 quibus
1176 1544 1269 1590 haec
1303 1544 1394 1605 ipsa
1422 1544 1491 1590 lex

96 1615 315 1676 profertur
338 1631 361 1661 a
384 1615 590 1663 Cicerone
610 1616 658 1660 in
678 1615 885 1661 Oratione
907 1630 988 1676 pro
1011 1614 1191 1661 Milone.

494 1754 750 1796 ANNOTATIO
773 1753 834 1809 (3)
856 1765 956 1810 pag.
985 1755 1087 1795 268.

155 1898 337 1944 Accedit
356 1898 437 1943 alia
458 1899 665 1959 expositio
684 1900 731 1942 in
748 1898 1050 1952 Quaestionum
1072 1896 1221 1942 codice
1238 1898 1492 1943 Corbeiensi

96 1980 194 2016 ante
233 1986 368 2016 annos
404 1971 576 2016 circiter
610 1971 885 2030 octingentos
913 1970 1072 2030 scripto
1102 1978 1272 2030 reperta
1303 1970 1369 2014 his
1391 1985 1491 2015 ver-

95 2043 175 2087 bis.
220 2062 240 2085 «
279 2045 337 2087 Et
369 2041 479 2086 alius
511 2057 658 2086 sensus
690 2040 859 2086 facilior
886 2060 894 2085 :
923 2043 1023 2086 Non
1055 2055 1216 2100 coques
1250 2055 1412 2098 agnum
1445 2041 1491 2085 in

99 2132 119 2154 »
152 2112 265 2157 lacte
288 2112 435 2157 matris
448 2128 558 2157 suae:
581 2112 790 2156 Parvulos
813 2110 958 2156 adhuc
977 2120 1020 2155 et
1036 2110 1261 2165 lactentes,
1283 2111 1492 2171 qualibus

98 2203 117 2225 »
152 2184 260 2228 dicit
279 2183 536 2244 Apostolus:
556 2186 642 2227 Lac
663 2182 786 2228 vobis
804 2192 958 2243 potum
983 2182 1086 2226 dedi
1109 2198 1200 2226 non
1222 2197 1380 2237 escam,
1401 2198 1493 2227 non

98 2274 116 2297 »
153 2256 297 2300 mittes
318 2256 363 2300 in
383 2270 705 2315 praeproperam
727 2255 989 2314 passionem,
1014 2263 1227 2313 tanquam
1244 2254 1417 2298 Christo
1438 2254 1493 2298 sit

97 2344 116 2368 »
153 2325 335 2381 dictum,
353 2327 430 2387 qui
453 2325 613 2370 talibus
637 2324 780 2369 adhuc
802 2324 994 2385 Discipul
1003 2325 1034 2368 is
1056 2324 1267 2384 pepercit,
1292 2340 1372 2384 pro
1396 2325 1492 2385 qui-

99 2415 120 2439 »
155 2398 237 2442 bus
253 2414 298 2442 se
318 2398 504 2442 offerens
523 2398 602 2442 ait:
623 2397 665 2441 Si
683 2412 786 2456 ergo
804 2411 873 2439 me
891 2395 1101 2457 quaeritis,
1118 2396 1242 2440 sinite
1261 2396 1340 2440 hos
1356 2396 1487 2440 abire.

98 2484 118 2508 »
154 2470 300 2528 Atque
324 2476 376 2512 ut
397 2466 715 2526 intelligeretur
744 2465 888 2511 adhuc
923 2482 998 2511 eos
1031 2465 1244 2511 invalidos
1279 2475 1322 2510 et
1348 2466 1493 2511 minus

100 2555 121 2578 »
156 2536 336 2583 idoneos
358 2536 487 2583 fuisse
509 2537 696 2598 passioni
724 2546 933 2597 tanquam
964 2552 1098 2596 agnos
1117 2537 1164 2580 in
1186 2535 1298 2582 lacte
1319 2537 1490 2593 matris,

100 2626 121 2650 »
156 2618 329 2654 secutus
376 2609 435 2655 ait
467 2608 743 2668 Evangelista
765 2628 774 2654 2
798 2611 855 2653 Ut
892 2608 1149 2668 impleretur
1180 2624 1320 2654 sermo
1361 2624 1494 2670 quem
