1872 3267
346 281 435 322 236
769 291 804 321 s.
839 291 1071 324 Aucus-rim
1101 294 1284 324 EPISCOPI

345 374 446 404 cum
467 356 654 403 Abrahae
676 357 875 403 laudaret
892 368 937 404 et
956 359 1283 405 commendaret
1303 357 1435 403 fidem
1452 392 1465 414 ‚
1491 356 1537 403 in
1553 371 1603 402 ea
1620 369 1725 417 pro-

344 429 544 474 missione
560 445 648 490 qua
664 429 883 475 Christum
906 430 1002 476 vult
1022 431 1203 490 intelligi
1217 430 1526 491 prophetatum
1540 465 1553 485 ‚
1575 427 1622 474 id
1642 438 1722 484 est,

342 516 430 562 qua
461 501 656 561 promisit
690 504 804 546 Deus
837 501 1025 547 Abrahae
1055 501 1176 564 quod
1210 501 1574 547 benedicerentur
1605 500 1652 545 in
1673 514 1726 544 eo

343 587 490 617 omnes
513 572 653 616 tribus
676 581 801 616 terrae
815 608 826 627 ,
855 591 875 614 «
901 576 993 619 Hoc
1008 583 1155 618 autem
1176 573 1273 618 dico
1288 609 1298 628 ,
1322 573 1492 633 inquit,
1513 572 1616 632 quia
1638 581 1724 617 tes-

345 662 364 684 »
400 653 640 687 tamentum
662 643 968 688 confirmatum
1000 661 1024 689 a
1052 648 1164 696 Deo,
1188 653 1286 704 post
1311 642 1653 704 quadringentos
1680 651 1725 687 et

344 732 364 755 )›
399 714 574 773 triginta
603 729 739 758 annos
768 712 881 758 facta
910 718 998 759 Lex
1024 731 1113 760 non
1133 715 1325 759 infirmat
1360 713 1416 758 ad
1452 713 1722 758 evacuandas

344 802 363 825 >›
397 785 739 844 promissiones1.
765 803 784 826 ³>
806 787 870 829 Ex
892 784 965 829 illa
983 800 1083 843 ergo
1104 786 1407 846 promissione,
1431 800 1517 845 qua
1542 793 1720 828 vocatus

339 865 403 899 est
423 856 643 900 Abraham
659 891 669 910 ‚
696 864 739 899 et
760 855 944 900 credidit
960 860 1049 901 Deo
1064 891 1075 912 ‚
1099 866 1196 917 post
1217 855 1557 916 quadringentos
1579 864 1622 899 et
1638 855 1719 899 tri-

340 927 457 984 ginta
480 941 614 971 annos
637 925 795 971 factam
817 929 976 985 Legem
1008 926 1114 971 dicit
1142 926 1373 987 Apostolus
1387 961 1397 981 ,
1422 941 1511 970 non
1534 941 1584 969 ex
1605 934 1718 969 tem-

338 1012 442 1057 pore
469 1013 557 1058 quo
580 998 716 1042 Jacob
738 998 914 1042 intravit
933 997 979 1042 in
1000 1000 1258 1058 AEgyptum.
1290 996 1454 1043 Deinde
1476 997 1605 1041 etiam
1626 997 1719 1056 ipsa

340 1067 560 1127 Scriptura
597 1067 736 1113 Exodi
772 1068 872 1112 satis
903 1068 987 1113 hoc
1008 1069 1264 1127 significavit
1290 1087 1299 1114 :
1324 1083 1415 1112 non
1437 1067 1552 1111 enim
1587 1066 1716 1112 dixit:

342 1158 363 1181 «
398 1139 616 1184 Incolatus
637 1138 827 1184 filiorum
848 1139 978 1184 Israel
994 1174 1005 1195 ,
1034 1157 1054 1181 n
1080 1154 1213 1200 quem
1240 1138 1520 1184 incoluerunt
1540 1138 1585 1182 in
1605 1147 1719 1182 terra

336 1211 529 1269 AEgypto
562 1210 665 1254 anni
702 1208 1214 1270 quadringenti-triginta
1235 1244 1247 1265 ‚
1281 1208 1358 1254 sed
1395 1218 1542 1269 aperte
1573 1207 1680 1253 dixit
1705 1227 1715 1253 :

340 1298 361 1321 «
394 1282 535 1333 Quem
551 1280 829 1325 incoluerunt
844 1281 889 1324 in
904 1289 1015 1324 terra
1032 1283 1226 1339 AEgypto
1240 1280 1346 1324 etin
1363 1288 1475 1324 terra
1492 1279 1716 1332 Chanaan,

339 1368 358 1391 »
393 1350 473 1409 ipsi
487 1360 530 1395 et
547 1360 688 1410 patres
711 1365 877 1395 eorum.
906 1368 927 1391 »
948 1354 1011 1395 Ac
1027 1365 1105 1409 per
1126 1351 1209 1394 hoc
1228 1348 1507 1394 manifestum
1521 1358 1584 1394 est
1598 1365 1719 1394 com-

335 1420 581 1480 putandum
594 1436 683 1466 esse
694 1430 865 1481 tempus
878 1421 1007 1465 etiam
1016 1420 1365 1465 Patriarcharum
1378 1420 1581 1475 Abrahae,
1600 1423 1718 1466 Isaac

335 1500 378 1535 et
413 1491 571 1547 Jacob,
611 1507 664 1536 ex
697 1507 785 1552 quo
818 1491 1082 1551 peregrinari
1111 1489 1247 1550 coepit
1281 1490 1503 1535 Abraham
1529 1489 1576 1534 in
1603 1499 1716 1535 terra

334 1562 542 1607 Chanaan
562 1582 571 1607 :
607 1561 653 1606 id
683 1571 770 1618 est,
796 1577 847 1606 ex
866 1561 940 1606 illa
961 1561 1245 1622 promissione
1262 1596 1273 1616 ‚
1297 1561 1344 1604 in
1365 1577 1451 1621 qua
1472 1562 1562 1622 ejus
1583 1560 1717 1605 fidem

334 1631 484 1676 laudat
505 1631 760 1692 Apostolus,
785 1647 925 1692 usque
947 1631 1003 1676 ad
1036 1631 1146 1676 illud
1167 1640 1339 1690 tempus
1353 1666 1364 1686 ‚
1391 1646 1479 1691 quo
1501 1631 1717 1689 ingressus

334 1711 398 1746 est
421 1702 553 1746 Israel
571 1703 616 1746 in
653 1705 911 1762 AEgyptum.
940 1704 1064 1746 Toto*
1082 1701 1245 1762 quippe
1267 1701 1347 1745 isto
1367 1709 1563 1760 tempore
1588 1716 1716 1761 pere-

335 1773 492 1832 grinati
514 1781 616 1817 sunt
650 1781 793 1832 patres
829 1772 874 1816 in
904 1781 1015 1817 terra
1042 1772 1279 1826 Chanaan,
1315 1780 1359 1815 et
1390 1769 1548 1815 deinde
1569 1786 1715 1816 semen

335 1842 467 1887 Israel
487 1843 533 1886 in
554 1845 745 1902 AEgypto
767 1862 775 1887 :
800 1858 848 1887 ac
870 1842 929 1887 sic
958 1841 1164 1901 completi
1184 1849 1286 1886 sunt
1308 1840 1715 1901 quadringenti-tri-

334 1915 451 1971 ginta
464 1913 600 1957 annia
611 1913 894 1972 promissione
907 1928 1044 1972 usque
1056 1911 1112 1956 ad
1123 1912 1287 1956 exitum
1301 1911 1431 1956 lsrael
1444 1914 1712 1970 exAEgypto,

336 1985 511 2045 quando
535 1984 648 2028 facta
672 1992 735 2027 est
758 1986 845 2027 Lex
876 1984 922 2026 in
946 1992 1094 2027 monte
1118 1983 1238 2038 Sina,
1277 1998 1376 2043 quae
1404 1997 1491 2027 non
1524 1982 1715 2027 infirmat

332 2064 641 2100 testamentum
659 2053 714 2098 ad
732 2051 999 2097 evacuandas
1022 2053 1340 2112 promissiones.

392 2127 445 2168 V.
479 2124 800 2184 Septuagcsimo
824 2139 926 2182 ergo
953 2134 997 2167 et
1017 2122 1172 2183 quinto
1194 2138 1308 2167 anno
1341 2122 1439 2168 vitae
1462 2137 1552 2166 suae
1572 2122 1712 2168 Abra·-

333 2197 435 2240 ham
452 2231 464 2250 ,
499 2195 611 2240 sicut
635 2195 856 2254 Scriptura
875 2194 1004 2249 dicit,
1036 2209 1228 2253 egressus
1249 2203 1312 2239 est
1339 2194 1385 2238 in
1412 2203 1572 2238 terram
1594 2195 1712 2239 Cha-

333 2281 445 2310 naan
456 2269 489 2322 ²,
504 2275 548 2310 et
566 2266 715 2324 genuit
736 2269 851 2310 Isaac
867 2280 968 2310 cum
982 2274 1091 2309 esset
1107 2280 1320 2309 annorum
1338 2273 1512 2308 centum
1528 2265 1560 2308 3.
1577 2264 1713 2309 Fiunt

334 2338 480 2397 itaque
500 2337 601 2381 anni
623 2336 998 2396 viginti-quinque
1017 2351 1069 2380 ex
1088 2335 1370 2395 promissione
1392 2350 1530 2395 usque
1557 2334 1612 2379 ad
1633 2350 1713 2379 na-

335 2417 427 2452 tum
443 2411 574 2452 Isaac.
589 2407 663 2451 His
678 2405 900 2451 adduntur
917 2422 1064 2451 omnes
1081 2406 1181 2450 vitae
1199 2408 1314 2450 Isaac
1325 2407 1356 2460 4,
1371 2404 1417 2449 id
1427 2414 1505 2460 est,
1517 2413 1710 2449 centum-

333 2478 577 2536 octoginta‚
603 2477 715 2521 fiunt
746 2475 924 2521 ducenti
955 2476 1177 2536 quinque:
1203 2484 1308 2519 tunc
1336 2484 1428 2519 erat
1455 2475 1590 2519 Jacob
1628 2491 1709 2519 an—

333 2564 491 2594 norum
515 2548 865 2606 centum-viginti
885 2568 896 2605 ς
919 2549 1008 2592 nati
1029 2556 1130 2591 sunt
1156 2546 1270 2591 enim
1293 2547 1566 2606 sexagenario
1585 2554 1709 2605 patre

380 2639 388 2656 ⁸
413 2633 479 2665 Gal.
499 2644 545 2675 m,
568 2644 618 2676 ¹7·
636 2649 677 2657 --
699 2639 712 2656 ²
733 2634 812 2666 Gen.
833 2643 888 2674 ¹1¹,
907 2631 940 2674 4.
955 2647 996 2656 -
1017 2629 1177 2673 ³1‹1.xx=,
1203 2629 1235 2663 5.
1253 2646 1294 2654 -
1311 2628 1327 2660 (ι
1345 2630 1391 2663 ld.
1407 2640 1505 2672 xxxv,
1525 2629 1580 2662 28.

1822 433 1833 750 f

1819 774 1826 941 5
