1872 3267
452 228 716 266 QcffisrroNi-:s
750 230 793 256 IN
826 229 1019 267 πωπω,
1056 231 1138 256 Lm.
1179 231 1252 256 vu.
1455 219 1539 255 015»

159 313 178 336 n
196 308 404 352 magnum
424 303 509 348 est,
532 294 674 354 inquit
689 293 935 352 Apostolus,
951 308 1030 351 ego
1045 303 1189 338 autem
1204 292 1302 338 dico
1316 294 1543 339 inChristo

158 384 178 407 »
203 374 246 409 et
267 366 312 409 in
334 364 567 409 Ecclesia1.
598 383 618 406 »
642 362 726 409 Sed
759 364 862 424 quia
887 364 1016 424 hujus
1043 363 1201 424 Jephte
1230 365 1389 425 conjux
1421 365 1544 423 virgo

151 451 245 481 esse
265 451 356 480 non
377 436 543 496 potuit,
568 435 615 479 in
632 449 684 479 eo
701 434 823 495 quod
839 434 926 479 filia
943 435 1088 495 potius
1109 436 1321 492 occurrit,
1340 444 1386 480 et
1406 435 1549 481 inulta

154 522 245 553 non
271 507 478 551 remansit
499 505 772 567 prohibitum
792 507 1049 551 sacrificium
1069 507 1266 552 voventis
1291 506 1486 563 audacia,
1507 516 1552 553 et

153 578 375 638 virginitas
397 578 602 624 Ecclesiae
615 578 799 637 figurata
817 587 895 622 est.
912 581 1001 624 Nec
1020 578 1227 623 abhorret
1249 595 1272 623 a
1285 593 1410 634 vero,
1431 580 1554 640 quod

153 649 256 694 filiae
277 650 454 694 nomine
484 648 639 693 eadem
666 649 934 708 significatur
954 648 1148 694 Ecclesia
1177 668 1186 694 :
1219 664 1321 694 nam
1343 651 1469 711 cujus
1491 650 1556 695 al-

154 720 288 765 terius
310 730 468 780 typum
487 719 665 778 gerebat
683 720 816 764 etiam
848 718 923 764 illa
953 719 1133 776 mulier,
1161 720 1234 765 cui
1261 729 1361 781 post
1391 729 1553 766 tactam

156 791 375 836 fimbriam
393 805 517 835 suam
537 800 720 846 sanatae,
753 791 812 835 ait
833 791 1046 835 Dominus
1074 810 1083 836 ε
1117 810 1137 833 «
1174 790 1283 836 Filia
1301 827 1311 847 ,
1346 791 1455 836 fides
1477 801 1552 837 tua

156 879 177 903 »
197 872 241 907 te
263 861 428 907 salvam
450 860 553 906 fecit
566 897 577 918 ,
602 861 713 907 vade
732 862 779 905 in
797 876 906 922 pace
919 864 961 906 ²?
986 880 1006 903 »
1033 865 1090 906 Et
1110 870 1250 918 certe,
1265 861 1385 906 unde
1402 862 1551 908 nullus

156 933 361 992 ambigit,
386 933 631 993 Discipulos
662 947 762 978 suos
785 932 876 993 ipse
898 933 1043 993 sponsi
1076 933 1188 978 filios
1212 933 1473 994 appellavit,
1506 949 1551 979 se

153 1004 423 1065 apertissime
456 1003 654 1049 indicans
681 1018 890 1065 sponsum
918 1022 928 1048 z
959 1023 980 1047 «
1018 1007 1116 1050 Non
1143 1013 1327 1065 possunt
1343 1040 1354 1060 ,
1380 1005 1550 1066 inquit,

155 1094 175 1117 »
195 1077 395 1137 jejunare
415 1074 493 1119 filii
515 1074 663 1135 sponsi
683 1074 882 1136 quandiu
904 1090 1007 1120 cum
1033 1074 1118 1120 illis
1147 1084 1212 1120 est
1240 1091 1448 1136 sponsus:
1472 1090 1551 1121 ve-

155 1163 175 1187 »
199 1147 322 1190 nient
345 1155 491 1190 autem
507 1145 598 1190 dies
616 1161 717 1190 cum
744 1144 967 1190 auferetur
989 1145 1045 1190 ab
1067 1146 1127 1190 eis
1145 1161 1348 1206 sponsus,
1376 1155 1419 1192 et
1445 1157 1552 1193 tunc

155 1236 175 1259 »
195 1218 504 1279 jejunabunt?
528 1235 548 1259 »
570 1216 908 1262 Holocaustoma
927 1233 1030 1277 ergo
1057 1219 1140 1262 erit
1174 1219 1388 1275 Ecclesia,
1419 1235 1553 1280 quam

151 1289 360 1347 virginem
382 1298 545 1333 castam
574 1288 729 1333 beatus
759 1288 994 1348 Apostolus
1018 1287 1258 1348 appellat4,
1293 1289 1474 1351 quando
1504 1291 1552 1335 in

152 1362 466 1406 resurrectione
495 1369 772 1406 mortuorum
796 1361 872 1405 fiet
895 1361 941 1405 in
954 1361 1178 1417 universa,
1196 1361 1318 1422 quod
1341 1362 1551 1423 scriptum

149 1442 247 1479 est:
278 1452 299 1476 ι(
322 1433 540 1493 Absorpta
571 1442 636 1478 est
663 1448 778 1478 mors
813 1432 860 1476 in
898 1433 1169 1478 victoriam5.
1201 1452 1221 1475 »
1251 1436 1372 1479 Tunc
1406 1434 1550 1480 tradet

150 1520 335 1565 regnum
348 1508 439 1549 Deo
457 1513 500 1548 et
514 1504 812 1558 Patri,«Quod
825 1519 1009 1563 regnum
1021 1504 1112 1563 ipsa
1125 1504 1318 1549 Ecclesia
1337 1514 1415 1562 est,
1439 1524 1459 1547 »
1476 1521 1549 1551 rex

148 1577 240 1636 ipse
257 1575 382 1636 cujus
403 1576 589 1634 figuram
607 1588 768 1619 vovens
785 1573 859 1618 ille
877 1574 1086 1633 gestabat.
1111 1575 1196 1620 Sed
1215 1575 1423 1635 quoniam
1443 1586 1551 1622 tunc

150 1648 240 1703 fiet,
257 1661 359 1691 cum
372 1645 589 1706 completa
611 1645 745 1690 fuerit
762 1654 880 1690 sexta
902 1653 1005 1690 aetas
1017 1644 1181 1702 saeculi,
1206 1645 1308 1691 ideo
1329 1648 1550 1706 sexaginta

149 1718 320 1762 dierum
350 1733 373 1761 a
409 1717 658 1775 virginitate
690 1716 842 1761 dilatio
884 1717 1102 1776 postulata
1136 1727 1214 1762 est.
1252 1720 1317 1762 Ex
1345 1719 1549 1766 omnibus

149 1789 314 1850 quippe
337 1788 539 1832 aetatibus
554 1787 745 1833 Ecclesia
767 1797 1074 1848 congregatur.
1093 1791 1292 1842 Quarum
1306 1789 1445 1849 prima
1465 1801 1545 1848 est,

151 1861 206 1905 ab
229 1859 371 1905 Adam
393 1874 534 1920 usque
557 1858 613 1903 ad
636 1857 852 1904 diluvium
881 1877 890 1903 ε
915 1858 1107 1904 secunda
1125 1876 1148 1904 a
1172 1859 1339 1905 diluvio
1355 1897 1366 1916 ,
1391 1861 1437 1906 id
1460 1872 1546 1918 est,

150 1934 278 1977 aNoe
296 1946 438 1992 usque
471 1930 783 1975 ad*Abraham
808 1950 817 1976 :
846 1931 973 1976 tertia
1005 1931 1059 1975 ab
1082 1931 1304 1976 Abraham
1326 1947 1465 1994 usque
1494 1933 1549 1978 ad

150 2003 289 2048 David
310 2022 319 2048 :
346 2012 502 2064 quarta
517 2018 548 2047 a
562 2001 702 2047 David
716 2018 856 2064 usque
878 2003 933 2047 ad
955 2004 1381 2063 transmigrationem
1398 2004 1445 2048 in
1462 2006 1548 2050 Ba-

150 2074 378 2134 byloniam
402 2094 411 2119 :
438 2074 591 2136 quinta
614 2074 668 2118 ab
699 2075 781 2119 hac
802 2074 1180 2133 transmigratione
1202 2090 1342 2136 usque
1372 2074 1427 2120 ad
1444 2076 1548 2120 Vir-

151 2145 260 2206 ginis
282 2154 457 2205 partum
480 2165 488 2190 :
514 2154 629 2189 sexta
651 2144 753 2189 inde
773 2160 913 2207 usque
930 2146 975 2189 in
990 2146 1118 2206 hujus
1136 2146 1281 2190 saeculi
1297 2146 1447 2190 finem.
1466 2150 1549 2193 Per

150 2233 257 2278 quas
279 2233 351 2261 sex
372 2226 519 2262 aetates
542 2227 750 2278 tanquam
781 2233 860 2277 per
882 2218 1099 2277 sexaginta
1125 2217 1215 2262 dies
1242 2218 1364 2263 flevit
1396 2228 1544 2264 sancta

149 2290 272 2348 virgo
300 2289 492 2334 Ecclesia
519 2288 746 2348 virginalia
769 2305 844 2334 sua
871 2309 878 2334 :
915 2291 1016 2350 quia
1053 2289 1154 2334 licet
1184 2289 1434 2349 virginalia,
1473 2299 1543 2336 ta-

150 2377 253 2406 men
270 2361 445 2405 fuerant
461 2370 638 2421 peccata
659 2360 860 2405 deflenda
878 2383 888 2419 3
914 2371 1092 2421 propter
1112 2377 1212 2421 quae
1235 2362 1435 2406 universa
1453 2363 1546 2422 ipsa

156 2432 288 2490 Virgo
303 2441 394 2476 toto
414 2432 520 2476 orbe
543 2431 701 2475 diffusa
718 2430 917 2492 quotidie
940 2432 1045 2477 dicit
1068 2452 1076 2477 :
1098 2452 1117 2474 «
1138 2433 1318 2477 Dimitte
1333 2433 1459 2478 nobis
1482 2433 1555 2479 de-

203 2535 212 2550 ¹
232 2530 319 2560 Gen.
339 2539 381 2569 11,
410 2527 474 2569 243
503 2532 537 2560 et
565 2527 679 2570 Ephcs.
708 2539 752 2568 v,
779 2527 833 2559 3¹2.
865 2545 901 2550 —
920 2535 931 2550 ²
951 2528 1062 2562 Matth.
1090 2540 1140 2571 ix,
1171 2529 1200 2561 5.
1229 2547 1270 2552 —
1291 2527 1404 2562 31bid.
1434 2530 1483 2562 15.
1504 2546 1546 2553 ——·

156 2582 170 2605 s·
195 2592 226 2614 ¹2.
249 2585 320 2616 Cor.
337 2594 385 2624 xr,
404 2592 434 2615 2.
458 2601 497 2605 —-
517 2581 532 2605 5
554 2595 565 2615 1
588 2585 659 2615 Cor.
677 2594 732 2623 xv,
752 2581 808 2624 54,
829 2588 860 2616 et
876 2595 966 2616 xxiv.
