1872 3267
252 276 520 317 QUAESTIONES
552 279 598 307 nv
630 275 1038 319 οΕυτΕποΝοΜωΜ,
1074 280 1156 308 Lm.
1193 281 1236 308 v.
1357 264 1436 307 491

55 346 281 393 Dominus.
305 364 326 387 η
353 348 467 391 Cum
489 345 604 389 enim
625 345 720 389 haec
736 344 869 390 verba
892 343 1055 391 diceret
1083 345 1315 402 Dominus,
1346 361 1447 407 quae

54 427 371 480 consequenter
402 433 453 462 ex
474 416 691 477 Decalogo
713 427 871 462 cuncta
899 426 1236 473 commemorat,
1262 426 1369 463 tunc
1388 419 1445 463 ti-

53 490 165 536 muit
185 488 380 550 populus
402 505 425 533 a
443 488 552 533 facie
565 488 691 546 ignis,
714 497 756 532 ct
778 504 868 533 non
892 489 1085 534 ascendit
1103 489 1148 533 in
1166 498 1378 544 montem,
1403 498 1447 534 et

53 560 224 621 rogavit
245 570 295 605 ut
311 576 388 620 per
405 563 588 618 Moysen
606 560 750 619 potius
772 561 905 605 verba
925 561 1096 606 Domini
1113 559 1325 605 audiret¹.

115 635 197 677 ΙΙΙ.
223 635 331 686 Quae
356 632 486 676 verba
505 635 676 690 Moyses
705 641 1018 677 commemorat
1038 632 1084 676 in
1106 632 1447 676 Deuteronomio

53 703 169 749 dicta
191 703 273 748 sibi
295 720 318 748 a
337 702 502 763 populo
518 739 528 759 ,
565 719 665 748 cum
690 703 840 748 audire
863 705 953 765 jam
973 703 1143 748 nollent
1164 717 1318 748 vocem
1342 703 1445 759 Dei,

53 773 129 819 sed
149 788 226 833 per
247 788 349 817 eum
371 783 567 833 peterent
588 774 669 818 sibi
695 774 778 819 dici
802 791 900 835 quae
921 773 1094 818 dicebat
1116 777 1230 818 Deus
1246 809 1257 829 ,
1288 772 1335 817 id
1357 782 1444 818 est:

58 862 79 887 ι(
112 846 226 888 Ecce
245 843 433 889 ostendit
446 845 653 889 Dominus
670 848 785 889 Deus
802 855 948 889 noster
963 845 1092 889 nobis
1106 844 1288 904 gloriam
1306 856 1445 899 suam,

55 932 78 958 »
112 925 156 960 et
184 931 334 961 vocem
368 917 460 976 eJ'us
498 915 743 961 audivimus
771 932 794 960 e
822 916 969 961 medio
1000 917 1110 976 ignis
1123 920 1156 972 2,
1188 925 1232 960 et
1252 925 1409 960 caetera
1435 934 1444 960 :

53 1001 144 1031 non
165 985 318 1030 eadem
335 1001 511 1047 prorsus
533 986 740 1045 leguntur
767 987 811 1031 in
834 988 987 1032 Exodo
1001 1023 1012 1043 ,
1038 988 1113 1031 ubi
1134 988 1326 1048 primum
1348 1000 1449 1030 nar-

53 1066 144 1101 rata
156 1066 272 1112 sunt,
290 1073 390 1118 quae
405 1056 538 1102 modo
558 1066 832 1117 repetuntur.
860 1057 985 1102 Unde
998 1057 1307 1116 intelligamus,
1329 1056 1451 1118 quod

55 1128 283 1189 aliquoties
302 1130 391 1190 jam
416 1130 779 1184 commemoravi,
806 1145 896 1174 non
925 1145 1016 1174 esse
1038 1130 1084 1173 in
1113 1129 1342 1174 mendacio
1377 1128 1451 1173 de-

55 1198 302 1261 putandum
319 1235 329 1254 ‚
369 1200 403 1244 si
437 1199 528 1244 aliis
562 1200 834 1260 quibuslibet
868 1202 1012 1245 verbis
1056 1201 1208 1245 eadem
1247 1201 1450 1245 voluntas

53 1269 371 1326 manifestatur,
407 1279 585 1330 propter
607 1271 980 1329 Evangelistarum
1005 1272 1133 1316 etiam
1160 1272 1322 1326 verba,
1350 1286 1452 1331 quac

56 1340 111 1385 ab
138 1341 349 1401 imperitis
371 1340 646 1385 calumniosis
671 1351 878 1402 tanquam
901 1341 1189 1400 repugnantia
1212 1342 1450 1401 reprehen-

55 1411 237 1455 duntur.
265 1413 417 1471 Neque
439 1412 557 1455 enim
587 1426 795 1470 magnum
816 1422 909 1456 erat
929 1412 1069 1470 Moysi
1105 1411 1329 1456 attendere
1351 1427 1451 1472 quae

55 1482 100 1526 in
116 1481 268 1526 Exodo
290 1482 530 1541 scripserat,
551 1491 594 1526 et
611 1480 770 1525 eisdem
790 1483 970 1527 omnino
985 1482 1126 1526 verbis
1144 1482 1215 1526 illa
1237 1491 1447 1542 repetere,

57 1552 137 1597 nisi
160 1553 396 1612 pertineret
425 1551 478 1596 ad
501 1562 671 1597 sanctos
698 1552 896 1597 doctores
920 1563 1088 1600 nostros
1111 1554 1195 1597 hoc
1218 1553 1360 1613 ipsum
1384 1553 1451 1596 in·-

56 1624 229 1668 sinuare
250 1622 540 1677 discentibus,
574 1632 623 1667 ut
651 1623 760 1667 nihil
783 1623 903 1667 aliud
924 1624 968 1668 in
1001 1624 1143 1668 verbis
1174 1623 1450 1684 loquentium

57 1704 257 1756 quaerant
272 1730 283 1749 ,
326 1695 407 1739 nisi
442 1694 714 1740 voluntatem
748 1704 929 1755 propter
967 1711 1098 1756 quam
1134 1695 1452 1740 enuntiandam

57 1767 191 1811 verba
212 1766 411 1811 instituta
432 1774 548 1810 sunt.

592 1878 829 1928 QUAEsrlo
861 1879 928 1919 xr.

120 1982 236 2034 Qum
260 1989 324 2024 est
349 1980 470 2040 quod
495 1979 553 2024 ait
577 1982 748 2037 Moyses
784 1980 951 2025 dictum
985 1976 1066 2025 sibi
1097 1995 1188 2025 esse
1217 1997 1240 2025 a
1268 1979 1455 2025 Domino

62 2049 117 2096 de
137 2050 302 2111 populo
326 2051 513 2095 Hebraeo
537 2069 546 2094 ;
572 2051 677 2104 Quis
699 2050 822 2095 dabit
844 2067 934 2096 esse
952 2052 1012 2096 sic
1029 2067 1104 2097 cor
1120 2067 1272 2097 eorum
1296 2057 1342 2096 in
1364 2052 1423 2096 eis
1441 2087 1452 2108 ,

65 2140 86 2165 »
120 2132 170 2167 ut
192 2124 372 2167 timeant
395 2139 486 2177 me,
512 2132 555 2167 et
577 2123 825 2168 custodiant
846 2124 1051 2169 mandata
1073 2126 1229 2169 meass?
1249 2142 1269 2165 i>
1291 2127 1361 2169 An
1383 2124 1455 2168 hic

57 2194 148 2255 jam
167 2193 263 2238 vult
284 2193 491 2253 intelligi,
523 2194 658 2252 gratia
682 2210 757 2238 sua
782 2195 964 2239 concedi
987 2196 1070 2240 hoc
1093 2195 1377 2249 beneficium,
1406 2204 1455 2239 ut

21 2263 25 2271 '
63 2265 116 2308 sit
135 2265 181 2308 in
210 2265 461 2308 hominibus
491 2264 658 2324 justitia
683 2266 760 2310 Dei
793 2281 845 2310 ex
869 2265 978 2320 fide,
1014 2283 1103 2310 non
1134 2266 1256 2326 quasi
1281 2266 1454 2325 propria

65 2334 183 2380 velut
204 2352 257 2380 ex
279 2338 422 2395 Lege?
445 2338 538 2379 Hoc
556 2335 671 2379 enim
696 2345 738 2380 et
752 2352 828 2396 per
851 2337 1112 2396 Prophetam
1133 2337 1372 2395 significat,
1393 2335 1456 2380 di—

65 2420 164 2450 cens
198 2426 207 2452 :
246 2426 266 2449 «
292 2407 500 2452 Auferam
521 2406 579 2450 eis
608 2422 683 2450 cor
703 2405 948 2466 lapideum,
975 2416 1019 2452 et
1040 2406 1156 2451 dabo
1179 2408 1238 2452 eis
1261 2423 1336 2452 cor
1358 2423 1455 2451 car-

8 2474 23 2551 ''
69 2494 89 2517 υ
124 2493 254 2522 neum
269 2479 300 2521 4.
329 2497 349 2519 »
375 2477 504 2531 Quod
522 2487 700 2538 propter
722 2493 894 2522 sensum
911 2477 1078 2522 dictum
1097 2488 1176 2533 est,
1201 2494 1332 2539 quem
1354 2493 1456 2523 caro

115 2581 122 2596 ¹
149 2575 245 2606 Exod.
264 2586 317 2616 xx,
338 2575 391 2617 18,
415 2586 464 2617 ¹9·
487 2593 527 2598 —
547 2582 559 2598 ²
580 2578 673 2607 Dent.
693 2585 711 2606 v
726 2601 733 2612 ,
754 2574 809 2616 24.
830 2592 870 2597 ——
888 2574 1136 2617 ³1bid.29.-—
1156 2574 1171 2605 4
1191 2576 1306 2608 Ezech.
1328 2582 1372 2618 x'i,
1392 2587 1454 2619 19,

20 2643 24 2649 v
69 2634 101 2661 ct
121 2641 225 2672 xxxvi,
249 2632 302 2663 ⁴20.
