1872 3267
335 312 601 351 Qtffis‘riones
633 313 677 340 IN
712 312 974 351 LEvi'ricrm,
1013 315 1092 340 Lis.
1131 315 1194 340 ιιι.
1370 301 1454 341 349

67 378 255 434 caeteris,
280 394 380 439 quae
406 377 497 423 solo
521 376 638 423 dicto
661 393 750 423 non
768 387 989 423 tenentur.
1013 378 1082 424 Sic
1100 393 1203 436 ergo
1221 378 1454 438 accipiatur

69 458 276 509 tanquam
308 448 474 494 dictum
502 449 575 492 sit:
617 467 638 491 «
673 448 831 493 Anima
864 465 962 509 quae
990 449 1221 509 juraverit,
1245 448 1455 493 definiens

69 539 90 559 w
124 519 246 564 labiis
270 518 526 564 malefacere
548 528 622 564 aut
644 517 900 564 benefacere
923 518 1164 565 seeundum
1187 519 1332 563 omnia
1355 535 1455 580 quae

69 609 89 630 »
124 590 341 635 definierit
362 591 496 636 homo
513 605 615 635 cum
631 589 932 650 jurejurando,
949 599 991 634 et
1012 589 1190 634 latuerit
1212 605 1336 644 eum,
1363 609 1383 631 »
1410 589 1454 634 id

65 670 146 716 est,
167 661 362 706 nesciens
384 660 635 706 faciendum
661 676 751 706 esse
772 661 842 705 vel
864 677 954 705 non
976 659 1225 705 faciendum
1246 660 1457 719 juraverit

66 730 232 777 facere:
257 751 278 775 «
303 734 361 776 Et
381 731 424 776 id
448 732 716 790 cognoverit,
742 741 785 776 et
807 731 1051 792 peccaverit
1079 745 1219 775 unum
1242 746 1293 775 ex
1313 731 1402 785 his,
1432 750 1451 772 η

65 803 153 847 sive
181 802 283 863 quia
310 803 475 863 juravit
503 811 739 863 antequam
771 811 1071 860 cognosceret,
1103 801 1192 846 sive
1220 801 1320 862 quia
1353 799 1456 845 fecit

65 871 187 933 quod
202 873 380 933 juravit,
402 881 446 917 et
461 873 666 930 cognovit
684 882 834 932 postea
857 872 958 933 quia
980 887 1070 917 non
1095 870 1178 916 fuit
1206 870 1455 915 faciendum

67 959 209 1004 neque
238 943 504 1004 jtlrandum:
547 963 568 986 α
608 946 665 988 Et
704 942 924 988 confessus
957 941 1090 987 fuerit
1117 951 1345 1002 peccatum
1378 957 1456 1002 pro

70 1033 90 1054 »
125 1030 214 1075 quo
237 1015 449 1074 peccavit,
473 1033 492 1056 »
517 1013 564 1058 id
582 1024 660 1070 est,
686 1023 930 1074 peccatum,
954 1013 1075 1074 quod
1091 1013 1313 1073 peccavit:
1334 1012 1457 1057 locu-

70 1085 127 1130 tio
143 1094 207 1130 est
234 1086 367 1130 enim.
398 1085 528 1138 Quod
558 1095 706 1130 autem
730 1084 920 1140 addidit,
950 1105 970 1127 «
996 1085 1213 1129 Adversus
1240 1084 1404 1143 ipsum,
1433 1102 1452 1123 »

67 1155 174 1217 quid
197 1155 468 1214 intelligitur,
490 1156 570 1200 nisi
592 1155 796 1200 adversus
817 1155 960 1214 ipsum
982 1164 1212 1215 peecatum
1235 1154 1457 1199 confessus

67 1224 221 1281 fuerit,
252 1225 299 1270 id
332 1235 417 1282 est,
453 1225 704 1271 confitendo
750 1235 981 1286 peccatum
1016 1225 1311 1271 accusaverit?
1345 1244 1364 1267 «
1402 1228 1459 1269 Et

71 1316 90 1339 »
126 1297 281 1342 offeret
312 1312 392 1356 pro
423 1296 472 1340 iis
494 1312 593 1356 quae
618 1296 804 1357 deliquit
832 1296 1036 1351 Domino,
1058 1311 1138 1356 pro
1169 1305 1346 1356 peccato
1369 1311 1458 1356 quo

72 1387 90 1409 »
127 1367 336 1428 peccavit,
354 1367 586 1411 foeminam
609 1367 665 1411 ab
687 1366 841 1412 ovibus
867 1369 1065 1426 agnan11.
1095 1386 1114 1407 »
1142 1366 1305 1412 Usitata
1331 1366 1456 1411 locu-

71 1439 185 1484 tione
212 1458 231 1480 «
259 1454 417 1498 agnam
434 1437 664 1483 foeminam
682 1457 702 1480 >›
728 1438 849 1494 dicit,
875 1438 998 1499 quasi
1015 1439 1149 1498 possit
1166 1454 1254 1483 esse
1273 1454 1362 1482 non
1381 1437 1460 1482 foe-

69 1510 206 1554 mina:
228 1529 246 1551 «
265 1518 341 1554 aut
355 1525 529 1569 capram
548 1508 602 1553 de
619 1510 774 1570 capris,
794 1528 814 1551 »
832 1510 944 1554 sicut
960 1529 980 1551 «
997 1524 1154 1568 agnam
1173 1508 1227 1553 de
1246 1510 1415 1565 ovibus,
1437 1528 1456 1549 »

69 1580 193 1641 quasi
224 1580 360 1657 possit
391 1595 481 1624 esse
504 1589 578 1624 aut
601 1594 709 1638 agna
737 1580 816 1624 nisi
847 1579 901 1624 de
924 1579 1095 1635 ovibus,
1117 1589 1193 1624 aut
1221 1596 1350 1639 capra
1379 1579 1460 1624 nisi

69 1650 124 1696 de
146 1651 299 1710 capris.
337 1649 558 1697 Nonnulla
592 1659 738 1695 autern
760 1650 945 1710 quaestio
972 1659 1056 1706 est,
1083 1650 1170 1695 imo
1193 1666 1281 1695 non
1304 1666 1458 1710 paravi,

10 1721 177 1782 ¹quid
199 1721 252 1765 sit
270 1720 391 1782 quod
412 1720 582 1765 assidue
601 1720 731 1765 dicit:
761 1739 781 1763 «
808 1725 910 1766 Post
926 1721 1010 1766 hoc
1029 1731 1175 1765 autem
1192 1723 1458 1780 cognovelit,

73 1810 93 1833 υ
129 1804 168 1836 et
189 1792 466 1853 deliquerit:
511 1811 528 1835 ι)
559 1792 683 1853 quasi
710 1802 816 1837 tunc
847 1793 923 1837 fiat
949 1792 1181 1849 delictum,
1207 1809 1307 1838 cum
1332 1793 1464 1838 fuerit

70 1863 310 1922 cognitum.
337 1866 407 1908 An
426 1863 572 1923 potius
595 1864 698 1924 quia
724 1863 807 1907 nisi
833 1880 912 1924 pro
935 1865 1108 1922 cognito
1133 1865 1232 1909 satis
1254 1865 1347 1908 ficri
1373 1881 1463 1910 non

73 1936 242 1995 potest?
268 1934 343 1978 sed
367 1950 457 1979 non
472 1935 552 1978 ait:
575 1954 594 1976 «
611 1938 714 1979 Post
725 1935 809 1980 hoc
826 1945 971 1979 autem
989 1936 1242 1994 cognoverit
1260 1945 1302 1980 et
1317 1936 1462 1996 poeni-

74 2006 204 2050 tuerit
225 2021 324 2050 eum
342 2024 351 2050 ;
375 2024 395 2047 »
413 2004 521 2066 quid
543 2021 649 2065 ergo
668 2015 752 2060 est,
769 2025 788 2047 «
807 2010 909 2051 Post
922 2007 1005 2050 hoc
1018 2006 1269 2065 cognoverit
1291 2015 1334 2050 et
1352 2005 1462 2050 deli-

75 2095 95 2118 »
129 2075 289 2137 querit,
313 2095 333 2117 »
366 2076 448 2120 nisi
470 2085 568 2136 post
593 2076 888 2136 cognitionem
918 2076 1173 2138 deliquerit,
1199 2086 1248 2121 ut
1269 2077 1303 2120 si
1326 2078 1464 2122 sciens

73 2146 223 2192 fecerit
240 2146 362 2207 quod
388 2146 639 2191 faciendum
666 2163 756 2192 non
784 2157 915 2203 esset,
943 2157 1049 2193 tunc
1081 2147 1239 2193 delicto
1262 2149 1464 2208 purgatio

74 2217 315 2262 debeatur?
341 2218 428 2263 Sed
449 2233 540 2262 non
561 2219 619 2262 ita
642 2218 908 2278 praelocutus
930 2229 1008 2263 est.
1031 2221 1092 2263 Ea
1111 2219 1274 2279 quippe
1290 2219 1464 2264 videtur

75 2288 229 2348 exequi
255 2298 432 2348 peccata
461 2305 561 2349 quae
591 2289 645 2333 ab
675 2289 1002 2348 ignorantibus,
1029 2298 1072 2334 et
1104 2305 1180 2349 per
1215 2290 1298 2334 hoc
1333 2306 1356 2334 a
1381 2306 1463 2334 no-

75 2358 285 2416 lentibus,
311 2360 662 2405 committuntur.
688 2360 897 2406 Fortassis
920 2377 1022 2420 ergo
1046 2360 1191 2422 aliquo
1217 2377 1373 2421 genere
1394 2362 1463 2406 lo-

75 2431 259 2476 cutionis
281 2450 300 2473 «
320 2430 554 2492 deliquerit
574 2450 594 2473 »
620 2431 788 2476 dictum
811 2441 889 2487 est,
908 2431 1116 2476 delictum
1134 2448 1223 2476 esse
1245 2431 1458 2477 didicerit.

77 2506 143 2547 An
156 2503 301 2563 potius
317 2518 528 2549 converso
547 2503 700 2549 ordine
719 2503 887 2549 dictum
907 2506 999 2562 est(
1007 2505 1110 2565 quia
1125 2514 1168 2548 et
1189 2503 1289 2548 talia
1308 2520 1464 2562 genera

77 2571 308 2619 locutionis
342 2574 476 2619 habet
518 2575 768 2634 Scriptura)
800 2573 921 2634 quod
958 2590 1034 2634 per
1068 2574 1148 2619 alia
1181 2573 1276 2619 loca
1309 2575 1463 2620 similia

125 2666 133 2683 ¹
151 2658 254 2694 Levit.
280 2670 315 2701 v,
334 2659 367 2693 6.
392 2677 433 2684 --
450 2668 463 2685 ²
484 2661 565 2694 Ibid.
589 2661 619 2694 3.
