1872 3267
320 228 586 266 QUAESTIONES
617 229 662 256 m
694 227 920 264 NUMEROS,
956 229 1038 256 Lm.
1075 227 1132 255 ιν.
1336 214 1415 255 441

12 326 13 336 ¹
41 317 61 341 »
97 298 209 351 tur¹‚
237 315 257 338 »
284 295 392 357 quid
413 295 572 341 dicturi
594 305 696 340 sunt
714 295 759 339 in
777 311 827 340 eo
845 297 965 356 quod
981 296 1189 356 seriptum
1213 303 1292 350 est,
1322 295 1421 355 Spi-

12 396 14 429 5
39 369 144 414 ritus
165 367 272 413 Eliae
294 367 508 428 requievit
527 382 655 427 super
676 366 1046 412 Elisaeun2²1³eu1n
1066 367 1156 427 jam
1179 365 1251 410 ille
1270 366 1423 426 utique

11 439 218 485 haberet
239 440 427 484 animam
459 454 579 483 suam
607 458 615 484 :
648 439 728 483 nisi
762 439 865 499 quia
898 437 1065 483 dictum
1097 446 1161 481 est
1183 436 1236 481 de
1262 437 1423 496 Spiritu

12 511 139 566 Dei,
180 520 229 555 ut
263 511 393 555 etiam
426 526 502 571 per
532 509 656 554 illum
690 519 957 570 operaretur,
996 508 1140 570 qualia
1173 523 1250 568 per
1279 507 1420 552 Eliam

12 610 14 633 :
35 582 317 643 operabatur3
345 598 435 627 non
457 582 512 627 ab
534 580 610 627 illo
626 580 829 626 recedens
847 616 857 632 ‚
882 591 931 625 ut
951 580 1082 625 istum
1100 588 1245 640 posset
1266 578 1422 638 imple-

12 641 14 689 ἶ
35 669 102 711 re,
119 663 193 699 aut
211 653 461 714 dispertitus
484 654 628 698 minus
651 663 759 698 esset
782 653 826 697 in
844 653 940 709 illo,
967 661 1017 696 ut
1039 660 1183 712 posset
1203 666 1255 694 ex
1278 649 1421 710 aliqua

12 738 14 782 g
35 735 157 786 parte
179 734 222 769 et
243 725 287 769 in
309 726 390 770 isto
408 740 512 770 esse.
539 728 653 769 Deus
677 734 740 769 est
762 725 876 768 enim
901 723 975 784 qui
997 722 1131 783 possit
1148 737 1237 766 esse
1259 722 1302 765 in
1326 737 1421 765 om-

12 796 163 842 nibus
185 805 353 850 tantus,
378 797 424 840 in
446 796 606 857 quibus
628 812 705 856 per
734 796 852 840 illam
882 795 1064 854 gratiam
1098 809 1188 839 esse
1215 791 1418 838 voluerit.

14 919 15 922 Ἰ
34 870 160 914 Nune
181 877 327 912 autem
350 883 451 912 cum
464 868 525 912 ita
547 867 755 927 scriptum
777 867 850 911 sit:
876 869 970 910 «Et
987 865 1181 910 auferam
1198 863 1253 908 de
1270 864 1424 924 spiritu

14 928 15 932 ¹
38 955 59 981 »
93 939 170 1000 qui
191 948 255 983 est
282 954 412 999 super
437 948 500 994 te,
529 956 549 980 »
576 953 656 982 nec
679 938 845 983 dietum
867 938 942 993 sit,
973 956 993 979 «
1018 939 1079 981 De
1096 936 1250 996 spiritu
1270 945 1344 979 tuo
1360 970 1370 989 ,
1399 953 1419 976 »

14 1007 201 1054 facilior
226 1019 289 1054 est
311 1008 529 1054 absolutio
551 1009 802 1070 quaestionis
830 1028 838 1053 ;
874 1008 977 1069 quia
998 1006 1281 1066 intelligimus
1315 1005 1425 1050 nihil

36 1079 156 1125 aliud
183 1083 325 1125 Deum
357 1080 597 1140 significare
631 1079 844 1134 voluisse,
880 1079 961 1123 nisi
997 1094 1047 1123 ex
1081 1077 1232 1122 eodem
1265 1077 1422 1137 Spiritu

14 1146 17 1224 l
36 1151 182 1210 gratiae
200 1150 295 1195 illos
316 1166 494 1212 quoque
515 1151 742 1195 habituros
764 1149 1045 1211 adjutorium,
1063 1165 1113 1193 ex
1127 1165 1215 1210 quo
1234 1148 1425 1193 habebat

15 1223 234 1291 Moyses,
254 1230 305 1265 ut
327 1230 370 1265 et
391 1222 459 1265 isti
482 1221 698 1266 haberent
719 1230 934 1282 quantum
957 1224 1070 1266 Deus
1086 1220 1217 1265 vellet
1231 1255 1242 1275 ,
1264 1235 1353 1264 non
1377 1227 1426 1265 ut

16 1326 18 1342 ³
35 1291 133 1338 ideo
154 1296 325 1352 Moyses
343 1293 487 1338 minus
508 1293 704 1338 haberet.

547 1390 784 1441 QUAESTIO
815 1392 919 1431 xlx.

12 1609 13 1614 ,
37 1581 59 1607 »
93 1579 189 1608 sum
221 1565 266 1608 in
287 1564 411 1624 ipsis3
446 1573 490 1608 et
511 1573 561 1608 tu
581 1563 724 1609 dixisti
756 1584 765 1609 :
791 1567 952 1610 Carnes
980 1564 1096 1610 dabo
1123 1566 1204 1621 eis,
1230 1575 1273 1610 et
1294 1565 1426 1611 edent

37 1653 58 1677 »
92 1651 240 1679 menso
262 1635 448 1679 dierum.
468 1635 695 1696 Numquid
710 1651 809 1680 oves
827 1645 870 1680 et
886 1636 1019 1681 boves
1041 1635 1296 1681 occidentur
1317 1636 1422 1690 illis,
1466 1668 1474 1673 s

11 1714 20 1748 Β
37 1723 58 1748 »
92 1715 136 1750 et
156 1705 375 1750 sufficient
394 1704 478 1750 illis
495 1726 506 1764 3
531 1715 607 1750 aut
629 1706 768 1750 omnis
787 1706 911 1765 piscis
928 1707 1265 1766 congregabitur
1283 1707 1356 1762 eis,
1383 1717 1426 1751 et

10 1750 21 1851 ξ
37 1794 58 1818 »
91 1776 278 1821 sufficiet
291 1776 350 1820 eis
360 1777 402 1820 ³?
418 1795 437 1817 »
455 1777 602 1829 Quaeri
614 1776 724 1821 solet
736 1785 886 1820 utrum
899 1778 982 1821 hoc
995 1780 1166 1836 Moyses
1181 1777 1425 1822 diffidendo

11 1854 21 1900 ἒξ
35 1846 210 1903 dixerit,
231 1863 286 1892 an
303 1846 556 1908 quaerendo.
581 1848 681 1903 Sed,
700 1848 733 1892 si
752 1849 1045 1908 putaverimus
1063 1864 1163 1893 eum
1181 1848 1425 1894 diffidendo

11 1917 215 1974 dixisse,
247 1927 449 1963 nascetur
482 1918 666 1979 quaestio
695 1935 773 1963 eur
799 1920 883 1964 hoe
911 1920 950 1964 ei
980 1936 1070 1964 non
1102 1920 1426 1980 exprobraverit

10 1978 243 2033 Dominus
260 2025 271 2045 ,
304 1989 416 2033 sicut
444 1989 720 2048 exprobravit
742 1990 862 2051 quod
886 1990 941 2034 ad
962 2000 1153 2051 petram,
1174 1990 1293 2035 unde
1311 2007 1423 2051 aqua

34 2059 262 2119 profluxit,
298 2059 473 2104 videtur
500 2059 556 2103 de
587 2069 804 2119 potestate
829 2061 1001 2106 Domini
1033 2061 1301 2106 dubitasse&
1336 2083 1352 2103 »
1383 2063 1425 2107 Si

19 2137 177 2176 'autem
199 2131 433 2175 dixerimus
455 2132 539 2176 hoc
562 2147 663 2175 eum
695 2132 847 2177 dixisse
870 2133 1108 2194 quaerendo
1130 2136 1312 2179 modum
1335 2150 1424 2194 quo

10 2202 174 2257 fieret,
200 2202 290 2261 ipsa
313 2202 485 2246 Domini
503 2203 743 2262 responsio,
769 2204 844 2247 ubi
867 2205 921 2249 ad
950 2220 1050 2249 eum
1074 2205 1205 2249 dixit:
1238 2225 1258 2247 «
1282 2208 1423 2250 Num-

37 2289 57 2314 »
91 2272 197 2333 quid
219 2288 372 2317 manus
391 2273 563 2317 Domini
587 2288 676 2316 non
694 2274 879 2319 sufficiet
893 2278 924 2330 ⁵,
947 2294 966 2316 »
985 2277 1108 2336 quasi
1126 2275 1422 2334 redarguentis

20 2343 219 2406 videtur,
237 2345 358 2405 quod
379 2345 457 2389 iste
473 2345 553 2407 ista
570 2360 659 2389 non
676 2346 942 2391 credidisset.
967 2347 1051 2392 Sed
1069 2346 1221 2391 melius
1238 2347 1424 2392 arbitror

8 2443 14 2449 -
36 2413 216 2474 intelligi
237 2417 473 2461 Dominum
495 2417 555 2461 ita
578 2417 873 2477 respondisse,
912 2429 1119 2480 tanquam
1142 2419 1325 2463 modum
1351 2418 1422 2463 fu-

14 1360 19 1403 ὅ

11 1416 19 1602 ἶ
96 1512 117 1535 «
136 1495 201 1538 ET
218 1492 327 1537 dixit
347 1495 540 1551 Moyses:
565 1495 772 1537 Sexcenta
795 1492 930 1537 millia
951 1491 1150 1553 peditum
1169 1529 1180 1549 ,
1200 1494 1246 1538 in
1264 1494 1425 1554 quibus

11 2081 21 2099 Ι

81 2517 89 2533 ¹
111 2512 239 2544 Confer.
260 2512 392 2545 Tei-tull.
409 2513 464 2545 lib.
491 2512 532 2545 cle
554 2513 690 2554 Anima,
715 2525 785 2557 cap.
810 2514 862 2545 35.
879 2532 920 2537 --
941 2522 954 2537 2
973 2514 991 2556 '5
1012 2518 1089 2557 Rog.
1105 2525 1140 2553 u,
1161 2515 1208 2547 15=
1231 2532 1272 2537 --
1292 2513 1304 2537 3
1324 2516 1419 2553 Num.

36 2577 80 2607 xr,
97 2575 150 2599 (ει.
175 2585 215 2591 -—
235 2567 250 2594 s·
269 2570 360 2601 Num.
378 2580 432 2610 xx,
455 2580 506 2601 10.
526 2586 568 2592 —
588 2568 602 2592 5
622 2570 725 2609 mm,
746 2570 799 2602 ¹23.
