1872 3267
396 234 653 262 LOCUTIONES
685 235 739 260 DE
772 232 944 271 GENESI,
981 233 1062 259 Lm.
1099 234 1128 258 1.
1399 219 1449 257 31

73 318 95 342 1)
128 299 231 361 quia
263 308 385 360 pater
421 308 518 344 tuus
555 298 787 344 turbatur¹
821 317 829 342 2
861 315 879 338 n
917 295 1051 357 aliqui
1083 296 1252 340 codices
1290 294 1456 340 habent

71 389 91 412 »
125 380 322 427 vexatur,
346 389 366 412 »
389 369 522 431 aliqui
546 389 566 412 «
582 378 806 424 aestuatur,
823 387 842 409 »
867 377 910 412 ct
931 365 1052 412 aliud
1069 365 1165 422 alii,
1190 367 1302 412 sicut
1318 369 1455 412 inter-

67 443 227 502 pretari
247 441 369 486 latini
387 450 647 502 potuerunt,
669 438 790 502 quod
808 455 946 500 graece
968 439 1178 498 scriptum
1193 447 1256 483 est
1278 437 1454 490 empsim.

69 513 174 557 Ideo
202 521 347 557 autem
384 532 405 554 «
429 511 661 566 turbatur,
691 529 711 552 »
738 508 1108 555 accommodatius
1142 507 1228 553 djci
1254 509 1456 565 videtur,

69 583 171 644 quia
197 583 281 627 hoc
306 581 393 626 dici
414 581 523 626 solet
544 581 599 625 de
626 581 677 625 iis
700 580 778 641 qui
804 579 1085 625 afflictatione
1106 579 1298 639 corporis
1320 588 1460 624 morte

69 654 391 714 propinquante
409 654 644 714 jactantur.
669 655 728 697 Et
748 668 799 696 ex
818 653 903 697 hoc
921 652 1073 707 etiam,
1093 651 1224 696 turba
1244 658 1331 702 ems
1349 650 1461 696 dici-

69 734 164 785 tur3
184 735 247 771 est
259 726 376 771 enim
393 727 539 782 turba,
550 724 792 770 multitudo
806 723 1066 780 inordinata,
1082 739 1173 768 non
1191 723 1302 767 sicut
1322 737 1463 782 popu-

70 796 138 841 lus
153 833 164 853 ,
189 796 309 858 quod
331 802 428 851 δῆμος
452 796 628 852 djcitur,
647 812 727 841 nec
750 796 862 841 sicut
882 795 1021 856 plebs,
1046 793 1168 856 quod
1188 802 1261 840 λαιός
1285 792 1459 849 dicitur,

71 868 147 912 sed
169 869 280 913 sicut
297 874 405 924 ὄχλος,
426 866 548 929 quod
568 868 698 912 turba
720 867 896 912 dicitur.

130 941 326 985 CXCIX.
354 940 488 985 Jacob
519 939 782 984 benedicens
807 947 988 998 nepotes
1017 952 1116 981 suos
1141 936 1253 980 filios
1276 935 1461 995 Joseph,

72 1009 132 1055 ait
151 1010 265 1055 inter
282 1020 435 1056 caetera
453 1030 462 1056 ε
492 1014 585 1055 «Et
606 1009 882 1056 invocabitur
896 1009 942 1053 in
959 1009 1026 1052 his
1046 1023 1209 1052 nomen
1230 1022 1395 1061 meum,
1420 1014 1464 1050 et

15 1122 18 1124 .
75 1099 96 1123 »
130 1097 291 1126 nomen
315 1091 490 1141 patrum
512 1084 737 1126 meorum2
764 1100 773 1125 2
803 1098 823 1121 »
849 1078 968 1124 unde
995 1081 1242 1123 notandum
1265 1087 1349 1133 est,
1375 1092 1466 1121 non

73 1152 214 1197 solum
250 1152 595 1208 exauditionem,
638 1151 714 1197 sed
742 1151 872 1196 etiam
907 1150 1228 1195 invocationem
1264 1149 1349 1194 dici
1385 1148 1465 1193 ali-

72 1225 250 1285 quando
273 1242 373 1286 quae
395 1241 484 1270 non
508 1219 600 1280 Dei,
626 1223 703 1268 sed
724 1223 953 1267 hominum
978 1223 1046 1267 sit.

131 1298 217 1342 CC.
247 1316 268 1339 «
288 1297 369 1343 Hic
391 1297 508 1341 enim
531 1296 804 1356 primitivus³
833 1315 842 1341 :
867 1314 888 1337 1)
915 1295 1060 1340 minus
1087 1294 1245 1351 habet,
1278 1313 1298 1336 z<
1323 1301 1411 1349 est,
1440 1310 1460 1334 »

74 1369 315 1414 secundum
336 1368 506 1414 codices
530 1384 706 1428 graecos.

132 1442 243 1486 CCI.
281 1444 334 1485 In
351 1440 661 1486 benedictione
683 1442 846 1502 Joseph
874 1442 932 1485 ait
959 1441 1074 1485 inter
1112 1449 1268 1485 caetera
1300 1438 1466 1483 Jacob;

80 1529 101 1553 «
136 1509 245 1554 Inde
266 1512 342 1572 qui
364 1510 628 1556 confortavit
657 1511 826 1556 Israe'14
854 1531 863 1556 :
893 1532 911 1553 s>
934 1512 1096 1555 mirum
1118 1510 1153 1555 si
1180 1526 1273 1554 non
1305 1509 1470 1553 subau-

76 1580 209 1636 ditur,
226 1591 337 1638 «est,
350 1600 370 1623 »
386 1591 437 1625 ut
450 1580 634 1641 plenum
647 1581 701 1625 sit
719 1600 727 1625 ε
744 1581 854 1626 Inde
872 1590 936 1625 est
958 1582 1034 1641 qui
1048 1580 1312 1625 confortavit
1321 1577 1468 1623 Israel.

133 1654 267 1697 CCII.
307 1652 437 1705 Quod
459 1652 669 1711 scriptum
699 1660 788 1707 est,
828 1670 848 1693 «
874 1651 990 1695 Dixit
1022 1651 1184 1711 ‚Ioseph
1215 1650 1347 1695 servis
1386 1650 1472 1694 suis

79 1740 100 1763 »
135 1722 454 1781 sepultoribus,
479 1730 530 1765 ut
556 1720 791 1781 sepelirent
811 1730 981 1781 patrem
1002 1722 1092 1781 ejus
1109 1723 1123 1747 ⁵
1152 1741 1161 1765 :
1185 1739 1206 1762 »
1231 1736 1323 1765 non
1344 1720 1468 1764 inve-

76 1792 142 1837 nit
157 1791 308 1852 lingua
324 1791 457 1837 latina
479 1790 856 1852 quemadmodum
877 1791 1117 1851 appellaret
1133 1800 1324 1844 ἐνταςικσας
1347 1810 1356 1836 2
1382 1806 1472 1835 non

77 1867 191 1910 enim
216 1867 295 1926 ipsi
321 1866 559 1926 sepeliunt,
578 1865 633 1923 ‘id
656 1875 740 1921 est,
762 1874 888 1909 terrae
911 1864 1127 1909 mandant
1149 1880 1331 1924 corpora
1350 1880 1472 1908 mor-

78 1945 276 1992 tuorum,
297 1936 418 1998 quod
439 1953 529 1980 non
554 1946 618 1979 est
643 1951 783 1994 graece
806 1941 1014 1990 emmim,
1041 1934 1117 1978 sed
1139 1941 1252 1984 6⁷:422.
1280 1933 1350 1979 Illi
1372 1951 1475 1994 crgo

78 2013 279 2063 ενταφιασκὶ,
310 2007 356 2051 id
382 2015 516 2065 agunt
538 2005 658 2066 quod
686 2005 916 2049 exhibetur
934 2005 1191 2065 corporibus
1213 2005 1469 2061 humandis,

77 2077 147 2122 vel
178 2077 425 2123 condiendo
448 2077 518 2122 vel
541 2076 743 2121 siccando
768 2075 839 2120 vel
867 2074 1132 2120 involvendo
1155 2085 1198 2120 et
1228 2075 1472 2135 alligando,

78 2149 124 2193 in
143 2165 231 2209 quo
256 2164 386 2209 opere
415 2148 602 2192 maxime
625 2147 935 2207 AEgyptiorum
961 2163 1065 2191 cura
1087 2146 1314 2207 praecellit.
1342 2146 1472 2201 Quod

80 2233 182 2278 ergo
199 2218 331 2274 dicit,
360 2238 380 2261 «
404 2218 549 2263 Etiam
567 2217 845 2278 sepelierunt,
876 2236 896 2258 >›
924 2226 1210 2273 curaverunt,
1225 2216 1469 2277 intelligere

80 2288 305 2350 debemus.
329 2293 387 2334 Et
408 2289 528 2350 quod
546 2288 665 2344 dicit,
695 2309 715 2332 «
734 2288 1022 2350 quadraginta
1045 2288 1134 2333 dies
1151 2288 1424 2348 sepulturaef’,
1453 2307 1473 2330 »

81 2359 213 2419 ipsius
235 2360 469 2405 curationis
499 2359 741 2420 accipiendi
771 2368 888 2404 sunt.
920 2358 1126 2420 Sepultus
1150 2359 1266 2404 enim
1290 2359 1364 2405 ille
1385 2374 1476 2405 non

84 2439 162 2486 est,
186 2430 269 2475 nisi
289 2431 367 2475 ubi
387 2446 431 2475 se
448 2430 732 2476 mandaverat
753 2429 937 2491 sepeliri.

133 2533 142 2548 ¹
169 2528 248 2558 Gen.
264 2537 384 2567 uvm,
411 2527 579 2560 1.—21d.
611 2538 729 2569 xwm,
752 2525 803 2559 16.
827 2543 869 2550 -
897 2524 911 2550 3
936 2526 1018 2560 lbid.
1052 2526 1103 2560 18.
1134 2543 1177 2550 ——·
1200 2525 1280 2559 41d.
1303 2537 1391 2569 xux,
1413 2525 1467 2570 24.

87 2579 260 2622 -51d.i,
285 2590 316 2614 2.
337 2579 491 2614 ——61bid.
508 2582 538 2613 3.
