1872 3267
367 298 635 340 QuAEsnonsss
666 301 713 328 IN
745 300 950 338 Exomm,
985 299 1068 329 ΜΒ.
1104 299 1153 325 11.
1375 284 1458 324 283

72 383 167 415 cem
189 367 244 413 de
266 365 571 413 tintinnabulis
593 364 704 410 dixit
726 363 889 419 audiri,
922 372 1183 423 tantumque
1203 360 1267 406 ibi
1288 359 1461 422 pondus

72 439 386 485 observationis
409 437 574 499 posuit,
598 445 649 481 ut
673 435 837 480 diceret
851 470 862 490 ,
903 453 924 477 «
951 437 1015 480 Ne
1038 432 1264 478 moriatur.
1286 451 1306 474 »
1329 432 1462 476 Testi-

71 512 218 556 monia
239 525 342 569 ergo
359 508 560 572 quaedam
577 507 807 568 significari
824 505 965 552 voluit
981 506 1027 550 in
1040 514 1157 550 veste
1178 502 1458 559 sacerdotali,

70 598 157 644 qua
176 581 331 643 utique
359 580 626 640 significatur
659 577 876 633 Ecclesia,
905 593 983 638 per
1010 577 1106 622 haec
1133 573 1430 620 tintinnabula
1446 611 1458 632 ⁷

66 663 116 698 ut
137 662 240 697 nota
262 653 317 697 sit
339 651 610 697 conversatio
640 649 898 708 sacerdotis3
922 649 1034 694 sicut
1053 645 1288 707 Apostolus
1321 644 1428 690 dicit
1449 665 1457 690 :

71 745 94 768 «
117 724 243 770 Circa
259 739 410 769 omnes
428 733 471 768 te
491 724 634 783 ipsum
656 722 875 768 bonorum
893 735 1075 781 operum
1094 718 1295 779 praebens
1317 733 1463 762 exem-

70 814 92 838 »
127 795 279 856 plum1
308 816 318 841 z
345 815 366 838 »
403 804 477 840 aut
504 794 638 851 illud,
668 814 689 837 «
716 797 825 848 Quae
856 793 1014 838 audisti
1040 808 1064 836 a
1092 807 1162 836 me
1192 805 1270 851 per
1299 789 1462 835 multos

71 885 92 910 »
128 877 273 922 testes,
292 868 388 912 haec
402 866 555 914 eadem
574 865 833 911 commenda
849 863 1069 919 fidelibus,
1088 872 1131 908 et
1149 863 1198 908 iis
1215 863 1288 923 qui
1313 862 1461 908 idonei

70 957 92 981 »
127 947 231 983 sunt
252 947 295 984 et
315 936 421 982 alios
443 937 637 982 docere‘2.
662 957 682 979 »
701 941 769 982 An
791 936 899 997 quid
916 934 1063 980 aliud?
1083 949 1294 994 magnum
1313 942 1462 978 tamen

68 1019 154 1064 est,
193 1008 410 1070 quidquid
442 1007 551 1052 illud
581 1018 659 1053 est.
691 1006 920 1052 «Intranti
957 1015 1104 1050 autem
1132 1014 1176 1049 et
1195 1005 1405 1060 exeunti,
1437 1021 1458 1045 »

67 1096 147 1142 pro
168 1081 368 1125 intrantis
390 1089 433 1124 et
453 1081 666 1135 exeuntis,
691 1079 856 1124 locutio
878 1086 956 1122 est.
986 1097 1006 1120 «
1024 1079 1119 1122 Vox
1139 1095 1159 1118 »
1185 1091 1265 1136 pro
1286 1075 1459 1132 sonitu3

68 1167 169 1209 nam
192 1150 592 1196 tintinnabulorum
614 1150 749 1209 magis
767 1165 898 1194 sonus
917 1163 1051 1209 quam
1071 1163 1156 1193 vox
1176 1155 1254 1191 est.

572 1247 809 1297 QUAEsrio
841 1246 958 1287 cxx.

131 1371 151 1393 «
184 1353 250 1396 ET
275 1350 406 1396 'facies
435 1350 643 1395 laminam
673 1365 850 1395 auream
883 1364 1068 1410 puram,
1107 1357 1151 1393 et
1178 1346 1386 1394 formabis
1415 1349 1460 1392 in

71 1441 92 1465 »
126 1422 278 1467 eadem
301 1422 606 1467 formationem
624 1422 733 1480 signi
752 1457 762 1477 ,
786 1421 1058 1466 sanctitatem
1071 1420 1247 1464 Domini
1273 1440 1282 1464 z
1308 1428 1351 1463 et
1373 1420 1459 1463 im-

70 1511 92 1536 »
126 1509 261 1554 pones
280 1492 394 1537 illud
412 1508 541 1554 super
556 1493 847 1551 hyacinthum
864 1491 1086 1551 duplicem
1103 1500 1267 1535 tortom
1289 1510 1297 1534 :
1314 1499 1357 1534 et
1379 1490 1460 1534 erit

70 1583 92 1607 »
126 1580 256 1625 super
277 1564 452 1608 mitram
470 1585 481 1621 3
506 1562 750 1608 secundum
773 1572 996 1623 aspectum
1017 1562 1158 1605 mitrae
1178 1562 1260 1605 erit
1286 1581 1295 1605 ε
1317 1571 1361 1605 et
1380 1562 1460 1605 erit

36 1694 39 1695 V
69 1655 91 1679 υ
126 1652 257 1697 supra
278 1634 470 1680 frontem
493 1638 654 1680 Aaron.
681 1638 738 1680 Et
765 1633 932 1679 auferet
955 1637 1101 1679 Aaron
1128 1642 1306 1694 peccata„
1332 1649 1459 1677 sanc-

68 1726 89 1749 »
124 1717 297 1763 torum,
329 1721 622 1766 quascumque
654 1705 989 1752 sanctificabunt
1020 1703 1100 1749 filii
1135 1703 1294 1759 Israel,
1321 1704 1460 1748 omnis

68 1796 90 1820 »
126 1777 217 1822 dati
234 1785 484 1821 sanctorum
501 1776 689 1820 eorum3.
714 1794 734 1817 »
757 1774 991 1829 Quomodo
1004 1774 1218 1821 formetur
1234 1775 1281 1819 in
1297 1774 1459 1819 lamina

66 1848 267 1894 sanctitas
293 1846 469 1892 Domini
490 1861 581 1890 non
602 1845 731 1891 video
747 1882 758 1902 ‚
784 1846 866 1891 nisi
890 1845 1111 1907 aliquibus
1136 1845 1292 1890 litteris
1307 1881 1318 1901 ‚
1351 1861 1459 1906 quas

66 1920 246 1983 quidam
268 1927 459 1980 quatuor
476 1933 565 1962 esse
583 1918 738 1963 dicunt
759 1918 971 1973 hebraeas,
992 1916 1130 1978 quod,
1150 1926 1202 1962 ut
1223 1917 1364 1962 Graeei
1386 1933 1460 1977 ap-

65 1989 246 2052 pellant,
262 1996 549 2042 τετραγράμμκτισ
562 2005 724 2034 nomen
744 1989 823 2033 Dei
844 1987 1067 2032 ineffabile
1090 1987 1277 2033 credunt
1298 1986 1429 2032 fuisse
1445 2023 1456 2043 ‚

66 2061 136 2108 vel
157 2077 245 2106 esse
267 2059 412 2105 adhuc
441 2075 598 2119 usque.
629 2059 712 2105 Sed
735 2058 945 2120 quaelibet
967 2060 1075 2114 sint,
1104 2057 1175 2103 vel
1208 2058 1457 2119 quomodo-

66 2131 174 2178 libet
194 2148 238 2176 se
262 2131 454 2175 habeant
474 2129 560 2174 illae
584 2129 762 2186 litterae,
787 2139 837 2174 ut
862 2129 973 2186 dixi,
998 2130 1268 2174 sanctitatem
1283 2129 1458 2174 Domini

66 2203 135 2253 vel
166 2201 578 2258 sanctificationem,
614 2202 647 2246 si
679 2202 764 2246 hoc
792 2201 929 2260 magis
961 2200 1199 2245 dicendum
1221 2210 1311 2256 est,
1337 2199 1456 2262 quod

68 2289 232 2335 graecus
261 2275 398 2321 habet
415 2279 569 2329 ἅγὶκσμκ,
595 2272 768 2317 nonnisi
790 2271 944 2316 litteris
968 2272 1014 2316 in
1036 2288 1142 2316 auro
1165 2271 1345 2317 formari
1374 2288 1456 2333 po-

66 2346 196 2391 tuisse
214 2346 488 2391 crediderim.
516 2345 584 2389 Ibi
607 2354 752 2389 autem
775 2345 881 2390 dicit
909 2345 1177 2390 sacerdotem
1205 2355 1455 2391 sanctorum

67 2415 236 2462 auferre
263 2427 469 2477 peccata,
513 2436 532 2458 «
551 2418 851 2477 Quaecumque
883 2417 1245 2473 sanctificabunt,
1280 2417 1452 2478 inquit,

70 2506 90 2529 n
125 2489 202 2532 filii
225 2488 379 2545 Israel,
406 2488 545 2534 onmis
563 2487 654 2531 dati
672 2498 921 2532 sanctorum
944 2505 1095 2533 eorum
1115 2509 1124 2534 z
1148 2509 1167 2530 »
1193 2490 1312 2550 quod
1333 2489 1453 2533 arbi-

66 2567 157 2604 tror
186 2557 353 2603 dictum
381 2560 428 2604 in
455 2559 514 2603 eis
536 2559 773 2614 sacrificiis,
806 2576 905 2619 quae.
936 2560 1131 2608 offerunt
1158 2576 1237 2620 pro
1265 2560 1453 2620 peccatis

114 2664 122 2679 ¹
149 2658 262 2698 Timr,
279 2668 308 2699 7.
326 2675 366 2680 —-
387 2665 399 2680 2
418 2668 449 2689 2.
475 2657 553 2689 Tim.
583 2668 619 2698 n,
645 2665 676 2687 9..
695 2673 736 2678 —-
754 2654 767 2679 3
786 2657 884 2688 Exod.
908 2667 1022 2695 xzvm,
1045 2656 1153 2688 3538.
