1872 3267
0 0 8 51 Ι

0 254 163 358 4S.
228 251 561 355 AUR.
626 251 1438 358 AUGUSTINI

15 227 19 282 l

15 283 20 454 1
441 467 787 505 HIPPONENSIS
820 467 1050 506 EPISCOPI

369 617 426 709 Q
453 619 511 685 [J
535 619 608 684 AE
627 617 670 684 s
692 619 745 683 T
773 619 800 683 I
825 617 882 685 o
900 620 958 684 N
982 618 1041 684 U
1066 619 1136 688 M

729 770 782 806 IN

19 949 23 1013 ε

19 1030 23 1117 1

20 1146 23 1215 ι

219 903 1285 1012 HEPTATEUCHUM

555 1077 733 1125 LIBRI
777 1068 916 1123 511¹.

65 1230 168 1245 §12wi
172 1231 237 1246 Um
241 1230 732 1246 mmmmwwwwwwwwm
736 1228 1372 1246 mmmwwwwwumwwwvv
1376 1227 1445 1243 Μ

599 1356 819 1412 LIBER
860 1357 908 1412 Ι.

535 1489 732 1526 Ουεετιοπεε
756 1499 787 1520 m
811 1489 960 1520 Gemasm.

565 1620 924 1664 PROOEMIUM.

24 1689 27 1735 Ι

24 1743 27 1784 l
110 1746 213 1789 CUM
245 1745 485 1804 Scripturas
518 1754 710 1800 sanctas,
746 1760 847 1806 quae
880 1743 1156 1804 appellantur
1188 1744 1433 1799 canonicae,

25 1813 237 1874 ,legendo
279 1824 321 1859 et
353 1831 454 1860 cum
489 1815 578 1859 aliis
618 1816 845 1860 codicibus
877 1815 1121 1860 secundum
1156 1815 1442 1874 Septuaginta

26 1878 27 1895 1
55 1886 454 1945 interpretationem
491 1885 758 1930 consciendo
787 1901 1162 1963 Ρθιηουΐῑρῖεῗηιυε
1187 1885 1353 1945 placuit
1375 1901 1445 1930 eas

26 1958 331 2037 {quaestiones⁹
355 1974 454 2018 quae
477 1958 523 2001 in
545 1966 738 2001 mentem
755 1958 978 2013 venirent,
1000 1957 1088 2001 sive
1110 1956 1300 2001 hievitei
1322 1972 1443 2001 conl-

26 2004 29 2076 i
55 2027 358 2084 memorando,
374 2027 445 2073 vel
466 2028 597 2072 etiam
617 2028 924 2088 pertractando
946 2027 1254 2073 tantummodo
1277 2044 1441 2088 piopo-

55 2113 280 2155 nerentur,
297 2101 384 2144 sive
406 2100 537 2144 etiam
554 2099 933 2161 qualitercumque
954 2109 1162 2159 tanquam
1181 2115 1206 2143 a
1227 2097 1441 2144 festinan-

55 2170 168 2215 tibus
184 2170 468 2227 solverentur,
484 2171 597 2229 stylo
620 2171 812 2231 alligare,
838 2188 893 2216 ne
916 2172 970 2216 de
986 2172 1196 2216 memoria
1217 2170 1436 2231 fugerent.

55 2242 150 2287 Non
175 2252 226 2286 ut
253 2258 323 2287 eas
351 2243 450 2287 satis
474 2242 810 2322 explicaremus,
843 2243 919 2288 sed
946 2252 996 2288 ut
1025 2259 1127 2288 cum
1160 2259 1270 2302 opus
1303 2252 1438 2299 esset,

58 2327 271 2372 possemus
284 2315 517 2375 inspicei
471 2331 514 2358 e·
537 2315 624 2360 sive
639 2325 691 2360 ut
701 2315 1038 2360 admoneremur
1054 2314 1163 2376 quid
1174 2315 1317 2360 adhuc
1331 2324 1442 2360 esset

29 2385 32 2432 i
57 2385 380 2445 lequirendum,
399 2386 487 2430 sive
505 2395 555 2430 ut
572 2401 621 2430 ex
640 2402 691 2431 eo
704 2385 850 2446 quod
835 2402 924 2447 jam
944 2385 1203 2431 videbatur
1193 2397 1438 2443 inventum,

57 2464 105 2499 ut
124 2466 390 2516 poteramus,
411 2473 597 2502 essemus
621 2468 663 2502 et
685 2457 741 2502 ad
766 2457 1049 2517 cooitandum
1072 2459 1294 2514 instructi,
1320 2468 1364 2503 et
1385 2458 1441 2503 ad

103 2554 250 2597 Scripli
263 2554 392 2587 circiter
412 2555 530 2588 Christi
545 2565 661 2587 annum
680 2554 757 2598 419.
777 2555 857 2588 Vide
876 2558 1019 2588 Retr.act
1042 2555 1097 2587 lib.
1125 2567 1163 2597 11,
1183 2567 1256 2598 cap.
1280 2567 1321 2588 iv.

1211 2610 1250 2649 8.
