1872 3267
411 301 494 340 404
831 314 864 340 S.
901 314 1129 344 ‘incusum
1166 318 1344 345 El'lscol‘l

405 378 479 421 ista
506 377 797 436 prohibitione
824 393 924 422 cum
946 379 1015 423 illa
1036 381 1242 439 jussione,
1269 397 1324 425 ne
1348 381 1534 426 invicem
1556 383 1788 429 adversen-
1840 370 1844 384 ,

409 457 502 502 tur,
530 447 809 506 intelligenda
832 458 895 493 est
915 451 1125 510 exceptio,
1152 451 1196 495 id
1221 461 1303 507 est,
1327 468 1415 497 non
1434 452 1562 497 licere
1584 455 1789 515 cuiquam

406 518 604 563 defuncti
625 518 766 563 fratris
787 518 946 564 ducere
966 537 1165 578 uxorem,
1187 523 1222 567 si
1247 522 1479 569 defunctus
1501 535 1692 585 posteros
1713 526 1790 571 de-

407 590 608 652 reliquit3
633 600 706 635 aut
736 591 864 636 etiam
887 591 997 636 illud
1019 609 1107 638 esse
1136 595 1433 654 prohibitum7
1459 613 1513 641 ne
1539 597 1690 642 liceret
1711 598 1790 643 du-

405 678 501 707 cere
519 660 662 706 fratris
678 677 873 718 uxorem,
894 663 1024 707 etiam
1041 679 1140 724 quae
1163 681 1184 709 a
1202 664 1333 711 fratre
1349 667 1448 712 vivo
1461 683 1538 728 per
1557 668 1787 728 repudium

406 733 658 779 recessisset.
688 736 808 778 Tunc
831 733 968 789 enim,
995 734 1104 779 sicut
1124 737 1333 782 Dominus
1356 737 1482 794 dicit,
1508 738 1563 783 ad
1585 739 1791 784 duritiam

405 804 659 849 Judaeorum
682 808 851 863 Moyses
874 805 1125 865 permiserat
1145 805 1247 851 dare
1273 807 1476 853 libellum
1503 810 1671 870 repudii
1693 812 1723 866 ¹,
1749 820 1791 855 ct

407 891 484 935 per
506 877 617 920 hanc
640 875 931 921 dimissionem
949 876 1092 936 potuit
1106 878 1265 936 putari,
1291 878 1411 939 quod
1427 878 1543 923 licite
1560 881 1791 940 quisquam

405 946 489 991 sibi
510 962 689 991 uxorem
709 946 931 1006 copularet
948 947 1107 1004 fratris,
1124 948 1201 993 ubi
1213 948 1475 995 adulterium
1494 966 1584 996 non
1601 951 1788 1008 timeret,

405 1018 614 1078 quoniam
637 1017 818 1078 repudio
841 1017 1111 1063 discessisset.

910 1129 1145 1179 QUAESTIO
1177 1131 1296 1170 an.

915 1204 929 1223 ἐ

471 1251 491 1276 (1
513 1234 848 1277 Tum>1TunfflEM
866 1212 1059 1276 miilieris
1076 1241 1119 1276 ct
1136 1228 1235 1276 filiae
1257 1233 1347 1293 ejus
1365 1247 1454 1278 non
1472 1231 1679 1280 revelabis
1698 1237 1737 1280 ¹²:
1766 1254 1786 1277 »
1826 1284 1829 1294 Ι

407 1303 453 1348 id
474 1313 558 1360 est,
586 1320 640 1347 ne
658 1312 782 1363 putet
804 1303 1033 1363 quisquam
1054 1303 1183 1347 licere
1205 1303 1286 1347 sibi
1309 1302 1468 1349 ducere
1493 1305 1627 1349 filiam
1649 1307 1791 1351 uxoris
1826 1303 1835 1330 s
1865 1296 1872 1321 ³

406 1390 508 1419 suae.
538 1374 674 1419 Simul
696 1374 811 1418 enim
839 1373 1028 1417 mulieris
1051 1382 1093 1417 et
1120 1372 1220 1417 filise
1246 1375 1335 1434 ejus
1361 1391 1448 1420 non
1474 1374 1576 1420 licet
1603 1375 1793 1421 revelare

410 1445 739 1506 turpitudinem,
762 1445 805 1489 id
830 1454 907 1500 est,
939 1445 1152 1489 ambabus
1181 1445 1364 1502 misceri,
1389 1455 1433 1491 et
1452 1447 1580 1491 matri
1607 1457 1650 1496 et
1672 1447 1786 1492 filiae.

897 1558 1134 1607 QUAESTIO
1166 1559 1301 1597 LXIII.

470 1683 490 1706 «
516 1666 678 1708 Fumat
710 1660 788 1708 filii
816 1662 906 1722 ejus
941 1669 984 1705 et
1013 1659 1146 1705 filiam
1170 1660 1268 1705 filice
1301 1662 1391 1721 ejus
1420 1676 1509 1706 non
1537 1660 1731 1722 accipies.
1768 1678 1787 1701 η
1818 1699 1823 1741 l
1858 1720 1861 1725 ἱ

408 1735 550 1780 Etiam
572 1744 748 1794 neptem
770 1733 911 1777 uxoris
940 1731 994 1776 de
1022 1732 1110 1776 filio
1133 1732 1203 1777 vel
1232 1731 1285 1775 de
1313 1731 1401 1776 filia
1425 1731 1525 1776 duci
1548 1731 1787 1792 prohibuit.
1818 1727 1825 1786 ι’
1858 1724 1872 1747 '¹³'

411 1827 432 1849 «
470 1809 653 1850 Uxorem
675 1821 803 1865 super
828 1818 1016 1849 sororem
1039 1803 1131 1862 ejus
1153 1818 1243 1847 non
1270 1802 1450 1862 accipies
1472 1803 1517 1845 in
1541 1801 1682 1846 zelum
1698 1803 1728 1846 ³.
1768 1821 1788 1843 »

407 1877 489 1921 Hic
530 1892 619 1920 non
651 1875 875 1935 prohibuit
913 1873 1223 1933 superducere,
1262 1872 1381 1933 quod
1412 1872 1572 1917 licebat
1603 1873 1791 1933 antiquis

407 1956 585 2007 propter
608 1946 919 1991 abundantiam
944 1942 1262 2004 propagationis
1290 1962 1298 1988 ε
1324 1942 1400 1987 sed
1432 1958 1622 1988 sororem
1656 1943 1791 1988 sorori

406 2017 549 2062 noluit
580 2016 840 2076 superduci3
871 2014 991 2075 quod
1019 2014 1191 2058 videtur
1213 2013 1362 2058 secisse
1385 2014 1543 2069 Jacob,
1575 2015 1662 2058 sive
1689 2014 1792 2074 quia

406 2087 606 2133 nondum
627 2086 768 2131 fuerat
794 2090 905 2145 Lege
923 2085 1213 2145 prohibitum,
1239 2085 1326 2129 sive
1351 2084 1453 2145 quia
1479 2084 1710 2144 suppositae
1729 2084 1791 2128 al-

410 2159 540 2203 terius
563 2157 715 2202 fraude
746 2158 951 2217 deceptus
979 2165 1043 2200 est
1065 2157 1078 2181 ⁴
1097 2191 1107 2211 ‚
1133 2165 1176 2200 ct
1197 2154 1270 2199 illa
1295 2155 1430 2214 magis
1453 2154 1506 2198 de
1537 2155 1694 2215 placito
1717 2171 1792 2199 ve·
1811 2110 1815 2192 l

406 2229 580 2284 luebat,
607 2243 738 2288 quam
770 2227 982 2287 posterius
1006 2226 1191 2286 accepit,
1217 2224 1291 2269 sed
1322 2225 1531 2285 injustum
1553 2234 1645 2269 crat
1672 2225 1790 2286 prio-

406 2315 498 2344 rem
521 2298 703 2353 dimitti,
738 2314 791 2342 nc
813 2297 971 2342 faceret
993 2312 1086 2342 eam
1116 2296 1340 2340 moechari.
1378 2299 1470 2340 Hoc
1496 2305 1641 2340 autem
1671 2295 1791 2357 quod

410 2370 470 2414 ait
502 2390 521 2411 «
547 2370 592 2413 in
619 2369 781 2424 zelum,
809 2387 828 2410 >›
866 2377 1013 2412 utrum
1048 2366 1146 2411 ideo
1179 2366 1367 2427 positum
1385 2376 1469 2421 cst,
1507 2382 1561 2409 110
1591 2367 1646 2410 sit
1674 2365 1790 2410 zelus
1862 2378 1872 2406 *1

406 2442 519 2484 inter
541 2455 720 2495 sorores,
747 2439 821 2499 qui
849 2439 959 2482 inter
983 2437 1074 2481 illas
1093 2453 1191 2498 quae
1213 2453 1378 2482 sorores
1410 2453 1499 2481 non
1517 2446 1658 2481 essent
1681 2452 1788 2481 con·
1851 2443 1868 2458 “’

406 2511 666 2556 temnendus
688 2510 771 2555 fuit
796 2529 804 2555 :
830 2526 885 2554 an
916 2509 1012 2553 ideo
1041 2509 1185 2569 potius
1202 2543 1213 2564 ‚
1240 2523 1293 2552 ne
1316 2517 1492 2568 propter
1514 2507 1597 2552 hoc
1623 2507 1718 2562 fiat,
1744 2507 1788 2552 id

1815 1941 1820 1978 l

454 2614 462 2630 ¹
491 2608 604 2642 Matth.
633 2619 704 2650 xix,
726 2608 757 2641 S.
791 2623 832 2632 -
862 2613 873 2630 ²
894 2606 995 2639 chit.
1018 2616 1111 2647 xvui,
1143 2616 1192 2647 ¹7-
1220 2621 1262 2627 -—
1287 2602 1299 2628 3
1325 2603 1406 2637 Ibid.
1432 2613 1487 2646 17,
1521 2603 1573 2635 18.
1597 2620 1638 2625 —
1663 2601 1676 2633 l·
1706 2605 1786 2637 Gen.

409 2675 489 2706 xxx,
507 2665 560 2697 28.
