1872 3267
388 171 472 210 624
914 180 1248 210 ΑΝΝΟΤΑΤΙΟΝΕε.

383 266 404 289 »
441 247 634 292 dixerat:
659 249 778 301 Quos
810 245 969 291 dedisti
1000 247 1107 291 mihi
1137 262 1227 292 non
1258 245 1428 307 perdidi
1451 263 1502 292 ex
1528 248 1586 293 eis
1612 264 1767 310 quem-

381 336 401 359 »
437 333 586 379 quam.
622 316 747 362 Unde
782 326 963 377 apparet
997 332 1090 373 eos,
1116 317 1150 361 si
1186 326 1293 362 tunc
1327 327 1602 377 paterentur,
1638 318 1768 366 fuisse

381 406 401 429 »
437 388 666 449 perituros.
695 390 788 433 Hoc
816 387 933 431 enim
955 396 1062 432 tunc
1084 403 1176 432 non
1196 388 1307 448 passi
1330 398 1448 444 sunt,
1473 389 1595 450 quod
1621 399 1768 450 postea

381 477 400 500 »
437 459 548 519 passi
565 468 689 514 sunt,
710 475 799 504 non
822 457 966 502 adhuc
990 458 1087 516 agni
1109 457 1155 502 in
1174 457 1309 515 lacte,
1335 458 1411 504 sed
1429 460 1518 520 jam
1543 460 1696 506 arietes
1722 461 1770 505 in

381 547 402 570 »
438 544 582 589 grege.
611 548 630 570 »
661 532 772 575 Sunt
794 538 838 573 et
859 528 939 573 alia
963 527 1164 589 quaedam
1185 528 1239 573 ad
1265 529 1429 574 hancce
1459 531 1769 591 expositionem

380 599 599 660 praemissa
616 600 662 644 in
684 600 839 646 eodem
862 599 1034 655 codice,
1055 598 1131 644 sed
1154 600 1298 646 omnia
1322 600 1518 660 profecto
1536 617 1559 645 e
1576 602 1770 660 margine

378 669 425 716 in
456 681 708 717 contextum
743 687 820 732 per
853 686 1163 716 amanuensem
1202 671 1423 717 translata.
1458 675 1569 719 Nam
1607 673 1772 718 absunt

379 759 557 804 prorsus
591 760 615 788 a
642 743 808 789 eaeteris
831 743 1131 797 Quaestionum
1153 742 1403 788 codicibus:
1429 753 1579 789 extant
1599 760 1703 789 vero
1725 744 1770 788 in

378 814 555 860 duobus
577 815 734 860 nostris
754 818 855 860 Mss.
877 813 1144 859 collectionis
1166 815 1392 874 AEugypii,
1412 815 1459 859 in
1480 831 1570 861 uno
1592 815 1772 876 quidem

378 887 587 932 continua
614 887 745 942 serie,
780 895 824 930 at
855 886 900 930 in
935 885 1070 931 altero
1106 902 1207 930 cum
1242 886 1505 947 ejuscemodi
1536 887 1773 948 praemoni-

382 958 497 1003 tione
515 977 522 1002 :
549 977 567 1000 «
594 958 707 1002 Hinc
719 958 809 1018 jam
832 974 882 1002 ex
901 957 985 1002 alio
1004 972 1134 1017 opere
1155 960 1197 1002 S.
1216 958 1448 1016 Augustini
1468 975 1568 1019 quae
1583 974 1772 1019 sequun-

381 1046 402 1070 »
439 1038 511 1073 tur
550 1027 718 1089 adjecta
759 1037 875 1072 sunt.
911 1047 930 1070 »
969 1031 1122 1088 Itaque
1161 1028 1430 1088 suspicamur
1469 1030 1771 1083 Quaestionum

379 1098 601 1159 exemplar
624 1097 755 1154 illud,
781 1114 871 1159 quo
899 1114 1001 1142 usus
1026 1107 1088 1142 est
1109 1098 1292 1158 scriptor
1313 1097 1472 1144 codicis
1499 1099 1771 1145 Corbeiensis

379 1170 519 1230 primo
542 1169 730 1224 laudati,
756 1169 960 1213 habuisse
990 1185 1039 1213 ea
1071 1186 1170 1230 quae
1201 1170 1427 1230 Eugypius
1460 1170 1614 1224 abbas,
1645 1179 1771 1215 aetate

378 1241 624 1299 Augustino
665 1255 800 1300 prope
838 1239 1039 1300 aequalis,
1074 1256 1150 1284 sua
1189 1256 1322 1284 manu
1365 1250 1661 1286 annotaverat.
1704 1241 1770 1286 Sic

380 1313 553 1357 enimin
569 1312 708 1372 primo
725 1311 801 1356 lib.
820 1327 950 1372 super
963 1313 1118 1355 Genes.
1135 1321 1290 1372 quaest.
1308 1332 1442 1368 cxx-11,
1460 1330 1504 1357 n.
1524 1320 1564 1357 3.
1582 1322 1682 1357 ante
1697 1311 1768 1357 illa

379 1385 534 1440 verba,
567 1403 586 1425 «
610 1382 740 1429 Nulla
763 1392 909 1428 tamen
932 1391 995 1426 est
1021 1381 1205 1437 facilior,
1222 1392 1305 1427 etc.
1334 1401 1353 1424 »
1381 1382 1606 1444 descripsit
1628 1383 1701 1428 ille
1723 1383 1770 1427 in

379 1457 523 1501 medio
557 1465 785 1511 contextu,
823 1475 843 1498 «
875 1455 930 1499 ab
961 1455 1065 1499 hinc
1093 1455 1401 1513 scribendum3
1427 1473 1447 1497 »
1480 1472 1579 1516 quae
1602 1454 1765 1510 fuerat,

380 1528 444 1573 uti
477 1528 737 1588 opinamur,
770 1525 995 1571 annotatio
1031 1526 1221 1586 Eugypii
1254 1526 1544 1586 praecipientis
1582 1525 1769 1571 exscribi

377 1600 601 1660 sequentia
614 1634 624 1655 ,
642 1615 741 1659 quae
762 1597 983 1658 hodieque
996 1598 1041 1641 in
1053 1597 1186 1657 ipsius
1200 1596 1456 1643 collectione
1469 1598 1760 1658 reperiuntur.

779 1734 1036 1776 ANNOTATIO
1058 1732 1124 1789 (4)
1145 1745 1243 1791 pag.
1272 1734 1371 1775 401.

436 1867 722 1927 Manuscripti
734 1866 920 1910 habent:
940 1863 1305 1925 'scalpitudinem
1319 1880 1481 1909 eorum
1492 1881 1504 1909 .·
1516 1865 1633 1909 Editi
1644 1880 1762 1921 vero,

377 1936 620 1998 turpitudo
643 1937 769 1982 enim
792 1951 955 1980 eorum
978 1944 1062 1979 est.
1089 1938 1252 1980 Neutra
1279 1935 1410 1980 lectio
1439 1936 1643 1981 convenit
1664 1951 1764 1980 cum

379 2009 613 2068 Scripturae
646 2016 789 2062 textu,
819 2006 865 2049 in
894 2021 982 2066 quo
1014 2014 1133 2066 post,
1164 2021 1261 2049 uon
1294 2004 1545 2061 revelabis,
1571 2005 1765 2065 proxime

375 2079 678 2139 subsequitur,
710 2087 868 2122 mutel·
894 2086 978 2121 tuu
1002 2085 1092 2129 est,
1118 2091 1213 2121 non
1244 2076 1478 2122 revelabis
1512 2075 1765 2136 limpitudi-

375 2166 485 2196 nem
506 2150 622 2213 ejus.
