1872 3267
413 272 670 303 LOCUTIONES
702 275 757 302 DE
787 275 966 313 ommi,
1002 275 1084 302 Lm.
1121 276 1150 301 1.
1421 265 1469 303 11

87 343 294 388 tatissima
320 362 329 387 :
354 342 430 387 sed
452 342 582 401 graeci
604 340 797 397 habent,
825 359 846 384 «
868 341 1015 386 Sciens
1031 340 1152 396 scies,
1176 358 1198 382 »
1221 339 1343 403 quod
1364 356 1476 402 pene

87 413 363 460 tantumdem
383 423 462 458 est.

140 487 300 530 XLIX.
328 503 348 527 «
366 487 423 528 Et
444 483 568 528 dedit
588 499 683 529 eam
703 483 869 529 Abram
885 484 976 529 viro
997 499 1078 529 suo
1093 484 1174 545 ipsi
1190 487 1393 529 uxorem1
1417 504 1426 530 :
1451 504 1472 527 η

85 555 184 616 plus
200 555 348 610 habet,
378 574 399 597 ι(
419 554 515 614 ipsi.
541 572 561 595 »

141 629 191 670 L.
233 627 387 671 «Cum
419 634 566 669 autem
595 624 705 670 vidit
737 639 782 670 se
815 633 1078 685 conceptum
1109 623 1297 680 habere,
1332 634 1475 686 spreta

87 713 108 739 »
143 711 240 740 sum
261 711 408 740 coram
434 694 534 739 illa2
556 715 565 739 ;
586 713 605 736 »
633 696 761 754 graeci
778 696 944 739 habent
960 693 1158 739 hocloco
1176 695 1472 755 participium,

83 765 204 828 quod
223 765 357 811 latina
378 765 530 825 lingua
547 782 637 810 non
651 766 801 822 habet,
815 767 900 811 hoc
916 775 981 810 cst
1004 768 1114 805 ἰδοῦσα-
1135 783 1144 809 ;
1174 764 1251 809 sed
1264 773 1475 827 tanquam

81 837 118 883 si
139 836 356 883 diceretur
377 856 386 882 ε
412 837 577 882 Vidcns
598 846 746 882 autem
768 852 812 881 se
834 843 1097 895 conceptum
1117 835 1281 880 habere
1296 871 1308 892 ,
1330 846 1474 897 spreta

81 923 178 953 sum
203 923 349 953 coram
376 908 449 952 illa
478 927 486 952 :
512 908 635 968 quasi
667 907 933 952 soloecismus
965 916 1090 951 sonat
1112 926 1121 952 ;
1151 907 1210 951 sic
1245 907 1376 952 etiam
1396 923 1474 970 per

82 978 194 1025 illud
216 979 495 1040 participium
526 980 648 1040 quod
678 978 842 1024 dictum
873 987 962 1034 est,
1001 983 1139 1034 ἐδεῦσαι,
1170 993 1251 1040 pro
1280 994 1371 1040 quo
1394 995 1473 1024 nos

81 1050 265 1095 dicimus
280 1086 291 1105 ,
317 1050 485 1095 videns.

138 1124 211 1166 LI.
238 1120 368 1175 Quod
396 1120 523 1165 latini
548 1121 738 1176 habent,
768 1139 788 1163 «
805 1122 1001 1180 Augeam
1023 1128 1066 1165 te
1084 1119 1212 1166 nimis
1232 1119 1386 1168 valde³
1409 1140 1419 1168 ;
1447 1139 1468 1162 »

80 1191 207 1250 graeci
229 1191 410 1246 hahent,
441 1190 615 1235 «Valde
636 1190 779 1236 valde.
810 1209 830 1232 n

138 1265 233 1307 LII.
264 1283 284 1306 «
303 1266 360 1307 Et
377 1262 493 1307 dabo
514 1263 595 1307 tibi
617 1273 659 1307 et
681 1263 835 1307 semini
855 1272 933 1307 tuo
954 1272 1054 1323 post
1076 1271 1118 1307 te
1139 1272 1301 1308 terram
1322 1264 1368 1308 in
1384 1280 1471 1325 qua

81 1351 104 1377 »
138 1334 322 1390 habitas,
348 1350 524 1379 omnem
548 1343 706 1378 terram
719 1335 929 1379 Chanaan
945 1334 990 1378 in
1010 1334 1321 1394 possessionem
1343 1344 1472 1379 aeter-

82 1423 103 1448 »
137 1422 240 1450 nam
255 1407 286 1461 ⁴,
310 1424 330 1447 »
355 1405 593 1451 videndum
609 1416 757 1450 utrum
773 1405 937 1450 locutio
953 1406 1008 1450 sit
1020 1406 1148 1466 quod*
1158 1405 1279 1462 dicit,
1303 1426 1324 1449 ‹<
1343 1416 1471 1452 aeter-

81 1495 103 1520 »
137 1474 256 1533 nam,
279 1496 298 1520 »
317 1478 626 1537 graecihabent
648 1484 780 1521 ἀκόνην.
808 1481 865 1522 Et
877 1478 998 1538 quod
1015 1478 1089 1531 ait,
1119 1498 1139 1520 α
1156 1487 1199 1522 et
1216 1479 1369 1524 semini
1394 1489 1470 1524 tuo

81 1567 103 1591 »
135 1558 315 1609 postte:
335 1567 355 1590 »
380 1549 443 1592 ibi
459 1549 725 1593 enimvoluit
745 1546 929 1607 intelligi
941 1547 1061 1609 quod
1078 1548 1262 1604 dixerat,
1292 1550 1421 1593 «tibi.
1446 1568 1466 1591 >›

136 1623 256 1664 LIII.
286 1639 306 1662 «
330 1623 395 1664 Tu
417 1629 562 1664 autem
586 1628 895 1663 testamentum
927 1634 1076 1662 meum
1100 1619 1400 1675 conservabis,
1426 1630 1470 1666 et

79 1708 101 1734 2»
135 1706 282 1736 semen
299 1700 427 1736 tuum
448 1700 546 1751 post
567 1700 609 1735 te
626 1691 671 1734 in
688 1691 917 1750 progenies
940 1692 1061 1734 suas⁵
1089 1709 1098 1734 :
1124 1691 1418 1747 conservabis,
1446 1712 1464 1734 »

75 1778 170 1822 pro,
192 1777 422 1820 conserva,
447 1762 753 1822 promissivum
775 1777 854 1821 pro
869 1761 1126 1821 imperativo
1148 1762 1281 1807 modo
1302 1764 1465 1824 posuit.

133 1836 246 1877 LIV.
277 1852 294 1873 «
321 1836 377 1877 Et
392 1848 501 1892 puer
515 1841 615 1877 octo
637 1831 808 1876 dierum
829 1831 1182 1889 circumcidetur,
1202 1849 1333 1877 omne
1354 1850 1469 1878 mas-

78 1921 100 1947 »
133 1903 328 1951 culinum
342 1906 357 1930 ⁶
382 1923 391 1949 :
411 1922 431 1945 »
452 1919 554 1963 pro,
575 1922 595 1946 «
616 1904 755 1948 omnis
772 1902 1015 1962 masculus,
1042 1923 1061 1945 »
1084 1905 1209 1965 quasi
1223 1914 1368 1964 posset
1383 1906 1467 1950 cir-

76 1974 264 2020 cumcidi
289 1975 370 2019 nisi
392 1973 627 2019 masculus.

134 2049 223 2090 LV.
254 2065 274 2088 «
295 2049 351 2090 Et
366 2045 555 2105 procidit
571 2045 794 2090 Abraham
814 2046 859 2089 in
878 2044 1051 2101 faciem,
1070 2056 1114 2091 et
1129 2046 1237 2092 dixit
1253 2048 1299 2091 in
1320 2048 1466 2093 animo

77 2134 99 2158 u
132 2132 210 2162 suo
232 2116 400 2161 dicens:
430 2116 472 2161 Si
492 2116 600 2161 mihi
617 2125 796 2160 centum
817 2132 953 2161 annos
974 2117 1156 2161 habenti
1178 2127 1396 2174 nascetur,
1421 2129 1465 2163 et

62 2206 98 2233 a»
131 2189 167 2232 si
189 2191 291 2237 Sara
316 2204 533 2232 annorum
554 2188 793 2247 nonaginta
815 2189 1010 2248 pariet7?
1037 2207 1057 2229 »
1083 2189 1350 2234 Admirantis
1373 2205 1463 2235 csse

73 2258 198 2303 istam
212 2259 497 2314 locutionem,
524 2274 614 2303 non
636 2258 893 2314 dubitantis,
921 2258 1216 2304 dubitandum
1238 2276 1327 2304 non
1351 2270 1429 2305 est.

131 2333 243 2380 LVI.
279 2331 537 2374 «Abraham
569 2341 718 2375 autem
745 2341 836 2376 erat
865 2347 1081 2376 annorum
1113 2333 1349 2391 nonaginta
1378 2348 1460 2378 no-

75 2418 96 2441 »
129 2416 227 2445 vem
249 2417 349 2446 eum
368 2402 645 2446 circumcisus
665 2411 729 2447 est
743 2418 919 2447 carnem
935 2404 1139 2464 praeputii
1166 2404 1260 2448 suiS
1287 2423 1295 2448 :
1321 2422 1341 2445 »
1368 2420 1461 2449 non

73 2469 200 2526 dixit,
225 2487 352 2516 carne
368 2508 378 2528 ,
400 2482 497 2528 aut,
523 2473 568 2516 in
590 2489 735 2518 carne.

120 2573 129 2589 ¹
146 2570 225 2599 Gen.
246 2580 312 2610 xvr,
331 2569 360 2601 3.
382 2587 424 2592 —
442 2577 455 2591 2
475 2569 554 2602 Ibid.
577 2569 608 2612 4.
626 2587 668 2593 —·
685 2569 697 2592 3
717 2571 764 2602 Id.
781 2581 859 2612 xvn,
880 2574 910 2604 G.
924 2588 964 2594 —
979 2570 1140 2604 41ὺί(1.8.
1167 2589 1208 2593 ——
1226 2570 1240 2593 :3
1258 2570 1341 2604 Ibid.
1365 2583 1451 2615 9.-

73 2620 319 2654 ⁶1bi‹1.1⁴2.—
338 2624 449 2656 71ΙὴιίΑ
478 2636 529 2666 ις.
556 2643 596 2647 —-
611 2624 626 2645 '³
645 2625 725 2656 lbid.
743 2625 796 2667 24.
