1872 3267
423 192 506 233 546
857 200 890 229 s.
927 201 1156 230 AUGUSTINI
1190 201 1369 229 EPISCOPI

420 285 513 315 ram
547 269 791 326 obtineret,
823 275 868 311 et
882 268 994 312 hanc
1019 283 1169 313 eorum
1197 267 1328 312 fidem
1355 282 1446 314 non
1476 283 1548 314 eos
1577 268 1804 330 prodendo

417 340 712 387 remuneravit
729 338 923 401 quodam
944 338 1092 385 modo.

928 447 1163 496 QUAEsrlo
1196 447 1281 487 xv.

475 552 714 604 QnAEnm-UR
737 546 1109 608 quemadmodum
1125 551 1217 592 Rex
1239 547 1419 593 civitatis
1433 547 1671 592 Jerusalem
1685 548 1806 593 Ado—

417 620 626 665 nibezeeh
648 630 692 665 et
713 619 859 664 caeteri
879 627 1069 679 quatuor
1085 634 1187 663 cum
1210 619 1369 679 quibus
1397 617 1569 664 obsedit
1589 618 1809 663 Gabaoni-

414 700 503 746 tas,
528 690 770 735 secundum
797 688 1080 749 Septuaginta
1102 689 1359 749 interpretes
1373 725 1383 745 ,
1410 689 1551 749 primo
1569 704 1716 749 regem
1734 691 1808 733 Je-

417 761 668 806 busaeorum
688 776 790 806 cum
808 759 863 804 ad
885 775 956 804 eos
979 759 1242 804 obsidendos
1264 770 1564 805 convenerunt
1581 763 1592 785 ¹
1612 795 1622 815 ,
1658 769 1808 819 postea

415 847 519 877 vero
550 848 671 891 reges
703 832 1059 877 Amorrhaeorum
1085 830 1287 875 dicantur
1308 832 1362 875 al)
1400 831 1500 891 ipsis
1538 830 1804 886 Gabaonitis‚

415 902 592 963 quando
614 903 790 946 nuntios
808 902 1020 947 miserunt
1041 901 1096 945 ad
1118 905 1288 956 Jesum,
1312 911 1362 946 ut
1389 917 1461 946 eos
1491 902 1545 946 de
1580 900 1808 946 obsidione

415 971 635 1017 liberaret.
664 973 784 1017 Sicut
807 981 953 1017 autem
976 972 1186 1032 inspicere
1203 973 1425 1032 potuimus
1457 973 1501 1016 in
1525 989 1573 1016 ea
1600 972 1811 1032 interpre-

421 1045 581 1089 tatione
597 1061 697 1105 quae
716 1060 766 1088 ex
784 1044 970 1089 Hebraeo
993 1053 1078 1099 est,
1103 1045 1339 1105 utrobique
1362 1045 1715 1089 Amorrhaeorum
1739 1043 1810 1087 di·-

418 1120 630 1162 cuntur²z
655 1132 755 1161 cum
775 1126 944 1160 constet
966 1117 1268 1161 Jebusaeorum
1291 1116 1424 1161 fuisse
1446 1131 1593 1175 regem
1626 1115 1812 1160 civitatis

417 1187 680 1241 Jerusalem,
705 1187 807 1247 quia
825 1191 914 1246 ipsa
937 1196 1000 1231 est
1022 1187 1135 1231 dieta
1159 1188 1294 1231 Jebus
1311 1223 1321 1242 ,
1347 1197 1553 1247 tanquam
1567 1186 1682 1230 illius
1706 1201 1812 1245 gen-

417 1258 471 1302 tis
492 1255 769 1317 metropolis,
792 1266 836 1300 et
856 1266 1016 1313 septem
1037 1266 1184 1316 gentes
1206 1258 1438 1317 saepissime
1459 1257 1678 1317 Scriptura
1696 1271 1813 1301 com-

415 1338 650 1382 memoret,
673 1343 779 1389 quas
803 1328 1002 1387 promisit
1026 1331 1139 1371 Deus
1173 1330 1561 1373 exterminaturum
1591 1343 1635 1371 se
1663 1343 1753 1371 esse
1787 1343 1813 1371 a

419 1398 528 1444 facie
559 1398 712 1459 populi
743 1399 830 1454 sui,
869 1415 919 1442 ex
952 1398 1110 1458 quibus
1133 1414 1219 1442 una
1251 1399 1507 1457 perhibetur
1535 1399 1813 1443 Amorrhaeo-

420 1485 534 1514 rum.
572 1470 662 1514 Nisi
693 1469 806 1513 forte
844 1470 928 1513 hoc
961 1484 1124 1513 nomen
1153 1468 1399 1513 universale
1427 1468 1569 1513 fuerat
1591 1468 1809 1525 omnium,

418 1550 496 1587 aut
512 1540 657 1600 potius
679 1540 850 1600 majoris
867 1540 999 1599 partis
1019 1559 1027 1583 :
1048 1548 1098 1583 ut
1121 1555 1213 1583 non
1234 1555 1320 1583 una
1336 1575 1346 1593 ,
1381 1539 1456 1583 sed
1479 1538 1624 1599 plures
1658 1540 1705 1583 in
1745 1539 1813 1584 his

420 1621 585 1672 septem
606 1611 690 1655 hoc
712 1610 890 1654 nomine
913 1619 1167 1654 tenerentur
1189 1629 1197 1655 :
1224 1609 1421 1671 quamvis
1441 1619 1550 1654 esset
1573 1611 1703 1654 etiam
1725 1625 1815 1655 una

421 1681 476 1726 de
498 1691 685 1741 septem,
710 1697 810 1741 quae
844 1681 1199 1725 Amorrliaeorum
1220 1681 1394 1740 proprie
1416 1690 1665 1725 vocaretur:
1703 1679 1815 1725 sicut

421 1762 485 1798 est
506 1769 602 1813 pars
622 1751 824 1813 quaedam
847 1769 948 1813 quae
960 1752 1134 1812 proprie
1155 1752 1313 1796 dicitur
1331 1752 1491 1810 Libya,
1513 1751 1709 1812 quamvis
1730 1752 1814 1796 hoc

422 1839 585 1869 nomen
603 1823 816 1868 universae
840 1822 998 1867 Africae
1021 1831 1264 1881 competat3
1298 1831 1340 1866 et
1362 1838 1460 1882 pars
1488 1821 1690 1883 quaedam
1713 1838 1813 1883 quae

423 1895 596 1955 proprie
618 1893 778 1938 dieitur
793 1894 890 1937 Asia
908 1928 919 1948 ,
941 1893 1137 1953 quamvis
1160 1893 1304 1937 Asiam
1331 1893 1399 1938 vel
1424 1891 1653 1936 dimidium
1678 1902 1814 1937 terra-

424 1978 522 2009 rum
545 1965 695 2009 orbem
723 1963 899 2024 quidam
917 1999 927 2018 ,
952 1963 1021 2007 vel
1041 1962 1110 2007 alii
1133 1964 1304 2007 tertiam
1328 1972 1494 2023 partem
1520 1963 1633 2007 orbis
1663 1978 1816 2023 posue-

423 2037 526 2081 rint.
551 2039 661 2080 Nam
677 2071 688 2091 ,
708 2035 829 2096 quod
850 2044 1040 2090 constat,
1066 2043 1109 2078 et
1130 2035 1364 2079 Chananaei
1384 2044 1590 2096 tanquam
1606 2051 1690 2078 una
1710 2049 1814 2094 gens

423 2106 470 2151 in
496 2105 580 2150 illis
612 2115 776 2166 septem
810 2113 1229 2160 commemorantur,
1251 2114 1294 2149 et
1328 2114 1472 2150 tamen
1505 2105 1704 2151 universa
1738 2103 1814 2150 illa

430 2187 540 2224 terra
559 2176 823 2236 originaliter
843 2185 958 2220 terra
979 2176 1186 2220 Chanaan
1206 2184 1402 2221 vocatur.

950 2272 1186 2322 QUAESTIO
1217 2273 1319 2312 XVI.

489 2377 621 2422 «NON
636 2372 799 2419 dimisit
808 2372 853 2417 in
866 2386 914 2416 ea
927 2374 951 2417 J
955 2388 1051 2417 esus
1065 2371 1307 2434 quidquam
1321 2372 1485 2433 spirans
1496 2407 1506 2427 ,
1522 2372 1632 2417 sicut
1644 2386 1810 2432 praece-

431 2464 453 2489 n
486 2447 552 2507 pit
574 2446 784 2492 Dominus
801 2444 940 2502 Moysi
951 2458 1088 2504 puero
1099 2459 1178 2488 suo
1192 2478 1202 2499 ‚
1219 2452 1263 2488 et
1291 2446 1461 2501 Moyses
1475 2441 1669 2488 similiter
1698 2458 1812 2500 prae-

479 2550 486 2566 ¹
503 2543 599 2576 Josue
617 2553 649 2584 x,
672 2542 706 2584 5,
725 2542 757 2573 6.
779 2557 819 2563 --
839 2547 852 2563 ²
868 2540 919 2573 sic
937 2540 1035 2572 habet
1055 2539 1197 2581 Vulgata.
