1872 3267
431 188 512 228 496
850 199 883 227 s.
920 199 1151 229 Aucusnm
1185 201 1365 228 EPISCOPI

428 284 447 305 »
482 267 582 310 bam
602 265 647 308 in
676 264 833 310 tabulis
850 267 979 311 verba
996 301 1007 322 ,
1038 282 1137 327 quae
1160 275 1283 311 erant
1309 266 1355 309 in
1376 265 1535 310 tabulis
1563 266 1804 326 prioribus,

421 354 440 375 »
482 350 588 394 quas
605 343 655 379 tu
671 335 952 381 contrivisti1.
980 355 999 378 »
1026 340 1221 397 Excepto
1242 338 1389 397 itaque
1405 336 1517 381 libro
1538 340 1809 383 Deuterono-
1844 334 1847 358 ⁵

425 423 446 446 »
481 406 572 461 mii,
591 406 878 467 quaestionem
895 407 1021 452 istam
1038 409 1167 453 etiam
1182 408 1296 453 solus
1312 408 1423 452 liber
1439 407 1580 452 Exodi
1595 409 1805 465 continet,

420 476 644 536 quomodo
676 475 826 522 dixerit
855 481 970 522 Deus
997 496 1005 522 ;
1036 497 1056 520 «
1081 481 1138 522 Et
1166 478 1349 523 scribam
1379 478 1425 522 in
1455 477 1615 524 tabulis
1644 479 1806 535 verba,
1842 479 1847 525 ἑ

423 563 444 586 s>
479 562 579 607 quae
594 556 717 591 erant
738 548 783 591 in
801 547 961 592 tabulis
978 548 1219 608 prioribus,
1247 568 1266 590 »
1293 564 1393 593 cum
1409 548 1541 608 paulo
1563 558 1661 609 post
1688 548 1808 609 lega-
1844 546 1845 561 ¹

420 625 492 661 tur
517 633 526 657 ε
558 637 578 660 «
605 617 753 662 Scribe
773 618 853 662 tibi
880 618 1014 663 verba
1036 619 1130 663 haec
1149 654 1159 674 ,
1185 619 1346 664 etenim
1368 619 1414 662 in
1434 619 1577 664 verbis
1597 619 1663 664 his
1684 619 1808 679 posui
1842 623 1845 674 ]

422 706 442 728 »
480 691 804 733 Testamentum
823 688 903 733 tibi
920 698 963 733 et
981 689 1127 734 Isra'e'l.
1153 693 1210 735 Et
1231 700 1323 735 erat
1343 690 1404 734 ibi
1424 693 1596 748 Moyses
1616 690 1662 734 in
1681 706 1808 735 cons·

422 776 441 798 »
478 768 609 818 pectu
629 759 803 810 'Domini
825 760 1114 820 quadraginta
1137 759 1292 805 diebus
1320 770 1364 805 et
1384 760 1672 821 quadraginta
1703 777 1809 807 noc·
1842 764 1846 803 ’ὲ

421 846 441 868 ))
481 828 596 873 tibus
612 864 622 884 ,
642 845 803 889 panem
825 845 913 874 non
933 830 1237 886 manducavit,
1259 840 1302 876 et
1319 846 1477 891 aquarn
1494 846 1585 875 non
1605 830 1741 886 bibit,
1767 840 1809 877 et
1842 833 1844 851 ³

420 918 441 941 υ
477 900 643 960 scripsit
664 901 710 944 in
734 899 895 944 tabulis
922 900 1056 945 verba
1080 901 1368 955 Testamenti,
1403 900 1554 945 decem
1583 901 1757 945 verba‘2.
1786 921 1804 943 »
1841 923 1845 942 τ

421 970 464 1016 si
486 971 601 1015 enim
629 971 825 1031 superius
854 969 975 1031 quod
1010 970 1177 1014 dictum
1205 980 1269 1015 est
1296 990 1304 1015 :
1347 990 1366 1012 «
1395 970 1541 1015 Scribe
1569 970 1650 1014 tibi
1679 970 1809 1015 verba
1834 967 1844 1030 Ιι

420 1061 441 1084 »
476 1044 596 1099 haec,
628 1044 789 1087 etenim
813 1043 861 1087 in
884 1042 1027 1087 verbis
1057 1043 1123 1086 his
1152 1042 1278 1102 posui
1303 1045 1628 1086 Testamentum
1657 1040 1736 1085 tibi
1767 1049 1810 1086 et

420 1132 440 1155 »
476 1113 607 1158 lsrael
623 1149 633 1169 ‚
662 1132 682 1154 »
710 1112 765 1157 ad
784 1113 1003 1172 superiora
1023 1112 1232 1171 pertinet,
1254 1128 1352 1172 quae
1375 1115 1488 1156 Deus
1506 1111 1565 1155 ita
1587 1110 1808 1170 praecipie-

419 1184 493 1229 bat
509 1220 519 1240 ,
545 1194 596 1229 ut
617 1200 706 1229 non
739 1185 785 1227 in
809 1183 979 1228 duabus
1000 1182 1180 1242 lapideis
1212 1182 1371 1227 tabulis
1400 1183 1708 1236 scriberentur,
1735 1179 1808 1226 sed
1833 1200 1844 1246 5³

417 1254 462 1299 in
483 1255 559 1299 illo
581 1255 693 1299 libro
710 1255 835 1313 Legis
851 1289 861 1309 ‚
882 1254 960 1297 ubi
977 1253 1116 1297 multa
1136 1254 1379 1313 conscripta
1402 1262 1503 1297 sunt
1529 1272 1537 1298 ;
1563 1261 1678 1297 certe
1700 1250 1808 1296 illud
1840 1269 1842 1271 ’

417 1324 537 1384 quod
560 1325 756 1384 sequitur
776 1343 784 1367 :
816 1343 835 1365 ι(
856 1326 913 1367 Et
928 1333 1020 1368 erat
1041 1324 1100 1367 ibi
1121 1327 1291 1381 Moyses
1313 1324 1359 1367 in
1380 1333 1613 1383 conspectu
1634 1320 1807 1367 Domini

421 1413 440 1435 >›
477 1393 766 1455 quadraginta
781 1392 934 1437 diebus
953 1403 996 1437 et
1010 1395 1297 1454 quadraginta
1315 1394 1532 1448 noctibus,
1550 1409 1706 1453 panem
1720 1407 1807 1437 non
1839 1419 1841 1426 «

421 1484 440 1507 »
478 1466 782 1520 manducavit,
809 1475 852 1509 et
875 1481 1032 1526 aquam
1056 1481 1144 1510 non
1167 1465 1304 1521 bibit,
1330 1474 1374 1509 et
1394 1465 1563 1525 scripsit
1585 1465 1631 1508 in
1650 1463 1807 1509 tabulis

421 1555 440 1578 »
475 1537 607 1581 verba
652 1536 942 1592 Testamenti,
981 1537 1132 1581 decem
1164 1536 1296 1581 verba
1329 1553 1337 1577 :
1380 1556 1400 1578 n
1434 1537 1532 1580 satis
1563 1534 1808 1592 manifestat

417 1607 622 1652 eumdem
643 1610 826 1664 Moysen
848 1607 893 1650 in
923 1606 1082 1651 tabulis
1110 1607 1204 1651 haec
1233 1607 1383 1651 decem
1405 1607 1538 1651 verba
1566 1606 1778 1666 scripsisse
1793 1639 1804 1657 ,

418 1694 508 1722 non
528 1681 681 1721 Deum.
705 1678 794 1722 Nisi
818 1676 927 1721 fortc.
957 1677 1169 1722 violenter
1191 1669 1396 1738 quidem,
1426 1676 1501 1720 sed
1523 1686 1638 1721 certa
1661 1692 1807 1721 neces-

417 1747 542 1791 sitate
564 1746 885 1806 compellimur,
918 1747 994 1790 ubi
1022 1747 1189 1792 dictum
1212 1757 1275 1792 est
1300 1769 1310 1791 :
1349 1766 1368 1789 «
1392 1750 1448 1791 Et
1479 1747 1646 1807 scripsit
1666 1747 1711 1790 in
1740 1756 1806 1791 ta-

421 1836 440 1858 »
474 1817 587 1862 bulis
622 1816 755 1862 verba
786 1817 1078 1872 Testamenti,
1105 1817 1257 1862 decem
1286 1817 1440 1872 verba,
1469 1835 1488 1857 »
1515 1833 1604 1860 non
1627 1820 1807 1872 Moysen

417 1887 679 1942 subaudire,
701 1887 777 1931 sed
801 1887 1034 1931 Dominum
1056 1907 1063 1931 ;
1086 1904 1213 1947 supra
1235 1888 1350 1931 enim
1379 1885 1569 1945 positum
1589 1895 1677 1930 est:
1707 1904 1727 1927 «
1753 1888 1809 1929 Et

420 1977 439 1998 »
477 1967 569 2002 crat
590 1961 760 2015 Moyses
784 1957 828 2001 in
859 1967 1095 2016 conspectu
1119 1956 1292 2000 Domini
1313 1975 1320 2000 :
1349 1974 1369 1997 >›
1396 1965 1446 2001 ut
1469 1973 1491 2001 a
1520 1956 1704 2000 Domino
1721 1990 1732 2010 ,
1763 1955 1807 1999 in

417 2030 539 2090 cujus
580 2037 814 2088 conspectu
855 2037 946 2072 crat
977 2031 1171 2085 Moyses,
1207 2048 1226 2069 «
1253 2027 1551 2086 Quadraginta
1583 2027 1736 2071 diebus
1765 2034 1807 2070 et

420 2117 440 2140 »
476 2098 761 2160 quadraginta
778 2097 980 2142 noctibus
1003 2113 1158 2157 panem
1177 2114 1266 2143 non
1284 2097 1569 2153 manducans,
1590 2107 1633 2141 ct
1649 2111 1805 2158 aquam
1824 2121 1825 2124 ¹
1853 2152 1857 2167 '

419 2188 439 2211 ³)
476 2186 564 2214 non
586 2169 763 2224 bibens,
792 2188 811 2210 υ
838 2168 995 2227 scripta
1016 2167 1316 2228 intelligantur
1332 2169 1425 2213 haec
1444 2169 1595 2213 decem
1615 2168 1747 2214 verba
1762 2167 1805 2211 in
1853 2170 1871 2219 Γ

416 2241 599 2296 tabulis,
626 2241 736 2285 sicut
758 2250 857 2284 ante
879 2240 1147 2300 promiserat.
1826 2270 1829 2302 ³
1855 2245 1872 2288 ,i

477 2315 550 2357 IV.
573 2311 703 2366 Quod
720 2312 754 2356 si
776 2311 835 2355 ita
856 2320 935 2365 est,
963 2327 1052 2356 non
1070 2311 1247 2372 quidem
1265 2311 1338 2357 illa
1354 2311 1602 2356 differentia
1618 2311 1804 2355 duorum
1826 2306 1828 2327 ¹
1850 2321 1872 2404 p

419 2386 820 2438 '1¹cstamentorum,
848 2398 947 2443 quae
969 2383 1095 2427 nobis
1116 2383 1202 2427 visa
1228 2392 1290 2427 cst
1307 2418 1317 2437 ,
1346 2383 1390 2426 in
1419 2383 1485 2427 his
1514 2383 1656 2427 verbis
1684 2397 1802 2427 com-
1851 2397 1872 2442 ‚A

418 2453 612 2498 mendari
642 2463 811 2513 potest,
844 2452 1022 2514 quando
1051 2463 1094 2497 et
1123 2453 1285 2512 priores
1314 2463 1360 2498 et
1396 2453 1604 2498 secundas
1640 2451 1802 2497 tabulas
1825 2450 1831 2482 θ’

1836 1878 1872 1914 ”]

1867 1958 1872 1985 ]

1867 2029 1872 2055 i

1868 2087 1871 2126 l

1834 1990 1842 2003 Ν

464 2538 716 2581 'Exod.xxx1v‚
742 2549 753 2571 1
791 2554 833 2562 -—-
854 2538 967 2570 2112id.
990 2547 1044 2581 27,
1065 2540 1119 2570 28.
1823 2487 1827 2639 Il
1854 2509 1857 2587 Ξ

1853 2703 1858 2854 i

1852 2859 1858 2971 1

1821 2868 1823 2876 4

1822 2911 1823 2923 l

1820 2946 1823 3015 l

1818 3113 1821 3182 i

1818 3196 1820 3213 l

1817 3219 1820 3229 i
