1872 3267
367 215 634 249 Quffisuomsss
667 214 711 240 IN
744 213 957 250 0131165111,
996 214 1076 239 Lm.
1114 215 1142 239 1.
1368 202 1448 240 163

64 297 83 319 »
122 293 259 322 11163111
283 278 433 324 (1666111
458 294 666 337 agnorum
682 314 692 333 ,
708 296 728 320 »
751 288 794 322 et
812 288 959 338 postea
974 279 1054 337 ipsi
1074 272 1245 332 Laban,
1278 298 1297 320 «
1313 282 1450 322 'Dece-

65 366 84 389 n
119 348 216 407 pisti
237 349 485 393 mercedem
509 364 650 393 meam
672 348 821 392 decem
849 349 1068 406 agnabus,
1093 366 1112 389 »
1143 364 1232 392 non
1256 348 1314 392 ita
1348 347 1455 394 dixit

61 418 182 478 quasi
207 419 454 478 provenerit
479 434 628 463 socero
658 420 748 478 ejus
780 419 871 478 ipsa
898 418 1039 476 fraus,
1069 427 1118 462 ut
1149 419 1266 461 enim
1299 434 1388 463 non
1413 419 1452 463 ei

60 489 322 548 provenir,et
340 492 478 533 Deum
497 488 697 533 sibidixit
709 488 817 533 adv
795 505 912 533 ersus
933 488 1057 533 illum
1076 486 1279 533 affuisse:
1299 489 1451 533 decem

58 574 160 604 veno
176 575 308 618 agnos
330 558 400 604 vel
420 559 571 604 decem
594 575 724 618 agnas
736 575 846 619 ,pio
866 559 1136 619 temporibus
1154 559 1319 618 posuit,
1341 559 1446 619 qui-

58 629 139 673 bus
156 645 275 685 oves,
298 646 405 690 quas
432 630 657 690 pascebat,
683 646 760 689 per
782 630 1038 674 sexennium
1068 639 1346 689 pepererunt.
1376 629 1446 673 Bis

58 701 218 761 quippe
249 701 510 760 pariebant
501 716 547 744 111
584 717 731 746 31111οε
757 702 1000 760 contigerat
1031 710 1178 745 autem
1215 710 1265 744 ut
1297 701 1439 760 primo

58 787 187 826 anno,
214 787 301 831 quo
325 772 436 814 inter
452 787 496 815 se
512 772 629 831 pacti
647 781 769 827 sunt,
794 782 837 816 et
854 772 909 816 ad
933 788 1002 816 eas
1023 771 1259 831 pascendas
1281 771 1440 832 placito

56 842 183 902 hujus
205 841 413 886 mercedis
427 843 618 897 accessit,
639 842 772 887 semel
794 852 995 903 parerent
1017 843 1062 887 in
1084 844 1170 886 fine
1192 843 1311 898 anni,
1332 843 1447 903 quia

58 928 157 957 cum
172 912 347 957 accessit
360 914 449 973 jam
464 912 595 956 semel
610 923 886 973 pepererant:
904 929 1165 974 rursumque
1179 923 1296 957 sexto
1311 929 1443 969 anno,

57 984 101 1028 id
110 994 187 1035 est,
200 984 370 1039 ultimo,
383 1001 483 1028 cum
498 985 629 1029 semel
640 987 918 1045 peperissent,
934 995 1079 1029 exorta
1089 986 1340 1029 necessitate
1350 1002 1448 1045 pro-

57 1054 277 1110 fectionis,
297 1056 416 1115 prius
443 1055 682 1110 recederet,
703 1072 836 1116 quam
862 1057 1021 1099 iterum
1044 1067 1270 1115 parerent,
1297 1073 1345 1101 ae
1362 1073 1439 1116 per

59 1126 141 1170 hoc
162 1143 261 1170 cum
286 1127 450 1186 primus
473 1143 612 1171 annus
633 1137 764 1187 atque
786 1126 968 1171 ultimus
987 1131 1096 1172 duos
1123 1128 1272 1172 ovium
1301 1137 1450 1187 partus

58 1197 140 1240 sub
162 1196 237 1241 illo
264 1198 498 1251 haberent,
522 1198 605 1242 hoe
633 1207 712 1253 est,
740 1198 959 1256 singulos,
985 1198 1117 1242 medii
1133 1214 1236 1243 vero
1262 1209 1452 1259 quatuor

59 1268 158 1311 anni
191 1268 341 1323 binos,
379 1270 492 1312 fiunt
516 1275 675 1313 *omnes
706 1269 873 1314 decem.
909 1272 996 1315 Nee
1028 1270 1188 1313 mirum
1210 1270 1331 1330 quod
1353 1271 1447 1315 haec

57 1337 206 1382 decem
228 1348 424 1398 tempora
446 1339 623 1383 nomine
645 1355 859 1397 agnorum
881 1339 1142 1399 appellavit,
1179 1341 1256 1401 qui
1281 1341 1446 1385 eisdem

57 1410 326 1468 temporibus
342 1410 655 1467 nascebantur,
670 1409 791 1455 velut
806 1411 838 1454 si
853 1411 1083 1471 quisquam
1095 1411 1210 1455 dicat
1227 1431 1235 1456 :
1251 1430 1270 1453 »
1285 1415 1366 1456 Per
1384 1421 1450 1457 tot

55 1480 310 1536 vindemias,
325 1500 344 1522 »
363 1491 438 1525 aut
453 1486 566 1525 «Per
581 1490 646 1525 tot
663 1497 835 1535 messes,
859 1501 877 1523 >›
905 1483 1065 1542 quibus
1084 1498 1292 1528 numerus
1315 1483 1447 1528 intel-

55 1549 214 1607 ligatur
231 1567 467 1597 annorum:
484 1553 603 1597 unde
612 1552 872 1612 aitquidam,
891 1556 1019 1597 «Post
1037 1552 1204 1613 aliquot
1220 1555 1384 1599 aristas²
1399 1574 1437 1613 ς»

55 1635 132 1680 per
153 1622 301 1665 aristas
327 1622 528 1665 videlieet
558 1638 736 1676 messes,
769 1632 812 1667 et
837 1639 914 1682 per
939 1639 1095 1668 messes
1119 1640 1254 1669 annos
1280 1626 1446 1684 signifi-

54 1706 170 1735 cans.
198 1691 422 1735 Peeudum
457 1701 603 1736 autem
625 1691 739 1736 illius
771 1693 958 1750 regionis
995 1693 1289 1752 foecunditas,
1337 1698 1448 1743 sicut

58 1760 286 1818 Italarum,
312 1771 433 1807 tanta
455 1762 615 1818 fertur,
640 1773 691 1807 ut
712 1763 778 1807 bis
798 1763 844 1807 in
868 1779 983 1808 anno
1005 1765 1191 1824 pariant.

559 1860 796 1909 QUAEsrlo
827 1860 964 1900 xcvi.

118 1981 138 2005 «
164 1964 349 2007 summ
380 1971 526 2006 autem
556 1962 693 2007 Jacob
723 1961 914 2022 lapidem
945 1971 988 2007 et
1014 1963 1240 2010 constituit
1261 1981 1363 2010 eum
1387 1968 1444 2012 ti-

58 2050 78 2073 »
104 2032 277 2077 tulum'2.
288 2052 307 2074 »
322 2033 558 2092 Diligenter
575 2032 1012 2078 animadvertendum
1025 2044 1089 2078 est
1102 2037 1326 2096 quomodo
1343 2038 1446 2084 istos

56 2103 200 2148 titulos
222 2105 267 2148 in
295 2105 354 2148 rei
381 2106 594 2165 cujusque
625 2105 874 2150 testimonio
901 2106 1254 2163 constituebant,
1280 2125 1370 2154 non
1393 2120 1443 2155 ut

55 2189 125 2220 eos
138 2191 216 2235 pro
238 2175 316 2221 diis
335 2175 551 2232 colerent,
572 2175 648 2220 sed
668 2185 717 2220 ut
738 2176 797 2221 eis
819 2175 989 2238 aliquid
1011 2177 1321 2238 significarent.

531 2286 768 2336 QUAEsrlo
800 2286 956 2328 xovn.

109 2389 232 2439 Quen
264 2402 468 2432 acervum
503 2386 727 2447 lapidum,
753 2403 885 2448 quem
909 2388 1027 2433 inter
1047 2405 1091 2434 se
1126 2392 1444 2439 constituerant

53 2457 198 2501 Laban
220 2467 264 2502 et
280 2459 416 2503 Jacob
428 2494 439 2513 ,
457 2474 559 2503 011111
576 2458 800 2520 aliquanta
821 2459 1069 2505 diversitate
1092 2461 1439 2522 appellaverunt,

103 2559 111 2576 ¹
133 2554 237 2595 Vin-gil.
257 2555 287 2586 in
307 2555 460 2587 Bucolicis
479 2555 585 2595 Eeiog.
611 2567 637 2586 1.
661 2573 700 2578 —-
718 2562 730 2577 ²
750 2558 828 2588 Gen.
844 2566 933 2597 uxi,
958 2555 1005 2597 15.

1215 2617 1274 2653 11.
