1872 3267
430 185 511 224 142
861 197 895 223 s.
931 194 1162 224 Auonsrmi
1194 196 1374 223 Eriscom

430 276 539 321 puer
567 261 786 317 ignoraret
805 274 893 319 quo
910 270 1045 305 mater
1072 260 1248 316 abierit,
1274 268 1317 304 et
1340 273 1434 303 eam
1458 259 1504 301 in
1526 256 1804 315 sylvestribus

427 331 632 390 stirpibus
659 322 853 384 latuisse,
881 345 936 374 ne
964 330 1101 375 filium
1131 331 1198 375 siti
1220 330 1494 375 deficientem
1519 327 1699 373 videret.
1725 325 1804 371 llle
1864 358 1868 363 -

427 410 573 445 autem
595 400 723 445 etiam
740 399 813 444 illa
834 409 961 445 aetate
976 436 986 456 ,
1003 400 1110 462 quid
1132 402 1293 446 mirum
1314 402 1348 445 si
1369 408 1507 444 matre
1531 398 1694 443 diutius
1715 412 1804 442 non

426 472 516 516 visa
541 480 585 515 et
614 480 822 531 tanquam
844 469 1032 530 perdita,
1057 487 1109 516 eo
1132 471 1251 525 loco,
1275 471 1352 515 ubi
1374 469 1489 515 solus
1515 476 1802 523 remanserat,

427 542 547 587 flevit
559 543 577 586 P
590 541 718 595 Quod
739 557 841 600 ergo
858 552 1006 601 postea
1023 543 1182 589 dicitur
1196 580 1207 600 ,
1236 564 1256 586 «
1276 544 1435 604 Accipe
1451 557 1634 603 puerum
1645 576 1656 597 ,
1679 558 1699 582 »
1717 555 1821 584 non.
1852 596 1855 606 A

428 622 479 658 ut
500 628 600 657 eum
621 612 676 656 de
698 622 810 656 terra
832 612 953 657 velut
971 614 1187 673 jacentem
1209 614 1405 670 tolleret,
1429 614 1596 658 dictum
1617 620 1702 667 est,
1732 608 1807 656 sed
1852 610 1854 612 ’

429 693 480 728 ut
501 684 540 727 ei
562 684 898 743 conjungeretur
914 718 924 738 ‚
945 692 988 727 et
1003 699 1103 728 eum
1120 700 1253 729 manu
1270 693 1437 729 teneret
1459 683 1662 742 deinceps
1678 680 1810 726 comi-
1870 721 1872 726 .

431 763 519 799 tem
536 789 547 809 ,
583 754 694 798 sicut
719 763 810 798 erat
826 753 987 814 rquod
1011 754 1270 817 plerumque
1297 755 1465 800 faciunt
1491 753 1620 798 simul
1651 752 1809 797 ambu-
1849 808 1851 818 Α

430 824 568 870 lantes
590 824 823 885 cujuslibet
844 826 994 870 aetatis.

944 925 1181 975 QUAESTIO
1211 927 1292 965 LV.

498 1047 517 1069 «
530 1030 710 1071 FACTUM
720 1037 784 1071 est
797 1036 942 1071 autem
955 1027 1000 1071 in
1014 1037 1206 1087 tempore
1223 1027 1314 1083 illo,
1331 1036 1373 1072 et
1391 1025 1497 1071 dixit
1511 1023 1766 1070 Abimelech
1777 1026 1808 1080 ¹,

440 1116 458 1138 n
493 1101 575 1141 etc.
600 1116 618 1138 »
640 1098 787 1151 Quaeri
801 1107 957 1157 potest,
971 1098 1147 1158 quando
1165 1114 1266 1142 cum
1279 1097 1362 1142 isto
1374 1096 1814 1155 Abimelechpactum
1844 1095 1847 1137 ζ

433 1166 537 1212 fecit
558 1168 795 1223 Abraham,
811 1177 853 1211 et
867 1167 1106 1228 appellatus
1129 1178 1191 1212 est
1214 1177 1371 1228 puteus
1384 1182 1516 1228 quem
1528 1165 1656 1222 fodit,
1681 1185 1700 1207 «
1728 1168 1815 1208 Pu-
1842 1187 1845 1232 5

436 1257 456 1280 »
493 1248 586 1283 teus
593 1239 840 1299 jurationis,
855 1257 874 1281 »
891 1240 1114 1300 quomodo
1133 1249 1342 1298 congruat
1356 1239 1556 1285 veritati?
1570 1241 1686 1297 Agar
1699 1236 1814 1280 enim
1842 1256 1843 1262 ¹

433 1308 488 1353 de
511 1310 699 1354 Abrahae
721 1309 852 1354 domo
874 1309 1049 1370 expulsa
1070 1327 1171 1355 cum
1186 1311 1298 1366 filio,
1314 1312 1439 1371 juxta
1460 1314 1662 1363 Puteum,
1691 1306 1815 1352 sicuti

434 1380 601 1426 dictum
622 1391 705 1437 est,
715 1381 942 1442 jurationis
960 1383 1146 1438 errabat,
1163 1383 1239 1443 qui
1256 1381 1380 1427 valde
1393 1390 1540 1441 postea
1555 1377 1814 1424 diciturfac-
1838 1370 1841 1446 j

433 1461 503 1496 tus
520 1453 575 1496 ab
587 1453 808 1496 Abraham
825 1474 836 1510 3
854 1453 915 1496 ibi
932 1453 1047 1496 enim
1069 1452 1323 1497 Abinielech
1343 1460 1386 1495 et
1409 1451 1629 1496 Abraham
1647 1452 1816 1511 jurave·
1838 1453 1840 1495 J

436 1532 560 1578 runt,
581 1523 700 1583 quod
722 1524 920 1567 nondum
943 1523 1095 1583 utique
1122 1523 1284 1567 factum
1322 1531 1434 1578 erat,
1460 1537 1559 1566 cum
1600 1521 1654 1565 de
1687 1519 1817 1565 domo

434 1594 624 1638 Abrahae
636 1596 749 1650 Agar
760 1609 860 1637 cum
874 1593 962 1638 filio
975 1592 1122 1638 fuisset
1134 1593 1324 1653 expulsa.
1342 1592 1574 1646 Quomodo
1592 1607 1694 1651 ergo
1709 1606 1818 1635 erra-

436 1663 512 1707 bat
529 1665 654 1723 juxta
668 1667 853 1708 Puteum
869 1664 1128 1724 jurationis?
1144 1667 1212 1708 An
1232 1663 1397 1708 factum
1408 1665 1498 1724 jam
1515 1663 1646 1707 fuisse
1665 1661 1835 1723 intelli-1

438 1734 629 1792 gendum
641 1742 718 1790 est,
731 1743 773 1778 et
782 1734 1264 1794 perrecapitulationem
1277 1744 1424 1794 postea
1433 1732 1835 1787 commemoratum?

437 1804 558 1865 quod
597 1805 685 1863 egit
716 1805 935 1849 Abraham
968 1821 1068 1849 cum
1106 1804 1403 1849 Abimelech?
1431 1805 1520 1849 Nisi
1552 1802 1664 1848 forte
1692 1793 1834 1862 longe:

438 1886 586 1936 postea
599 1876 761 1920 librum
778 1876 961 1935 scripsit,
977 1892 1029 1919 ex
1045 1876 1220 1920 nomine
1238 1875 1363 1919 Putei
1374 1875 1604 1936 jurationis
1626 1870 1831 1935 appella-³

439 1949 502 1993 vit
535 1948 776 2006 regionem,
815 1947 861 1990 in
889 1964 974 2007 qua
997 1963 1096 1991 cum
1119 1947 1208 1991 filio
1232 1957 1367 1991 mater
1391 1946 1587 2002 errabat,
1611 1955 1819 2007 tanquam

441 2018 630 2062 diceret:
662 2036 678 2057 «
707 2016 892 2061 Errabat
915 2018 960 2060 in
982 2017 1054 2061 illa
1079 2017 1274 2076 regione,
1298 2018 1375 2062 ubi
1398 2021 1560 2062 Puteus
1591 2016 1830 2078 jurationisf

445 2106 465 2130 »
499 2087 640 2133 factus
660 2097 722 2132 est
743 2107 751 2132 ;
773 2106 793 2129 »
819 2087 1015 2148 quamvis
1029 2097 1187 2147 puteus
1201 2097 1348 2147 postea
1361 2089 1414 2132 sit
1425 2087 1566 2132 factus
1581 2087 1680 2143 ,sed
1695 2087 1820 2145 longe

444 2167 543 2203 ante
575 2167 748 2202 aetatem
790 2158 1030 2218 scriptoris,
1064 2158 1122 2202 sic
1155 2167 1299 2202 autem
1331 2158 1631 2218 appellabatur
1665 2145 1827 2217 puteus¹

443 2246 543 2275 cum
575 2229 686 2273 liber
718 2230 1001 2286 scriberetur
1032 2245 1193 2274 nomen
1225 2239 1374 2274 tenens
1409 2230 1665 2290 antiquum,
1701 2222 1825 2290 quod}

444 2300 702 2346 Abraham
693 2310 969 2360 imposuerat
1009 2301 1050 2345 Si
1077 2310 1223 2345 autem
1255 2300 1345 2360 ipse
1380 2309 1444 2345 est
1480 2309 1661 2360 puteus,
1693 2313 1818 2361 quem

445 2372 601 2432 apertis
620 2370 755 2417 oculis
777 2371 882 2417 vidit
899 2375 1035 2431 Agar,
1060 2371 1168 2415 nihil
1192 2380 1323 2416 restat
1343 2371 1424 2415 nisi
1445 2380 1495 2416 ut
1510 2387 1586 2431 per
1613 2371 1822 2431 recapitu

443 2441 649 2487 lationem
663 2442 846 2503 quaestio
862 2441 1134 2488 dissolvatur.
1155 2444 1243 2490 Nec
1264 2456 1437 2488 movere
1454 2441 1586 2488 debet
1602 2439 1821 2502 quomodo?

495 2545 502 2561 ¹
521 2541 599 2572 Gen.
622 2549 686 2580 xn,
709 2546 762 2571 22.
