1872 3267
359 248 406 278 ῳι
426 245 625 272 ms‘rroNEs
660 245 702 270 ιΝ
736 241 883 281 insti-7,
922 245 1002 270 Lm.
1040 245 1098 270 w.
1335 231 1416 267 53„

563 358 799 408 QUAESTJO
832 360 899 398 ιιι.

96 464 254 508 Senum:
272 461 437 522 populo
455 461 609 506 dicunt
624 497 635 516 ,
663 479 682 503 «
707 462 819 506 Cum
841 461 1033 505 videritis
1055 475 1198 505 arcam
1220 461 1420 505 testimo-

37 550 59 574 »
85 533 146 576 nii
163 533 332 577 Domini
356 532 434 577 Dei
456 532 614 586 nostri,
649 541 692 576 et
725 532 968 576 sacerdotes
990 539 1158 575 nostros
1186 540 1230 575 et
1254 531 1423 575 Levitas

35 621 57 646 >›
82 603 267 649 tolentes
284 619 379 647 eam
396 638 406 657 ‚
432 602 762 662 proficiscemini
784 602 838 646 de
856 602 961 647 locis
982 601 1156 659 vestris3
1180 611 1224 645 et
1245 602 1304 645 ite
1325 610 1424 661 post

35 693 55 717 »
81 690 205 718 earn:
240 673 314 717 sed
342 673 526 732 longum
559 671 835 716 intervallum
870 674 923 717 sit
956 673 1068 717 inter
1099 687 1176 717 vos
1209 681 1250 715 et
1276 671 1419 728 illam,

35 763 56 787 »
76 754 291 806 quantum
315 744 404 788 duo
424 743 556 788 millia
578 743 825 788 cubitorum
841 744 1028 799 stabitis⁷
1045 759 1100 787 ne
1120 742 1422 803 propinquetis

34 835 54 857 »
81 816 134 870 ei,
159 825 208 860 ut
221 815 361 859 sciatis
378 815 507 869 viam,
529 831 659 875 quam
678 815 793 859 ibitis
812 815 857 858 in
875 830 984 858 eam.
1001 818 1099 859 Non
1121 814 1236 858 enim
1259 814 1421 858 abiistis

0 937 1 945 ἵ
33 905 54 929 »
74 887 188 932 viam
207 887 262 931 ab
285 888 483 931 hesterna
503 897 544 931 et
558 886 903 930 nudiustertiana
919 886 1030 930 die¹.
1055 907 1071 927 »
1092 891 1236 945 Longe
1253 886 1421 946 jussum

0 952 1 998 ζ
29 967 94 1002 est
107 973 246 1002 arcam
262 956 523 1017 praecedere,
541 967 589 1001 ut
604 967 745 1018 posset
761 975 781 1002 a
795 957 959 1018 populo
972 957 1123 1002 videri.
1141 960 1244 1001 Tam
1260 955 1422 1015 grande

29 1029 192 1089 quippe
216 1044 393 1087 agmen,
418 1029 449 1072 si
468 1038 567 1088 post
583 1044 676 1072 eam
699 1029 946 1088 proximum
965 1037 1185 1088 pergeret,
1212 1042 1302 1072 non
1324 1042 1420 1071 eam

28 1099 195 1144 videret
222 1100 396 1159 praeire,
423 1115 503 1143 nec
525 1109 669 1144 nosset
686 1115 772 1160 qua
790 1108 1058 1160 sequeretur.
1079 1101 1144 1142 Ex
1167 1099 1251 1142 hoc
1274 1107 1420 1142 autem

27 1170 144 1215 facto
169 1170 503 1229 intelligendum
532 1180 616 1226 est,
647 1170 766 1231 quod
789 1170 994 1215 columna
1027 1168 1100 1213 illa
1131 1170 1285 1225 nubis,
1319 1185 1419 1230 quae

27 1240 193 1286 solebat
209 1241 434 1285 movendis
457 1242 604 1285 eastris
632 1242 802 1300 signum
826 1240 951 1296 dare,
978 1249 1021 1284 et
1041 1240 1123 1284 iter
1140 1238 1416 1295 ostendere²‚

23 1313 114 1372 jam
145 1321 402 1365 recesserat,
435 1327 516 1356 nec
544 1312 603 1356 eis
641 1311 880 1371 apparebat
906 1331 914 1356 ;
950 1311 1053 1355 hinc
1080 1310 1247 1356 factum
1273 1320 1338 1355 est
1369 1321 1418 1356 ut

26 1383 155 1427 etiam
174 1382 369 1427 triduum
387 1381 514 1437 illud,
539 1385 555 1440 (
578 1382 633 1426 de
656 1398 745 1442 quo
766 1382 811 1425 in
833 1382 1043 1442 superiori
1065 1382 1322 1442 quaestione,
1339 1384 1418 1440 )ex

25 1453 219 1498 humana
241 1453 519 1512 dispositione
541 1452 863 1512 praediceretur.
891 1456 1018 1498 Nunc
1044 1469 1146 1512 ergo
1178 1453 1290 1497 duce
1313 1455 1417 1498 Jesu

25 1540 169 1569 arcam
192 1524 365 1568 Domini
378 1533 623 1583 sequuntur
643 1523 763 1567 nube
780 1524 1002 1568 subtracta
1019 1559 1030 1577 ‚
1058 1533 1268 1584 tanquam
1292 1523 1414 1568 vela-

24 1595 142 1638 mine
161 1593 323 1638 ablato.
353 1613 371 1635 «
394 1597 417 1637 J
423 1594 595 1638 ordanis
619 1603 764 1651 autem
787 1593 942 1653 plenus
963 1604 1054 1639 erat
1075 1610 1152 1654 per
1174 1604 1310 1639 totam
1328 1609 1419 1639 cre-

27 1683 47 1707 »
76 1664 268 1724 pidinem
289 1681 410 1709 suam
427 1700 437 1719 ‚
484 1665 596 1709 sicut
629 1665 675 1708 in
710 1663 864 1709 diebus
886 1665 1032 1709 messis
1056 1666 1185 1710 tritici
1210 1668 1241 1710 3.
1266 1685 1286 1708 ι)
1319 1669 1414 1711 Hoc

24 1736 278 1781 incredibile
304 1736 480 1780 videtur
512 1737 762 1795 regionibus
790 1738 961 1781 nostris.
1000 1738 1067 1781 Ibi
1099 1747 1270 1794 autem,
1302 1739 1414 1783 sicut

25 1808 258 1867 perhibent
288 1808 365 1868 qui
399 1817 640 1862 noverunt,
677 1807 800 1851 initio
827 1808 939 1851 veris
970 1817 1034 1852 est
1064 1809 1210 1853 messis
1243 1809 1375 1854 tritici
1401 1831 1409 1855 :

24 1888 129 1923 tunc
161 1888 306 1923 autem
329 1878 401 1923 ille
424 1879 583 1923 ssuvius
615 1878 807 1938 repletur
831 1879 1018 1939 amplius
1045 1896 1178 1940 quam
1204 1896 1281 1941 per
1303 1882 1414 1939 hye—

23 1965 153 1993 mem.

548 2059 783 2109 QUAEsrro
815 2062 882 2100 ιν.

86 2181 106 2203 (ι
122 2164 187 2205 ΕΤ
203 2170 332 2205 erunt
347 2160 471 2205 vobis
482 2160 646 2220 lapides
662 2161 732 2205 isti
745 2161 995 2206 memoriale
1007 2161 1106 2207 filiis
1124 2163 1254 2208 Israel
1268 2179 1409 2225 usque

27 2251 45 2274 »
62 2233 106 2276 in
127 2242 340 2277 aeternum
355 2235 386 2276 ⁴⁵.
412 2252 431 2272 ι)
457 2233 689 2285 Quomodo
715 2252 734 2275 «
756 2234 801 2278 in
818 2243 1033 2278 aeternum
1049 2269 1059 2289 ,
1080 2254 1098 2275 ι)
1125 2249 1227 2278 eum
1245 2236 1409 2280 coelum

23 2312 66 2347 et
88 2313 200 2347 terra
223 2305 493 2347 transeant5?
515 2307 584 2347 An
607 2303 816 2363 qnoniam
835 2313 1048 2348 aeternum
1061 2303 1227 2365 aliquid
1240 2306 1407 2365 signifi-

23 2384 122 2419 cant
137 2375 181 2418 hi
200 2373 365 2434 lapides
376 2410 386 2429 ‚
408 2390 507 2418 cum
525 2374 605 2434 ipsi
619 2375 770 2419 {eterni
786 2391 877 2420 esse
890 2392 980 2420 non
997 2377 1189 2436 possint?
1203 2378 1410 2430 Quamvis

22 2445 156 2504 possit
171 2445 294 2504 quod
308 2445 351 2488 in
367 2460 505 2503 graeco
523 2454 602 2500 est,
619 2454 674 2491 ἑὼς
694 2457 744 2486 τοῦ
769 2454 891 2502 αἰῶνος,
909 2446 993 2491 dici
1009 2446 1159 2503 latine,
1179 2451 1261 2492 «Et
1271 2464 1410 2510 usque

71 2549 80 2563 ¹
101 2542 195 2573 Josne¹
221 2553 266 2580 ιιι,
287 2542 319 2583 3,
339 2541 370 2584 4.
391 2560 433 2565 —
450 2550 462 2565 ²
483 2543 581 2574 Fxod.
602 2554 666 2583 xm,
687 2552 799 2575 21.--
823 2542 835 2566 3
849 2545 944 2575 Josur‘ss,
959 2553 1004 2584 m,
1027 2543 1077 2576 15.
1099 2543 1234 2577 -41d.
1255 2556 1301 2587 lv,
1321 2555 1408 2588 7.-

24 2596 39 2619 5
56 2598 169 2630 Matth.
187 2609 276 2640 xxiv,
297 2598 348 2630 35.
