1872 3267
401 195 486 235 586
822 205 857 233 s.
892 206 1122 235 AUGUSTINI
1155 207 1337 234 EPISCOPI

399 292 419 315 >›
446 272 502 316 de
523 281 674 316 ventre
691 271 782 332 ejus
798 272 939 316 ssuent
959 288 1083 333 aquae
1095 273 1231 319 vivae:
1260 292 1280 314 »
1298 272 1375 316 ubi
1389 273 1662 332 Evangelista
1679 273 1782 318 sub-

390 343 555 405 junxit,
583 361 602 384 »
642 346 734 387 Hoc
758 352 904 387 autem
931 343 1106 388 dicebat
1133 344 1187 388 de
1217 344 1377 403 Spiritu
1401 359 1532 404 quem
1564 345 1782 404 accepturi

398 433 418 456 »
439 423 563 458 erant
579 413 861 459 credentesin
875 417 1016 458 eum1.
1038 434 1057 456 »
1079 415 1377 474 Significatum
1393 424 1457 459 est
1469 423 1512 458 et
1526 415 1779 474 perignem,
1837 421 1840 423 ’

395 485 474 530 ubi
498 485 701 528 veniente
723 483 800 529 illo
823 500 952 544 super
972 495 1253 544 congregatos
1284 485 1444 544 legitur
1466 505 1475 530 z
1503 505 1524 528 «
1548 486 1660 530 Visae
1682 494 1784 530 sunt

397 575 419 598 »
439 554 522 600 illis
542 555 702 614 linguae
717 555 865 599 divisae
882 555 1005 600 velut
1017 556 1143 614 ignis,
1159 557 1235 616 qui
1256 565 1298 600 et
1315 555 1472 600 insedit
1483 571 1612 615 super
1629 571 1784 600 unum-

398 644 419 669 »
440 641 661 687 quemque
682 629 876 670 eorum2.
907 629 1001 670 »Et
1021 627 1112 685 ipse
1134 627 1343 672 Dominus
1358 627 1418 672 ait
1441 644 1450 670 ε
1478 646 1500 671 «
1519 630 1671 686 Ignem
1683 620 1810 673 veni.v

400 715 421 740 »
446 696 619 741 mittere
629 711 759 757 super
781 706 939 741 terram
954 698 986 740 3.
1011 714 1030 737 »

857 804 1094 858 QUAEsTIO
1125 808 1319 848 xxxvii.

455 928 477 952 «
509 912 574 955 ΕΤ
595 910 736 955 factus
760 918 824 955 est
846 925 1053 954 numerus
1068 925 1241 966 eorum,
1262 910 1338 971 qui
1351 910 1634 956 lambuerunt
1651 925 1785 956 manu

395 998 416 1022 »
441 995 538 1036 sua,
563 980 714 1039 lingua
733 997 825 1036 sua,
847 981 1031 1026 trecenti
1057 981 1179 1026 viri⁴.
1202 999 1221 1022 »
1245 981 1447 1041 Plerique
1463 980 1588 1026 latini
1611 980 1784 1026 codices

392 1066 482 1096 non
502 1051 693 1107 habent,
731 1055 911 1096 «Manu
945 1068 1043 1106 sua,
1071 1069 1091 1093 »
1130 1052 1207 1096 sed
1228 1051 1535 1096 tantummodo
1573 1052 1784 1109 «Lingua
1846 1081 1847 1084 =

395 1141 415 1164 »
442 1138 544 1178 sua,
572 1141 593 1164 1)
631 1123 841 1183 quoniam
862 1124 922 1167 sic
959 1122 1268 1168 intellexerunt
1295 1123 1416 1184 quod
1449 1139 1580 1184 supra
1615 1122 1786 1168 dictum
1848 1163 1849 1182 3

391 1202 475 1248 est,
511 1212 532 1234 «
573 1193 696 1238 Sicut
717 1208 846 1238 canes
874 1214 883 1239 :
923 1212 942 1235 »
970 1209 1135 1252 graecus
1173 1204 1320 1239 autem
1352 1194 1486 1239 habet
1518 1203 1781 1254 utrumque,
1847 1190 1850 1225 ἕ

396 1282 418 1306 «
436 1266 572 1308 Manu
584 1279 677 1319 sua,
695 1263 844 1322 lingua
855 1279 947 1319 sua,
966 1282 986 1305 >›
1005 1273 1056 1308 ut
1066 1264 1333 1322 intelligatur
1345 1264 1465 1324 quod
1479 1280 1614 1308 manu
1627 1279 1786 1325 aquam
1848 1275 1849 1313 J

391 1344 560 1394 raptam
582 1335 628 1379 in
652 1350 698 1379 os
729 1335 1017 1394 projiciebant
1042 1354 1050 1379 :
1075 1344 1116 1379 et
1138 1336 1222 1379 hoc
1246 1346 1337 1380 erat
1365 1334 1503 1379 simile
1532 1336 1785 1380 bibentibus
1850 1358 1857 1391 3·

391 1404 573 1449 canibus
593 1439 604 1456 ,
625 1404 703 1465 qui
726 1419 815 1449 non
848 1419 922 1449 ore
945 1404 1165 1464 apposito,
1193 1405 1304 1449 sicut
1330 1404 1487 1460 hoves,
1512 1421 1670 1465 aquam
1698 1405 1785 1450 du-

395 1485 503 1520 cunt
525 1491 658 1536 quam
673 1475 856 1530 bibunt,
883 1475 958 1520 sed
981 1475 1132 1535 lingua
1154 1475 1200 1519 in
1222 1491 1268 1520 os
1291 1477 1494 1536 rapiunt,
1527 1476 1639 1521 sicut
1656 1477 1785 1521 etiam

391 1547 461 1591 isti
483 1545 790 1605 intelliguntur
812 1545 982 1602 fecisse,
1009 1546 1084 1591 sed
1106 1563 1206 1591 cum
1224 1562 1358 1591 manu
1380 1548 1426 1591 in
1439 1563 1485 1591 os
1509 1563 1665 1608 aquam
1683 1564 1786 1607 pro-

384 1618 594 1678 jicerent,
620 1632 753 1676 quam
776 1616 926 1674 lingua
943 1617 1205 1676 exciperent.
1223 1620 1333 1663 Nam
1356 1627 1399 1662 et
1421 1618 1720 1678 interpretatio
1737 1634 1788 1662 ex

388 1689 565 1733 hebraeo
579 1686 749 1747 planius
766 1686 811 1731 id
826 1688 959 1732 habet
975 1688 1041 1732 his
1058 1689 1201 1732 verbis
1221 1707 1228 1732 :
1250 1707 1270 1731 «
1289 1689 1391 1732 Fuit
1415 1690 1563 1748 itaque
1579 1705 1785 1735 numerus

391 1778 411 1801 »
438 1774 593 1804 eorum
608 1794 618 1813 ‚
644 1760 720 1819 qui
742 1774 876 1802 manu
897 1760 942 1802 in
964 1774 1009 1803 os
1031 1760 1285 1819 projiciente
1307 1775 1462 1819 aquam
1487 1759 1781 1817 lambuerant,

394 1849 414 1872 »
441 1829 628 1874 trecenti
649 1829 774 1874 viri⁵.
792 1831 944 1890 Neque
961 1829 1077 1873 enim
1095 1829 1235 1873 solent
1245 1830 1441 1874 homines
1464 1830 1520 1873 ita
1544 1830 1690 1875 bibere
1704 1867 1714 1886 ‚
1736 1841 1786 1876 ut

389 1901 482 1945 sine
511 1916 593 1960 ope
611 1915 765 1944 manus
785 1899 955 1959 lingua,
981 1900 1093 1944 sicut
1113 1915 1254 1955 canes,
1270 1916 1427 1961 aquam
1450 1901 1654 1945 hauriant
1673 1922 1682 1946 ε
1709 1912 1785 1947 aut

387 1987 490 2018 vero
511 1972 601 2016 istis
623 1981 895 2032 praeceptum
913 1971 1080 2026 fuerat,
1103 1981 1153 2016 ut
1169 1972 1253 2016 hoc
1267 1970 1461 2016 facerent
1485 1992 1494 2017 :
1519 1973 1594 2017 sed
1611 1989 1712 2017 cum
1731 1972 1786 2018 ad

387 2042 632 2087 bibendum
655 2041 983 2087 descendissent
1022 2044 1079 2087 ad
1112 2058 1293 2102 aquam,
1319 2041 1464 2098 multi,
1492 2059 1607 2102 genu
1648 2043 1779 2099 flexo,

389 2113 622 2168 biberunt5
638 2112 757 2173 quod
773 2111 942 2157 facilius
963 2123 1006 2157 et
1024 2113 1190 2157 minore
1208 2113 1356 2157 labore
1377 2114 1519 2168 fieret,
1539 2114 1666 2173 pauci
1682 2130 1785 2159 vero

387 2185 490 2245 quia
512 2200 601 2228 non
624 2185 739 2229 flexo
764 2200 879 2243 genu
897 2200 941 2228 se
964 2185 1323 2239 incurvaverunt,
1339 2194 1389 2228 ut
1410 2201 1536 2229 canes
1550 2185 1774 2242 biberunt,

387 2255 463 2299 sed
485 2272 597 2315 aqua
623 2271 756 2300 manu
786 2256 831 2300 in
859 2271 905 2300 os
922 2257 1051 2315 jacta.
1078 2260 1276 2310 Quorum
1297 2272 1504 2300 numerus
1520 2292 1530 2311 ,
1563 2257 1666 2317 quia
1691 2267 1781 2301 tre-

388 2327 503 2370 centi
525 2335 670 2381 erant,
706 2327 879 2385 signum
900 2326 1091 2371 insinuat
1127 2327 1288 2381 crucis,
1320 2335 1498 2386 propter
1526 2326 1721 2370 litteram
1748 2331 1781 2371 T

387 2411 570 2454 graecam
607 2412 694 2456 qua
722 2397 800 2440 iste
822 2412 1028 2441 numerus
1060 2397 1351 2456 significatur3
1382 2412 1459 2456 per
1486 2413 1619 2457 quam
1641 2398 1772 2441 etiam

435 2501 443 2516 ¹
461 2497 631 2533 Joan.v11,
650 2494 758 2536 37-39.
780 2511 817 2516 -—
835 2501 848 2517 ²
874 2497 945 2527 Act.
963 2507 997 2532 11,
1019 2496 1048 2527 3.
1077 2513 1118 2518 -—-
1140 2494 1152 2518 3
1172 2497 1247 2527 Luc.
1270 2506 1315 2527 xii
1329 2520 1337 2536 ,
1356 2493 1410 2537 49.
1431 2512 1470 2517 —
1492 2494 1505 2524 4
1524 2495 1626 2526 Jndie.
1650 2507 1708 2533 vu,
1727 2495 1760 2526 (3,

388 2566 428 2572 -κ
444 2547 456 2571 s·
477 2550 603 2590 Vulgata
624 2554 727 2581 nostra
746 2550 790 2581 sic
810 2549 924 2582 habui.
