1872 3267
426 189 507 228 418
857 204 890 229 s.
927 200 1156 235 Aucusrmm
1189 206 1368 238 Eriscom,

417 266 556 310 nelius
577 274 619 312 et
642 266 718 326 qui
747 281 848 313 cum
870 282 921 312 eo
952 279 1100 326 erant,
1126 286 1224 315 cum
1247 272 1339 331 jam
1366 271 1636 317 invisibiliter
1666 272 1828 321 11111150

419 346 568 381 sancto
596 336 756 397 Spiritu
783 338 1034 385 sanctificati
1067 351 1345 401 apparerent,
1371 342 1576 401 baptizati
1607 353 1709 389 sunt
1746 354 1808 389 ta-

418 409 548 451 men1
575 427 583 453 ε
617 423 696 452 1166
725 409 944 468 superflua
967 410 1161 469 judicata
1189 420 1252 456 est
1285 411 1464 457 visibilis
1491 412 1804 471 sanctificatio,

418 494 550 538 quam
572 477 798 524 invisibilis
813 479 904 539 jam
920 491 1208 539 praecesserat.

881 588 1117 637 QUAESTIO
1148 588 1335 630 Lxxxv.

480 709 500 732 «
524 691 588 734 ET
600 688 772 734 locutus
787 698 850 734 est
863 690 1073 734 Dominus
1089 690 1144 735 ad
1160 695 1358 750 Moysen,
1375 691 1524 737 dicens
1542 712 1550 737 :
1569 693 1646 738 Dic
1661 695 1807 739 Aaron

419 779 440 802 »
475 770 518 804 et
540 759 636 804 filiis
658 760 773 820 ejus,
802 768 846 804 et
871 759 1099 805 attendant
1122 778 1145 805 a
1176 763 1333 808 sanctis
1365 763 1556 808 filiorum
1582 763 1738 819 Israel,
1764 773 1808 809 et

417 849 437 872 »
473 847 563 875 non
588 829 886 890 profanabunt
909 846 1070 875 nomen
1098 841 1295 876 sanctum
1325 848 1492 887 meum,
1530 843 1692 893 quanta
1726 835 1806 894 ipsi

418 921 438 944 »
473 901 878 950 sanctificantmihi.
895 905 989 961 Ego
1011 903 1235 947 Dominus.
1257 904 1441 948 Etdices
1458 903 1564 949 illis:
1584 908 1635 948 In
1654 921 1808 964 proge-

418 992 438 1014 »
474 973 563 1017 nies
586 983 747 1018 vestras
770 973 910 1017 omnis
927 974 1060 1018 homo
1080 975 1346 1035 quicumque
1370 975 1592 1020 accesserit
1613 976 1667 1019 ab
1685 976 1806 1020 omni

418 1064 437 1085 »
473 1045 635 1088 semine
662 1054 806 1089 vestro
837 1044 893 1088 ad
925 1054 1098 1097 saneta,
1131 1061 1421 1106 quaecumque
1444 1047 1806 1093 sanctificaverint

415 1135 434 1157 »
470 1115 544 1159 {ilii
563 1115 692 1160 Israel
709 1115 913 1170 Domino,
936 1125 979 1160 et
1001 1116 1082 1159 erit
1102 1116 1379 1160 immunditia
1393 1118 1482 1177 ejus
1496 1117 1539 1160 in
1556 1116 1654 1175 111ος
1670 1127 1805 1162 exter-

417 1256 571 1302 Ablata
602 1267 665 1301 cst
700 1257 839 1302 omnis
878 1257 1124 1312 dubitatio,
1163 1258 1382 1302 neminem
1418 1262 1691 1303 sacerdotum
1734 1255 1827 1303 vel¹

413 1344 682 1374 summorum
705 1329 775 1373 vel
798 1329 1092 1373 secundorum
1111 1328 1312 1373 debuisse
1334 1329 1537 1374 accedere
1559 1329 1614 1374 ad
1636 1340 1798 1386 sancta,

413 1400 447 1444 si
475 1398 750 1443 immunditia
784 1399 875 1458 ejus
908 1397 954 1442 in
984 1399 1077 1458 ipso
1107 1408 1229 1442 essct.
1273 1402 1377 1444 Erat
1406 1415 1508 1459 ergo
1531 1416 1801 1460 consequens

411 1470 678 1516 continentia
710 1468 966 1524 sacerdotis,
1005 1485 1060 1512 ne
1098 1478 1273 1528 propter
1311 1469 1501 1513 filiorum
1533 1471 1815 1529 procreatio-⁶

413 1558 514 1587 nem
533 1541 750 1602 aliquibus
767 1540 921 1585 diebus
943 1556 1033 1585 non
1052 1540 1348 1599 imponeretur
1370 1541 1705 1586 continuationis
1730 1543 1799 1587 in-

413 1630 613 1669 censum,
639 1612 760 1674 quod
783 1628 806 1657 a
829 1612 927 1657 solis
949 1611 1127 1656 summis
1142 1610 1438 1656 sacerdotibus
1462 1612 1588 1656 bisin
1606 1612 1676 1657 die
1692 1612 1800 1658 5016-
1819 1621 1821 1627 “
1852 1633 1858 1653 i

413 1685 489 1729 bat
505 1685 711 1744 imponi&
729 1698 856 1727 mane
869 1691 912 1726 et
926 1697 1122 1741 vespera,
1141 1680 1500 1742 quandoquidem
1519 1692 1616 1742 post
1632 1686 1797 1727 co'i'tum

411 1754 684 1816 conjugalem
707 1754 835 1797 etiam
858 1751 949 1796 loto
972 1767 1151 1810 corpore
1180 1751 1431 1795 immundus
1463 1760 1553 1796 erat
1582 1767 1719 1812 usque
1743 1751 1798 1797 ad

411 1841 633 1887 vesperam
649 1827 681 1880 4,
705 1841 726 1869 a
745 1840 833 1884 quo
849 1822 895 1867 id
910 1837 1080 1866 11666556
1098 1821 1379 1880 eratimponi.
1397 1821 1527 1874 Quod
1549 1831 1693 1866 autem
1710 1823 1767 1867 ait
1784 1842 1792 1867 :
1815 1871 1818 1890 1

414 1917 434 1939 «
469 1899 578 1949 Quae
601 1895 874 1940 sanctificant
895 1892 972 1936 filii
996 1891 1125 1936 Isra'e'l
1144 1927 1154 1947 ,
1182 1910 1201 1932 n
1223 1890 1556 1950 intelligendum
1573 1901 1636 1936 est
1652 1928 1662 1947 ‚
1684 1893 1795 1936 offe-
1814 1916 1818 1979 1

411 1973 546 2017 rendo
578 1969 874 2016 sacerdotibus
902 1967 1178 2013 offerendum
1215 1982 1291 2026 per
1313 1982 1384 2010 eos
1407 1966 1606 2011 Domino.
1640 1970 1695 2011 Et
1721 1983 1797 2011 110-
1851 1989 1855 2008 1

413 2043 592 2087 tandum
626 2039 975 2086 sanctificationis
1009 2053 1169 2096 genus,
1211 2037 1331 2098 quod
1371 2037 1420 2081 fit
1447 2046 1547 2081 voto
1583 2046 1626 2081 ct
1657 2036 1794 2082 devo-

407 2254 506 2299 dem
528 2254 660 2299 modo
682 2269 725 2298 se
748 2253 860 2312 ipsos
879 2251 1143 2295 sanctificare
1161 2248 1378 2303 dicantur,
1404 2263 1504 2292 cum
1522 2248 1567 2291 in
1585 2247 1728 2307 aliqua
1746 2261 1812 2293 re¹
1846 2272 1850 2292 1

409 2341 454 2371 56
477 2327 591 2387 ipsos
606 2333 766 2371 vovent
781 2359 792 2379 ⁷
813 2320 1131 2368 observandum
1154 2328 1216 2363 est
1236 2319 1281 2363 in
1305 2318 1552 2378 Scripturis.

455 2432 463 2448 ¹
485 2425 557 2457 Act.
578 2433 609 2455 x.
626 2439 667 2445 —-
683 2429 695 2444 2
715 2420 818 2454 Levit.
837 2429 916 2460 xxii,
942 2418 1012 2450 1-3.
1029 2434 1070 2440 —-
1090 2414 1102 2439 3
1122 2416 1221 2450 Exod.
1236 2426 1312 2457 xxx,
1335 2426 1365 2457 7.
1385 2412 1454 2444 -4
1475 2414 1579 2447 Levit.
1600 2425 1654 2456 xv,
1678 2414 1729 2446 16.
