1872 3267
347 221 617 257 QcAEsTIONEs
652 222 698 249 m
730 221 941 259 GENE51M‚
979 222 1061 249 uu.
1098 223 1127 249 1.
1356 210 1436 250 153

47 288 122 332 tati
143 296 259 333 sunt.
290 288 469 347 Proprie
500 296 645 332 autem
677 296 836 328 ἄπλασκς
869 302 956 331 non
983 288 1135 345 fictus,
1160 287 1281 332 unde
1303 285 1436 349 aliqui

47 358 169 402 latini
191 358 468 418 interpretes,
496 358 586 401 sine
609 356 733 411 dolo,
760 357 1031 417 interpretati
1057 367 1160 402 sunt
1176 393 1186 413 ,
1214 358 1407 403 dicentes
1424 394 1435 414 ,

51 445 71 471 «
105 431 210 473 Erat
226 429 362 473 Jacob
380 429 470 472 sine
497 427 600 472 dolo
621 428 821 472 habitans
847 429 892 473 in
914 430 1070 474 domo:
1094 448 1114 470 »
1135 439 1186 473 ut
1207 444 1362 487 magna
1385 430 1440 475 sit

48 500 254 561 quaestio,
290 498 512 560 quomodo
547 515 623 558 per
657 498 808 543 dolum
841 500 1054 559 acceperit
1086 499 1438 544 benedictionem

46 571 122 632 qui
142 580 233 614 erat
254 570 345 614 sine
368 570 485 615 dolo.
510 569 595 615 Sed
618 571 669 614 ad
690 570 1020 629 significandum
1043 586 1249 630 magnum
1271 570 1439 631 aliquid

48 642 130 686 hoc
160 641 378 700 Scriptura
402 641 624 700 praemisit.
659 642 771 685 Hinc
801 641 917 685 enim
950 641 1134 685 maxime
1161 641 1359 700 cogimur
1383 641 1439 685 ad

48 711 329 770 intelligenda
355 711 431 756 illo
460 711 557 756 loco
591 712 825 772 spiritalia,
859 712 960 773 quia
990 713 1081 756 sine
1113 711 1215 756 dolo
1243 721 1334 756 erat
1363 713 1439 772 qui

48 781 198 827 dolum
226 781 340 826 fecit.
367 781 492 826 Unde
516 782 622 843 quid
651 783 931 838 sentiremus,
958 783 1002 828 in
1023 798 1221 829 sermone
1245 782 1437 844 quodam

49 851 102 896 ad
122 852 337 912 populum
359 852 509 898 habito
527 854 627 897 satis
652 853 837 898 diximus
854 856 883 898 ¹.

532 952 769 1002 QUAESTIO
802 954 954 992 LXXV.

108 1054 158 1096 IN
201 1067 252 1097 eo
293 1053 413 1114 quod
437 1054 647 1113 scriptum
684 1063 768 1106 est,
813 1057 990 1098 «Facta
1028 1062 1092 1098 est
1126 1062 1272 1098 autem
1307 1054 1441 1099 fames

51 1142 72 1165 »
107 1139 236 1183 super
269 1133 458 1179 terram,
495 1134 653 1185 praeter
686 1123 845 1168 famem
876 1141 975 1185 quae
1009 1135 1110 1169 ante
1146 1125 1260 1170 facta
1301 1135 1364 1171 est
1395 1127 1441 1170 in

51 1212 71 1236 »ι
109 1204 301 1254 tempore
338 1196 593 1240 Abraham:
629 1195 733 1239 abiit
771 1204 917 1239 autem
951 1199 1068 1241 Isaac
1104 1197 1158 1240 ad
1186 1197 1439 1242 Abimelech

51 1283 73 1306 »
108 1281 253 1324 regem
268 1265 652 1310 Philistinorumin
666 1267 871 1311 Gerara2:
888 1285 907 1307 »
929 1268 1143 1327 quaeritur
1160 1269 1244 1313 hoc
1262 1267 1441 1328 quando

48 1335 101 1379 sit
131 1336 317 1390 sactum,
349 1345 498 1379 utrum
532 1345 817 1396 posteaquam
849 1339 963 1381 Esaii
996 1337 1194 1382 vendidit
1221 1339 1442 1398 primoge-

48 1406 138 1451 nita
168 1422 245 1450 sua
275 1407 373 1451 cibo
395 1405 643 1463 lenticulae,
677 1416 776 1466 post
809 1406 928 1452 illam
962 1408 1125 1468 quippe
1148 1409 1441 1454 narrationem

49 1476 132 1520 hoc
162 1477 323 1520 narrari
348 1477 526 1536 incipit:
556 1493 634 1531 an,
660 1487 709 1521 ut
738 1478 830 1520 fieri
853 1478 963 1522 solet
979 1514 989 1534 ,
1014 1495 1092 1538 per
1113 1479 1442 1540 recapitulatio-

49 1561 149 1591 nem
181 1556 377 1591 narrator
395 1547 450 1590 ad
475 1563 524 1592 ea
549 1563 743 1592 reversus
770 1549 844 1604 sit,
871 1564 968 1593 cum
999 1566 1247 1608 progressus
1270 1551 1324 1595 de
1346 1551 1446 1595 filiis

50 1618 140 1677 ejus
157 1616 212 1660 ad
234 1632 333 1661 eum
356 1616 504 1662 locum
526 1619 810 1677 pervenisset,
836 1620 911 1679 qui
936 1619 989 1663 de
1011 1619 1224 1664 lenticula
1247 1636 1442 1665 comme-

50 1697 241 1732 moratus
255 1697 331 1732 est.
355 1691 502 1732 Movet
517 1698 678 1743 autem,
696 1689 798 1749 quia
810 1690 901 1749 ipse
923 1690 1144 1734 invenitur
1164 1691 1416 1736 Ahimelech
1429 1728 1440 1747 ,

51 1758 127 1818 qui
149 1758 278 1802 etiam
304 1761 451 1803 Saram
469 1760 795 1819 concupiverat.
823 1761 962 1820 Ipsius
984 1761 1099 1805 enim
1117 1764 1444 1822 paranymphus

12 1860 13 1865 η
51 1837 95 1872 et
114 1828 314 1887 princeps
334 1827 522 1883 militiae,
549 1831 625 1888 qui
646 1830 708 1871 ibi
724 1832 1052 1875 commemorati
1076 1842 1201 1888 sunt,
1221 1833 1351 1876 etiam
1373 1834 1446 1877 hie

52 1907 468 1953 commemorantur,
508 1908 657 1942 utrum
692 1898 758 1942 vel
794 1898 939 1942 vivere
974 1903 1212 1959 potuerint.
1258 1904 1446 1956 Quando

54 1969 167 2012 enim
185 1968 324 2012 factus
336 1978 399 2012 est
416 1968 579 2012 amicus
598 1968 786 2012 Abrahae
800 2004 810 2024 ,
832 1968 1030 2013 nondum
1054 1980 1180 2014 natus
1196 1982 1287 2015 erat
1302 1975 1442 2026 Isaac,

54 2037 127 2082 sed
140 2040 227 2098 jam
242 2039 491 2097 promissus.
516 2042 733 2083 Ponamus
746 2049 846 2083 ante
862 2056 1025 2084 annum
1043 2057 1172 2101 quarn
1196 2052 1447 2087 nasceretur

55 2111 170 2152 Isaac
186 2144 196 2163 ,
221 2107 333 2153 illud
351 2108 480 2153 fuisse
498 2108 662 2154 factum
679 2130 686 2153 :
711 2109 870 2153 deinde
886 2114 1003 2154 Isaac
1019 2113 1208 2172 suscepit
1222 2112 1331 2158 filios
1345 2129 1445 2157 cum

57 2188 165 2222 esset
189 2195 403 2224 annorum
423 2181 640 2238 sexaginta
657 2202 668 2238 3
687 2180 746 2224 illi
763 2189 908 2225 autem
921 2183 1104 2242 juvenes
1124 2193 1248 2228 erant
1266 2185 1446 2244 quando

56 2248 250 2293 vendidit
270 2251 385 2295 Esaii
397 2250 684 2309 primogenita
699 2267 775 2295 sua
793 2272 800 2296 :
826 2268 1041 2311 ponamus
1060 2255 1191 2298 etiam
1207 2255 1318 2314 ipsos
1333 2256 1446 2300 circa

57 2318 204 2377 viginti
225 2336 360 2364 annos
383 2319 534 2378 fuisse,
556 2321 783 2365 fiuntanni
807 2323 943 2367 aetatis
970 2326 1085 2367 Isaac
1108 2340 1247 2385 usque
1269 2324 1324 2368 ad
1337 2324 1447 2369 illud

59 2388 220 2432 factum
256 2390 446 2434 filiorum
478 2393 590 2451 ejus,
624 2392 792 2435 circiter
835 2394 1057 2451 octoginta
1084 2413 1092 2438 :
1125 2394 1444 2438 adolescentem

60 2460 316 2519 accipiamus
340 2461 468 2506 fuisse
490 2462 744 2506 Abimelech
758 2499 768 2519 ,
795 2463 973 2524 quando
995 2475 1176 2509 matrem
1195 2466 1326 2525 ipsius
1341 2482 1446 2511 con-

107 2560 114 2576 ¹
137 2556 236 2587 Serui.
261 2566 352 2596 niv,
381 2555 422 2587 de
439 2557 600 2589 Diversis.
624 2574 664 2579 —
680 2564 692 2579 ²
709 2560 787 2591 Gen.
814 2570 902 2598 x'xw,
929 2571 954 2591 1.
